Quarters,Year,Quarter,FillingDate,Date,NetIncome,Revenue,OperatingIncome,EPSDiluted,GrossProfit,GrossProfitRatio,TotalAssets,CommonStockEquity,CurrentAssets,CurrentLiability,TotalLiability,Inventory,RetainedEarnings,MarketCap,EnterpriseValue,bookValuePerShare,currentRatio,debtToAssets,debtToEquity,roic,shareholdersEquityPerShare,roe,priceToSalesRatio,peRatio,pbRatio,payoutRatio,inventoryTurnover,dividendYield,assetTurnover,quickRatio,returnOnAssets,priceToFreeCashFlowsRatio,grossProfitMargin,epsdilutedGrowth,fiveYNetIncomeGrowthPerShare,fiveYRevenueGrowthPerShare,fiveYShareholdersEquityGrowthPerShare,grossProfitGrowth,netIncomeGrowth,operatingIncomeGrowth,threeYNetIncomeGrowthPerShare,threeYRevenueGrowthPerShare,threeYShareholdersEquityGrowthPerShare,Industry,Sector,Symbol
2019Q2,2019,Q2,2019-05-31,2019-05-31,0.0,0.0,0.0,0.0,0.0,0.0,291042976.0,207179202.0,0.0,0.0,83863774.0,0.0,15141275.0,0.0,-8390.0,0.0,0.0,0.0,0.0,,0.0,0.0,0.0,0.0,0.0,0.0,0.0,,0.0,0.0,0.0,0.0,0.0,0.0,0.0,0.0,0.0,0.0,0.0,0.0,0.0,0.0,0.0,Asset Management,Financial Services,FMN
2018Q2,2018,Q2,2018-05-31,2018-05-31,0.0,0.0,0.0,0.0,0.0,0.0,285532227.0,202883745.0,0.0,0.0,82648482.0,0.0,41900.0,0.0,-25807.0,0.0,0.0,0.0,0.0,,0.0,0.0,0.0,0.0,0.0,0.0,0.0,,0.0,0.0,0.0,0.0,0.0,0.0,0.0,0.0,0.0,0.0,0.0,0.0,0.0,0.0,0.0,Asset Management,Financial Services,FMN
2022Q4,2022,Q4,2022-11-30,2022-11-30,,,,,,,233063061.0,141704812.0,3574789.0,2635869.0,91358249.0,0.0,-17100532.0,0.0,-82397.0,0.0,1.3562089011252076,0.0,0.0,,0.0,,0.0,0.0,0.0,0.0,0.0,,,1.3562089011252076,,0.0,0.0,0.0,0.0,0.0,0.0,0.0,0.0,0.0,0.0,0.0,0.0,Asset Management,Financial Services,FMN
2022Q2,2022,Q2,2022-05-31,2022-05-31,,,,,,,266508931.0,152026426.0,3593227.0,780279.0,114482505.0,0.0,-6778918.0,0.0,-142108.0,0.0,4.605054089626916,0.0,0.0,,0.0,,0.0,0.0,0.0,0.0,0.0,,,4.605054089626916,,0.0,0.0,0.0,0.0,0.0,0.0,0.0,0.0,0.0,0.0,0.0,0.0,Asset Management,Financial Services,FMN
2021Q2,2021,Q2,2021-05-31,2021-05-31,,,,,,,300294433.0,182990519.0,0.0,0.0,117303914.0,0.0,23030990.0,0.0,-45808.0,0.0,0.0,0.0,0.0,,0.0,,0.0,0.0,0.0,0.0,0.0,,,0.0,,0.0,0.0,0.0,0.0,0.0,0.0,0.0,0.0,0.0,0.0,0.0,0.0,Asset Management,Financial Services,FMN
2020Q4,2020,Q4,2020-11-30,2020-11-30,,,,,,,293720203.0,179305309.0,0.0,0.0,114414894.0,0.0,19345780.0,0.0,-40451.0,0.0,0.0,0.0,0.0,,0.0,,0.0,0.0,0.0,0.0,0.0,,,0.0,,0.0,0.0,0.0,0.0,0.0,0.0,0.0,0.0,0.0,0.0,0.0,0.0,Asset Management,Financial Services,FMN
2020Q2,2020,Q2,2020-05-31,2020-05-31,,,,,,,287243574.0,170211362.0,0.0,0.0,117032212.0,0.0,10251833.0,0.0,-66196.0,0.0,0.0,0.0,0.0,,0.0,,0.0,0.0,0.0,0.0,0.0,,,0.0,,0.0,0.0,0.0,0.0,0.0,0.0,0.0,0.0,0.0,0.0,0.0,0.0,Asset Management,Financial Services,FMN
2019Q4,2019,Q4,2019-11-30,2019-11-30,,,,,,,292198148.0,177666077.0,0.0,0.0,114532071.0,0.0,17706548.0,0.0,-13809.0,0.0,0.0,0.0,0.0,,0.0,,0.0,0.0,0.0,0.0,0.0,,,0.0,,0.0,0.0,0.0,0.0,0.0,0.0,0.0,0.0,0.0,0.0,0.0,0.0,Asset Management,Financial Services,FMN
2018Q4,2018,Q4,2018-11-30,2018-11-30,,,,,,,283579158.0,197581583.0,0.0,0.0,85997575.0,0.0,5543656.0,0.0,-127453.0,0.0,0.0,0.0,0.0,,0.0,,0.0,0.0,0.0,0.0,0.0,,,0.0,,0.0,0.0,0.0,0.0,0.0,0.0,0.0,0.0,0.0,0.0,0.0,0.0,Asset Management,Financial Services,FMN
