Quarters,Year,Quarter,FillingDate,Date,NetIncome,Revenue,OperatingIncome,EPSDiluted,GrossProfit,GrossProfitRatio,TotalAssets,CommonStockEquity,CurrentAssets,CurrentLiability,TotalLiability,Inventory,RetainedEarnings,MarketCap,EnterpriseValue,bookValuePerShare,currentRatio,debtToAssets,debtToEquity,roic,shareholdersEquityPerShare,roe,priceToSalesRatio,peRatio,pbRatio,payoutRatio,inventoryTurnover,dividendYield,assetTurnover,quickRatio,returnOnAssets,priceToFreeCashFlowsRatio,grossProfitMargin,epsdilutedGrowth,fiveYNetIncomeGrowthPerShare,fiveYRevenueGrowthPerShare,fiveYShareholdersEquityGrowthPerShare,grossProfitGrowth,netIncomeGrowth,operatingIncomeGrowth,threeYNetIncomeGrowthPerShare,threeYRevenueGrowthPerShare,threeYShareholdersEquityGrowthPerShare,Industry,Sector,Symbol
2023Q1,2023,Q1,2023-04-26,2023-03-31,37000000.0,415000000.0,35000000.0,0.52,305000000.0,0.734939759,12657000000.0,3986000000.0,2537000000.0,5484000000.0,8671000000.0,0.0,3839000000.0,2827257760.0,7902257760.0,57.761418965916995,0.462618526622903,0.44315398593663585,1.4071751128951329,0.0038561750911933297,57.761418965916995,0.009282488710486703,6.812669301204819,19.10309297297297,0.709296979427998,0.0,0.0,0.0,0.03278818045350399,0.2675054704595186,0.002923283558505175,68.95750634146341,0.7349397590361446,51.0,2.622140910939145,45.17212865965474,0.6490962048764789,0.04452054794520548,36.0,-0.8684393524209039,1.2916539869773553,0.9768730285884901,1.5500131749760022,Mortgage Finance,Financial Services,COOP
2022Q4,2022,Q4,2023-02-16,2022-12-31,1000000.0,395000000.0,266037000.0,0.01,292000000.0,0.7392405063,12776000000.0,4057000000.0,2614000000.0,5518000000.0,8719000000.0,0.0,3802000000.0,2805087000.0,7836087000.0,58.04005722460658,0.47372236317506344,0.4350344395742016,1.369977816120286,-0.002766895475819035,58.04005722460658,0.00024648755237860487,7.101486075949367,701.27175,0.6914190288390437,0.0,0.0,0.0,0.030917345021916093,0.28017397607828926,7.827175954915466e-05,9.947117021276595,0.739240506329114,-0.9935483870967742,1.026867290003859,95.03895614424547,0.6412910595719526,-0.0457516339869281,-0.9911504424778761,0.5377861271676301,-0.9971849634003528,-0.30428652901828857,1.369058876992734,Mortgage Finance,Financial Services,COOP
2022Q3,2022,Q3,2022-10-26,2022-09-30,113000000.0,593000000.0,173000000.0,1.55,306000000.0,0.5160202361,12815000000.0,4105000000.0,3090000000.0,5498000000.0,8710000000.0,0.0,3801000000.0,2882587500.0,8095587500.0,57.674745345978224,0.5620225536558748,0.4481467030823254,1.3990255785627284,0.012974334060729627,57.674745345978224,0.027527405602923265,4.861024451939292,6.377405973451328,0.7022137637028014,0.0,0.0,0.0,0.046273897776043696,0.24754456165878502,0.008817791650409676,6.391546563192905,0.5160202360876898,-0.23645320197044326,-0.30195817834314653,2.4404181990670524,0.35632153601659294,-0.08656716417910448,-0.25165562913907286,-0.1761904761904762,0.7214511515881379,0.22789650833273656,1.9745276365298394,Mortgage Finance,Financial Services,COOP
2022Q2,2022,Q2,2022-07-27,2022-06-30,151000000.0,649000000.0,210000000.0,2.03,335000000.0,0.5161787365,12895000000.0,4036000000.0,3593000000.0,5630000000.0,8858000000.0,0.0,3688000000.0,2671328660.0,8236328660.0,55.50894662283899,0.6381882770870337,0.4714230321830167,1.5061942517343905,0.015292429740906404,55.50894662283899,0.037413280475718534,4.116068813559322,4.422729569536424,0.6618752874132805,0.0,0.0,0.0,0.050329585110507946,0.2497335701598579,0.011709965102753005,1.8246780464480874,0.5161787365177196,-0.7636786961583237,2.644549844691341,73.17537674180204,0.3701029278583347,-0.6588594704684317,-0.770516717325228,-0.6682464454976303,3.173544580087241,1.0369607400200151,2.015699060737459,Mortgage Finance,Financial Services,COOP
2022Q1,2022,Q1,2022-04-28,2022-03-31,658000000.0,1088000000.0,633000000.0,8.59,982000000.0,0.9025735294,14490000000.0,3977000000.0,5346000000.0,6998000000.0,10513000000.0,0.0,3537000000.0,3373368880.0,10259368880.0,53.84219646918661,0.7639325521577593,0.5151828847481021,1.877042997234096,0.04203487576462553,53.84219646918661,0.16545134523510183,3.100522867647059,1.2816751063829788,0.8482194820216244,0.0,0.0,0.0,0.07508626639061422,0.23192340668762504,0.04541062801932367,-80.31830666666667,0.9025735294117647,2.9045454545454543,7.447349694470491,11.631957329512169,0.279614555524876,1.1255411255411256,2.8705882352941177,0.9123867069486404,5.350106385580474,4.351503519982671,1.7817855636537439,Mortgage Finance,Financial Services,COOP
2021Q4,2021,Q4,2022-02-17,2021-12-31,170000000.0,693000000.0,331000000.0,2.2,462000000.0,0.6666666667,14203000000.0,3366000000.0,6650000000.0,7389000000.0,10837000000.0,0.0,2879000000.0,3104106000.0,9876106000.0,45.120643431635386,0.8999864663689268,0.539815531929874,2.2777777777777777,0.022078589104783247,45.120643431635386,0.050505050505050504,4.479229437229438,4.564861764705882,0.9221942959001783,0.0,0.0,0.0,0.04879250862493839,0.11638922722966571,0.011969302260085897,1.0692752325180848,0.6666666666666666,-0.33130699088145893,-0.7261799590550587,0.11837825172141708,0.09301787653649375,-0.31555555555555553,-0.431438127090301,-0.3683206106870229,0.0,0.0,1.1100290184796082,Mortgage Finance,Financial Services,COOP
2021Q3,2021,Q3,2021-10-28,2021-09-30,299000000.0,926000000.0,524000000.0,3.29,675000000.0,0.7289416846652268,21661000000.0,3259000000.0,13419000000.0,15483000000.0,18401000000.0,0.0,2724000000.0,3250124480.0,16194124480.0,41.282428050263476,0.8666925014532068,0.6313189603434745,4.196072414851181,0.023170376152028705,41.282428050263476,0.0917459343356858,3.5098536501079916,2.717495384615385,0.9972766124578092,0.0,0.0,0.0,0.04274964221411754,0.28754117419104824,0.013803610174968837,-3.705957217787913,0.7289416846652268,-0.32164948453608244,4.8368038165362846,153.0381051097225,0.24238004988978845,0.9396551724137931,-0.31890660592255127,1.62,0.0,0.0,0.803871234687919,Mortgage Finance,Financial Services,COOP
2021Q2,2021,Q2,2021-07-29,2021-06-30,439000000.0,625000000.0,200000000.0,4.85,348000000.0,0.5568,23308000000.0,3349000000.0,13562000000.0,16995000000.0,19958000000.0,0.0,2434000000.0,2847854520.0,15515854520.0,38.87766710779875,0.7979994115916446,0.5742234425948173,3.9964168408480143,0.00900121221243156,38.87766710779875,0.13108390564347566,4.556567232,1.6217850341685651,0.8503596655718125,0.0,0.0,0.0,0.026814827527029347,0.3299205648720212,0.01883473485498541,-14.383103636363636,0.5568,-0.18074324324324328,2.8346737917231044,4.014938096393021,0.12779934692435396,-0.6456211812627292,-0.21746880570409982,-0.7745208568207441,44.843305135496784,39.41157671656106,0.13208849461142863,Mortgage Finance,Financial Services,COOP
2021Q1,2021,Q1,2021-04-29,2021-03-31,561000000.0,1267000000.0,887000000.0,5.92,982000000.0,0.7750591949486977,24713000000.0,2903000000.0,13215000000.0,14519000000.0,21809000000.0,0.0,1995000000.0,3109560080.0,16147560080.0,32.4509825840059,0.9101866519732764,0.5548496742605107,4.723389596968653,0.04113909713518501,32.4509825840059,0.1932483637616259,2.4542699921073403,1.3857219607843136,1.0711540062004823,0.0,0.0,0.0,0.05126856310443896,0.39403540188718233,0.022700602921539272,-19.556981635220126,0.7750591949486977,1.96,0.900874618079528,3.1476882212743407,-0.029813543244063528,0.5015290519877675,1.9371727748691099,0.774,19.972736319550727,107.73983549415775,-0.07352012499253077,Mortgage Finance,Financial Services,COOP
2020Q4,2020,Q4,2021-02-23,2020-12-31,191000000.0,953000000.0,500000000.0,2.0,654000000.0,0.6862539349422875,24165000000.0,2503000000.0,12826000000.0,14155000000.0,21661000000.0,0.0,1434000000.0,2798906000.0,15405906000.0,27.749445676274945,0.9061109148710703,0.5504655493482309,5.3144226927686775,0.02446312408183235,27.749445676274945,0.07630842988413904,2.9369422875131166,3.6634895287958114,1.118220535357571,0.0,0.0,0.0,0.039437202565694184,0.417732250088308,0.007903993378853714,-1.6942530266343825,0.6862539349422875,-0.08256880733944962,2.541420370306748,12.99919345636284,-0.08738869682268743,0.09547738693467336,-0.0861244019138756,0.006036217303822937,4.976746143154318,176.822415781023,-0.21528476582482609,Mortgage Finance,Financial Services,COOP
2020Q3,2020,Q3,2020-10-29,2020-09-30,209000000.0,872000000.0,497000000.0,2.18,597000000.0,0.6846330275229358,21755000000.0,2340000000.0,5737000000.0,11441000000.0,19414000000.0,0.0,1243000000.0,2046342240.0,12833342240.0,25.523003424881654,0.5014421816274801,0.5393242932659159,5.014102564102564,0.026895347164113508,25.523003424881654,0.08931623931623932,2.346722752293578,2.4477777990430623,0.8745052307692308,0.0,0.0,0.0,0.040082739600091934,0.08268507997552661,0.00960698689956332,-9.607240563380282,0.6846330275229358,1.8311688311688312,10.790214193719587,13.68625815318165,-0.15146902059127668,0.56282722513089,1.8630136986301369,0.7317073170731707,0.0022883513669843935,2.927502092113336,-0.39978236572472026,Mortgage Finance,Financial Services,COOP
2020Q2,2020,Q2,2020-07-30,2020-06-30,73000000.0,630000000.0,287000000.0,0.77,382000000.0,0.6063492063492063,17300000000.0,2149000000.0,6452000000.0,4980000000.0,15155000000.0,0.0,1034000000.0,1144442680.0,12917442680.0,23.35945737361001,1.295582329317269,0.7406936416184972,5.962773382968822,0.012626865311829511,23.35945737361001,0.03396928804094928,1.8165756825396826,3.9193242465753424,0.5325466170311772,0.0,0.0,0.0,0.03641618497109827,0.46546184738955826,0.004219653179190751,0.8553383258594918,0.6063492063492063,1.4184782608695654,1.1816719420756232,77.37455569203344,-0.23614721493871044,10.9375,1.4345238095238095,6.979166666666667,1.6283584506469568,55.90758028398564,-0.4234287824226746,Mortgage Finance,Financial Services,COOP
2020Q1,2020,Q1,2020-04-30,2020-03-31,-168000000.0,278000000.0,-48000000.0,-1.84,32000000.0,0.11510791366906475,17613000000.0,2070000000.0,6063000000.0,5595000000.0,15547000000.0,0.0,961000000.0,669852050.0,12802852050.0,22.651419817256663,1.0836461126005361,0.7217396241412593,6.141062801932367,-0.0023038234543710755,22.651419817256663,-0.08115942028985507,2.4095397482014387,-0.9968036458333334,0.3236000241545893,0.0,0.0,0.0,0.01578379605972861,0.21215370866845398,-0.009538409129620166,0.9982891952309985,0.11510791366906475,-1.3717171717171717,-6.601732159557912,4.549211112603841,-0.3587244864137456,-0.934156378600823,-1.3628509719222461,-1.1071428571428572,-2.7432584038277197,1.6088220523465098,-0.46166597200294107,Mortgage Finance,Financial Services,COOP
2019Q4,2019,Q4,2020-02-28,2019-12-31,463000000.0,740000000.0,448000000.0,4.95,486000000.0,0.6567567567567567,18305000000.0,2232000000.0,12642000000.0,5622000000.0,16074000000.0,0.0,1122000000.0,1139723550.0,14019723550.0,24.499204214916855,2.248665955176094,0.7216061185468451,5.918010752688172,0.055247389145694235,24.499204214916855,0.20743727598566308,1.5401669594594594,0.6154014848812095,0.5106288306451613,0.0,0.0,0.0,0.04042611308385687,1.2974030594094628,0.02529363561868342,1.8206446485623002,0.6567567567567567,4.5,9.898572409425409,62.149565950682394,3.654417294959217,0.32065217391304346,4.511904761904762,0.47854785478547857,-0.3893478145623776,-0.022123941825538833,-0.4065229098872411,Mortgage Finance,Financial Services,COOP
2019Q3,2019,Q3,2019-11-01,2019-09-30,84000000.0,618000000.0,303000000.0,0.9,368000000.0,0.5954692556634305,18478000000.0,1766000000.0,13309000000.0,5985000000.0,16711000000.0,0.0,659000000.0,967269599.9999999,14537269600.0,19.389547650417217,2.2237259816207184,0.7544647689143846,7.894110985277464,0.014834472556019319,19.389547650417217,0.04756511891279728,1.5651611650485435,2.878778571428571,0.5477177802944506,0.0,0.0,0.0,0.03344517804957246,1.320969089390142,0.004545946531009849,-30.227174999999995,0.5954692556634305,1.9375,12.8921135240344,52.7870702851474,2.3277262480501166,1.2857142857142858,1.9655172413793103,3.391304347826087,1.934272997584607,88.10493583744802,-0.4164784312604881,Mortgage Finance,Financial Services,COOP
2019Q2,2019,Q2,2019-08-02,2019-06-30,-87000000.0,399000000.0,69000000.0,-0.96,161000000.0,0.40350877192982454,18405000000.0,1676000000.0,12940000000.0,5303000000.0,16727000000.0,0.0,575000000.0,735716320.0,14272716320.0,18.40665978430382,2.4401282293041673,0.7488182559087204,8.223150357995227,0.0033254796807276623,18.40665978430382,-0.05190930787589499,1.843900551378446,-2.114127356321839,0.4389715513126492,0.0,0.0,0.0,0.021678891605541973,1.5719404110880633,-0.004726976365118174,-1.1622690679304897,0.40350877192982454,0.5317073170731708,-1.9239194772372465,27.45997130089953,2.12111020477266,3.6,0.532258064516129,2.169491525423729,-1.7189506477168497,2.0288263615401063,-0.4660425784747661,Mortgage Finance,Financial Services,COOP
2019Q1,2019,Q1,2019-05-08,2019-03-31,-186000000.0,250000000.0,-59000000.0,-2.05,35000000.0,0.14,17646000000.0,1758000000.0,12255000000.0,4198000000.0,15885000000.0,0.0,662000000.0,863774280.0,13933774280.0,19.355264896287487,2.9192472606002857,0.7509350561033662,7.537542662116041,-0.0031086207145635224,19.355264896287487,-0.10580204778156997,3.45509712,-1.1609869354838709,0.49133918088737205,0.0,0.0,0.0,0.014167516717669727,2.0959980943306338,-0.010540632437946278,5.957064,0.14,0.0,-9.12165894285395,12.673150583534905,2.981371745224991,0.0,0.0,0.0,-1.6207303607887544,-0.19393710438994152,-0.42133598510644404,Mortgage Finance,Financial Services,COOP
2018Q4,2018,Q4,2019-03-11,2018-12-31,0.0,0.0,0.0,0.0,0.0,0.0,16973000000.0,1942000000.0,11731000000.0,3725000000.0,15028000000.0,0.0,848000000.0,1059822720.0,13281822720.0,21.383897110641296,3.149261744966443,0.7343427797089495,6.418125643666324,,21.383897110641296,0.0,0.0,0.0,0.545737754891864,0.0,0.0,0.0,0.0,2.370201342281879,0.0,1.276894843373494,0.0,-1.0,-1.0,-1.0,4.485139192058378,0.0,0.0,0.0,-1.0,-1.0,-0.29673599837574777,Mortgage Finance,Financial Services,COOP
2018Q3,2018,Q3,2018-11-09,2018-09-30,0.0,0.0,0.0,11.134361,0.0,0.0,17728000000.0,2078000000.0,12665000000.0,4579000000.0,15650000000.0,0.0,984000000.0,1503647892.640001,14642647892.640001,22.88546280710862,2.765887748416685,0.752312725631769,6.4181905678537055,,22.88546280710862,0.0,0.0,0.0,0.7236034132050054,0.0,0.0,0.0,0.0,2.1321249181043895,0.0,0.677318870558559,0.0,93.78634166666666,1.0,-1.0,5.644719894425282,0.0,1.0,0.0,1.0,-1.0,-0.23915599403921523,Mortgage Finance,Financial Services,COOP
2018Q2,2018,Q2,2018-07-27,2018-06-30,-1996000.0,3083000.0,0.0,-0.12,0.0,0.0,610563000.0,589704000.0,29106000.0,0.0,20859000.0,0.0,72839000.0,276121547.03999996,247063547.03999996,34.34154422807988,0.0,0.0,0.0,0.0,34.34154422807988,-0.003384748958799669,89.56261662017515,-34.58436210420842,0.4682375344918806,0.0,0.0,0.0,0.005049437977735304,0.0,-0.0032691139161724505,-113.86455548041235,0.0,0.6666675925900206,0.21859228917413717,8.931411303600216,8.856305920069996,0.0,0.6424861185742432,0.0,0.9733875445488956,1.0547901674251028,0.12296633360838863,Mortgage Finance,Financial Services,COOP
2018Q1,2018,Q1,2018-05-10,2018-03-31,-5583000.0,2200000.0,0.0,-0.360001,0.0,0.0,608925000.0,591624000.0,27951000.0,0.0,17301000.0,0.0,87768000.0,287821702.650944,259931702.650944,35.02610629696007,0.0,0.0,0.0,0.0,35.02610629696007,-0.009436736846375401,130.82804665952,-12.888308375915459,0.4864942981538004,-0.17911517105498836,0.0,0.003474373165017201,0.0036129244159789796,0.0,-0.00916861682473211,198.0878889545382,0.0,0.32390369410483216,-0.44401994337484463,-0.5268285280538308,8.63260564648499,0.0,0.3792528352234823,0.0,-2.0071674459948485,-0.7624089229389216,-0.008389562962498124,Mortgage Finance,Financial Services,COOP
2017Q4,2017,Q4,2018-03-02,2017-12-31,-8994000.0,-1015000.0,0.0,-0.53247,0.0,0.0,614121000.0,597305000.0,26768000.0,17000000.0,16816000.0,0.0,93551000.0,172287628.79999998,145578628.79999998,35.36244037041387,1.5745882352941176,0.0,0.0,0.0,35.36244037041387,-0.015057633872142373,-169.74150620689653,-4.788960106737825,0.28844163166221615,-0.5058928174338447,0.0,0.026409325101814856,-0.0016527687540403276,1.5711176470588235,-0.014645322338757346,37.757534253780406,0.0,-1.7395385852558949,0.1079276336073961,-1.06427547574841,8.211494682437154,0.0,-1.234151675301346,0.0,0.06764668064606114,-1.4671894023488286,5.7182408297083915,Mortgage Finance,Financial Services,COOP
2017Q3,2017,Q3,2017-11-09,2017-09-30,38411000.0,40898000.0,0.0,0.720003,0.0,0.0,732738000.0,718140000.0,25651000.0,15000000.0,14598000.0,0.0,107095000.0,192526688.4,166984688.4,42.52291496849951,1.7100666666666666,0.0,0.0,0.0,42.52291496849951,0.0534867853064862,4.707484189935938,1.2530700085912891,0.26809074609407635,0.11715394027752467,0.0,0.023373382866538724,0.055815311885012105,1.7028,0.052421192841097364,-137.7158,0.0,1.4615386094668865,6.153566477542954,12.480661312823994,8.577194792080999,0.0,2.8013036953667227,0.0,30.327315191767195,18.19678131411163,6.297984606733936,Mortgage Finance,Financial Services,COOP
2017Q2,2017,Q2,2017-08-09,2017-06-30,-21324000.0,2032000.0,0.0,-1.560006,0.0,0.0,717027000.0,684127000.0,36218000.0,15000000.0,32900000.0,0.0,73184000.0,253290090.0,235664090.0,40.51443544435552,2.4145333333333334,0.0256949877759136,0.026930672228986725,0.0,40.51443544435552,-0.03116965124896401,124.65063484251968,-2.969542416994935,0.37023840602695113,-0.21102982554867755,0.0,0.017766190536708325,0.002833923966600979,2.4033333333333333,-0.029739465877853973,-41.31301419018105,0.0,-7.499997916675347,-1.5751779682408218,-0.3702990621490558,8.800401889387302,0.0,-2.1987183090674014,0.0,-2.221112378362093,-0.21844894156960493,5.869797094517429,Mortgage Finance,Financial Services,COOP
2017Q1,2017,Q1,2017-05-09,2017-03-31,17789000.0,19670000.0,0.0,0.240001,0.0,0.0,747631000.0,709778000.0,21943000.0,20000000.0,37853000.0,0.0,99008000.0,293513570.4,290408570.4,42.07688654112055,1.09715,0.02490934699069461,0.026237781390801067,0.0,42.07688654112055,0.025062766104331214,14.921889700050837,4.124930721232222,0.41352869545125376,0.2529653156444994,0.0,0.015331488741278317,0.026309770461631472,1.0864,0.023793823423587303,-85.05174453781513,0.0,-0.9711617974114514,44.65476992039659,15.786230610202361,0.0,0.0,-0.8732850854073768,0.0,6.212320407286826,4.7926029647114055,7.655201987650791,Mortgage Finance,Financial Services,COOP
2016Q4,2016,Q4,2017-03-14,2016-12-31,140386000.0,140115000.0,0.0,8.322328663274643,0.0,0.0,736190000.0,696349000.0,2678000.0,21000000.0,39841000.0,0.0,85719000.0,313755885.6,330241885.6,41.280791833534934,0.1275238095238095,0.025777312921935913,0.027252139372642165,0.0,41.280791833534934,0.20160293186318928,2.239274064875281,0.5587378470787686,0.4505727524560242,0.03205447836678871,0.0,0.014342360435389391,0.19032450861869898,0.11861904761904762,0.19069262011165597,-400.7099432950192,0.0,7.935244989208082,876.4320107767004,89.82991346144766,32.524915899687706,0.0,9.434124361670172,0.0,17.498363024637552,34.471704235413604,9.588850479113407,Mortgage Finance,Financial Services,COOP
2016Q3,2016,Q3,2016-11-04,2016-09-30,-16645000.0,1284000.0,0.0,-1.200005,0.0,0.0,661975000.0,560289000.0,3282000.0,82000000.0,101686000.0,0.0,-50167000.0,473476507.91999996,490217507.91999996,33.22850206257388,0.04002439024390244,0.029865176177348088,0.035285361661571084,0.0,33.22850206257388,-0.029707882896148237,368.75117439252335,-7.111392428957645,0.8450576540321156,-0.27035145689396217,0.0,0.009504167418503335,0.0019396502889081914,0.0369390243902439,-0.025144454095698477,-885.002818542056,0.0,-4.333337962950103,-21.39564769822481,0.1888089269952557,0.0,0.0,-1.7427819179793833,0.0,-17.77461118797233,-0.7079492894462897,8.64778779341765,Mortgage Finance,Financial Services,COOP
2016Q2,2016,Q2,2016-08-05,2016-06-30,22409000.0,24395000.0,0.0,0.360001,0.0,0.0,668347000.0,581259000.0,3751000.0,67000000.0,87088000.0,0.0,-29022000.0,449195644.49830097,466351644.49830097,34.47214898095382,0.05598507462686567,0.030930040832082735,0.035564180511613586,0.0,34.47214898095382,0.038552521337304024,18.413430805423282,5.011330765521676,0.7727977450642501,0.20081217368021778,0.0,0.010017906573929437,0.03650050048851869,0.052477611940298506,0.03352899018025068,-138.38436367784996,0.0,-0.7000004166649305,16.852931376776276,0.8303832379003572,0.0,0.0,-0.5965976597659766,0.0,9.934135877454622,64.91321890824003,8.893790559385899,Mortgage Finance,Financial Services,COOP
2016Q1,2016,Q1,2016-05-06,2016-03-31,55550000.0,57497000.0,0.0,1.200005,0.0,0.0,674117000.0,563205000.0,1451000.0,91000000.0,110912000.0,0.0,-46931000.0,472814690.4,492301690.4,33.44819169349566,0.015945054945054944,0.030665299940514777,0.03670421960032315,0.0,33.44819169349566,0.09863193686135599,8.223293222255073,2.1278788946894687,0.8395072671584946,0.081008100810081,0.0,0.009517470779499283,0.08529231572560846,0.013021978021978022,0.08240409305802998,-121.85945628865979,0.0,1.0069368484952324,29.997000448262057,4.280123039087366,0.0,0.0,4.517481128327374,0.0,15.412844153552305,11.405124318661194,8.198659920684415,Mortgage Finance,Financial Services,COOP
2015Q4,2015,Q4,2016-03-11,2015-12-31,10068000.0,12708000.0,0.0,0.5979286298419124,0.0,0.0,685060000.0,511991000.0,10159000.0,151000000.0,173069000.0,0.0,-97981000.0,523329080.4,535384080.4,30.406642542847692,0.06727814569536424,0.03208332116894871,0.0429284889773453,0.0,30.406642542847692,0.019664408163424747,41.181073371104816,12.99486194874851,1.0221450775501912,0.4469606674612634,0.0,0.00859879599383333,0.018550199982483286,0.06572185430463576,0.0146965229322979,-962.0019860294117,0.0,3.5679072579196807,63.89656223664436,7.252899458293686,23.693812515794086,0.0,3.569022709874968,0.0,2.001729524179321,-0.192734248813204,6.9205683533240485,Mortgage Finance,Financial Services,COOP
2015Q3,2015,Q3,2015-11-06,2015-09-30,-3919000.0,10900000.0,0.0,-0.2328466606408161,0.0,0.0,710224000.0,506255000.0,15633000.0,175000000.0,203969000.0,0.0,-103549000.0,525121569.630819,538891569.6308191,30.079047252543088,0.08933142857142858,0.04100114893329428,0.057520419551411836,0.0,30.079047252543088,-0.007741158112018647,48.17629079181826,-33.498441543175495,1.0372669299677415,-1.1482521051288594,0.0,0.008569444220628141,0.01534727072022348,0.08771428571428572,-0.005517977426839983,-1466.820026901729,0.0,0.9502466420241422,-4.282641926361761,9.11042972021729,0.0,0.0,0.9466679368017092,0.0,-1.7323574550360872,2.605092934970465,5.774533093773441,Mortgage Finance,Financial Services,COOP
2015Q2,2015,Q2,2015-08-07,2015-06-30,-73483000.0,1470000.0,0.0,-4.680019,0.0,0.0,717637000.0,514492000.0,19646000.0,174000000.0,203145000.0,0.0,-95130000.0,526923169.92,537061169.9200001,30.581098649441603,0.1129080459770115,0.041091805467109416,0.05731673184422693,0.0,30.581098649441603,-0.1428263218864433,358.451136,-1.7926703112284477,1.024162027631139,-0.06123865383830274,0.0,0.008540144478146997,0.002048389366768993,0.11121264367816092,-0.10239577948182717,21.604066007380073,0.0,-157.38638641983556,-51.10144536934424,-0.8894562145995111,0.0,0.0,-14.358116706053444,0.0,-7.906905600152669,-0.542775632228609,6.397537536840643,Mortgage Finance,Financial Services,COOP
2015Q1,2015,Q1,2015-05-08,2015-03-31,5501000.0,9189000.0,0.0,0.029926,0.0,0.0,732630000.0,592080000.0,3136000.0,111000000.0,140550000.0,0.0,-17147000.0,442520654.4,469916654.4,35.32244618320351,0.028252252252252252,0.04116812033359267,0.05094075124983111,0.0,35.32244618320351,0.009290974192676665,48.15765093046033,20.110918669332847,0.7474001053911633,0.635884384657335,0.0,0.007904715780425729,0.012542483927767085,0.02490990990990991,0.007508565032826938,-0.7294364635274065,0.0,1.0523998726831714,3.884528910369956,-0.15232114869619512,0.0,0.0,1.5746369998955396,0.0,14.58535937871454,6.891624179192815,0.0,Mortgage Finance,Financial Services,COOP
2014Q4,2014,Q4,2015-02-27,2014-12-31,-9573000.0,2156000.0,0.0,-0.5711082578567207,0.0,0.0,156139000.0,88230000.0,78485000.0,37000000.0,67909000.0,0.0,-18400000.0,412348791.6,365897791.6,5.263645836278958,2.121216216216216,0.2021147823413753,0.35767879406097697,0.0,5.263645836278958,-0.10850051003060183,191.25639684601114,-10.768536289564402,4.673566718803128,0.0,0.0,0.0,0.013808209351923607,2.1083513513513514,-0.061310755160465996,-26.040340486264604,0.0,-6.364126194059623,-59.07530713764939,0.4065084439277617,3.274706858787564,0.0,-6.369515011547344,0.0,-59.07530713764939,0.4065084439277617,3.274706858787564,Mortgage Finance,Financial Services,COOP
2014Q3,2014,Q3,2014-11-07,2014-09-30,-1299000.0,2113000.0,0.0,-0.077552752737645,0.0,0.0,168807000.0,97596000.0,7076000.0,41000000.0,71211000.0,0.0,-8827000.0,536666460.30988896,560980460.309889,5.82666547820108,0.17258536585365852,0.18162161521737843,0.3141419730316816,0.0,5.82666547820108,-0.013309971720152466,253.98318045901038,-103.28453816587547,5.498857128467241,0.0,0.0,0.0,0.01251725343143353,0.1547560975609756,-0.0076951785174785405,7.319509824193794,0.0,-1.0923243759101395,-0.7594558667457919,0.9694090531669755,0.0,0.0,-1.07499134049186,0.0,-0.7594558667457919,0.9694090531669755,0.0,Mortgage Finance,Financial Services,COOP
2014Q2,2014,Q2,2014-08-08,2014-06-30,17322000.0,2579000.0,0.0,0.840003,0.0,0.0,250449000.0,98782000.0,2744000.0,44000000.0,151667000.0,0.0,-7528000.0,568826213.690111,676440213.690111,5.897471917575095,0.062363636363636364,0.43696720689641405,1.1078739041525785,0.0,5.897471917575095,0.17535583405883662,220.56076529279218,8.209592046099052,5.758399442105961,0.0,0.0,0.0,0.01029750567979908,0.04145454545454545,0.06916378184780135,-7.852485728545549,0.0,5.1518279048269235,13.33600498998616,-0.8052031414909223,0.0,0.0,6.124852071005917,0.0,13.33600498998616,-0.8052031414909223,0.0,Mortgage Finance,Financial Services,COOP
2014Q1,2014,Q1,2014-05-09,2014-03-31,-3380000.0,3363000.0,0.0,-0.20232124723267333,0.0,0.0,274230000.0,81216000.0,5563000.0,86000000.0,193014000.0,0.0,-24850000.0,651538095.0,755670095.0,4.861456335872425,0.0646860465116279,0.3959997082740765,1.3371133766745469,0.0,4.861456335872425,-0.04161741528762805,193.7371677074041,-48.190687499999996,8.022287418735225,0.0,0.0,0.0,0.012263428508915873,0.0518953488372093,-0.012325420267658534,-34.9781550974392,0.0,-1.449707291112294,-0.7782972783082341,-0.688724903593959,0.0,0.0,-1.4497072911122937,0.0,-0.7782972783082341,-0.688724903593959,0.0,Mortgage Finance,Financial Services,COOP
2013Q4,2013,Q4,2014-03-14,2013-12-31,7516000.0,3912000.0,0.0,0.4498954124854357,0.0,0.0,267638000.0,65129000.0,11986000.0,97000000.0,202509000.0,0.0,-12015000.0,565334593.2,659993593.2,3.898514944087805,0.12356701030927834,0.39846733274049273,1.637442613889358,0.0,3.898514944087805,0.11540174115985198,144.5129328220859,18.804370449707296,8.680228365244362,0.0,0.0,0.0,0.014616758457319214,0.12356701030927834,0.02808270873343845,-18.66037078162134,0.0,9.59579687203492,48.32483677667761,1.5606300971230616,2.166058106667562,0.0,9.560364464692483,0.0,48.32483677667761,1.5606300971230616,2.166058106667562,Mortgage Finance,Financial Services,COOP
2013Q3,2013,Q3,2013-11-08,2013-09-30,-878000.0,4354000.0,0.0,-0.052339,0.0,0.0,273965000.0,57513000.0,9796000.0,114000000.0,216452000.0,0.0,-19531000.0,244469158.32000002,339410158.32000005,3.444157642568023,0.08592982456140351,0.3770116620736225,1.7959070123276477,0.0,3.444157642568023,-0.01526611374819606,56.148176003674784,-69.60966922551253,4.250676513483908,0.0,0.0,0.0,0.01589254101801325,0.07321929824561403,-0.0032047889328928876,-43.92187537190083,0.0,0.5638416666666667,-0.19286878828000675,3.070556530204451,0.0,0.0,0.6465378421900161,0.0,-0.19286878828000675,3.070556530204451,0.0,Mortgage Finance,Financial Services,COOP
2013Q2,2013,Q2,2013-08-09,2013-06-30,-2484000.0,-378000.0,0.0,-0.12,0.0,0.0,297316000.0,58182000.0,10475000.0,123000000.0,239134000.0,0.0,-18653000.0,162311490.36,271311490.36,3.484220610294937,0.08516260162601626,0.3958616421585115,2.0228936784572547,0.0,3.484220610294937,-0.04269361658244818,-429.3954771428572,-16.335697500000002,2.7897200226874292,0.0,0.0,0.0,-0.0012713745644364917,0.07069918699186992,-0.008354747137725518,-20.230772823133492,0.0,0.5000020833246528,0.996215307360856,-1.0006708785418081,-0.988690497584126,0.0,0.3490566037735849,0.0,-0.7744224616933911,-1.02863857069268,0.0,Mortgage Finance,Financial Services,COOP
2013Q1,2013,Q1,2013-05-10,2013-03-31,-3816000.0,4589000.0,0.0,-0.240001,0.0,0.0,310498000.0,60620000.0,11143000.0,134000000.0,249878000.0,0.0,-16169000.0,140038399.20000002,247458399.20000002,3.636202662333775,0.08315671641791045,0.3766658722439436,1.9292972616298252,0.0,3.636202662333775,-0.06294952161002969,30.51610355197211,-9.174423427672956,2.310102263279446,0.0,0.0,0.0,0.014779483281695857,0.07114925373134329,-0.01228993423468106,7.533806714009039,0.0,0.5979184211397849,0.9856366062371246,-0.9947498322468448,-0.9884332887338428,0.0,0.6165209526680736,0.0,-1.0118860746242941,-0.5743595224479607,0.0,Mortgage Finance,Financial Services,COOP
2012Q4,2012,Q4,2013-03-15,2012-12-31,-9951000.0,15586000.0,0.0,-0.59689628328742,0.0,0.0,340000000.0,64000000.0,18543000.0,140000000.0,276000000.0,0.0,-12000000.0,168046079.04,287046079.03999996,3.838947053602138,0.13245,0.4,2.125,0.0,3.838947053602138,-0.155484375,10.781860582574105,-4.221838987036478,2.625719985,0.0,0.0,0.0,0.04584117647058823,0.12142857142857143,-0.02926764705882353,-49.806188215767634,0.0,-2.877379051715062,0.9771818297102309,-0.9804218678565829,-0.9888488825701418,0.0,-2.8779014908473295,0.0,-61.787968926215996,9.223274610821461,2.11768189026874,Mortgage Finance,Financial Services,COOP
2012Q3,2012,Q3,2012-11-09,2012-09-30,5299000.0,2994000.0,0.0,0.3179412717650871,0.0,0.0,397000000.0,74000000.0,16915000.0,189000000.0,323000000.0,0.0,-2000000.0,99999600.0,218999600.0,4.44001776007104,0.08949735449735449,0.33753148614609574,1.8108108108108107,0.0,4.44001776007104,0.07160810810810811,33.4,4.717852424985846,1.351345945945946,0.0,0.0,0.0,0.0075415617128463475,0.07936507936507936,0.013347607052896726,-1.0060321931589538,0.0,1.6623748896152246,-0.8779228641743599,-0.9962188727584619,-0.9867552797691246,0.0,1.6483543374525877,0.0,8.213201545277446,1.8044851832093258,0.0,Mortgage Finance,Financial Services,COOP
2012Q2,2012,Q2,2012-08-09,2012-06-30,-8173000.0,3185000.0,0.0,-0.480002,0.0,0.0,407739000.0,68899000.0,35527000.0,206000000.0,338840000.0,0.0,-7701000.0,99999600.0,179176600.0,4.133956535826143,0.1724611650485437,0.3306649596923522,1.9568498817109101,0.0,4.133956535826143,-0.11862291179842958,31.397048665620094,-3.0588400832007827,1.4513940695801102,0.0,0.0,0.0,0.007811369528055938,0.283,-0.020044685448289225,-7.16483484989611,0.0,-18.870099764043548,-1.0427835869292876,-0.9963506552388551,-0.9876350627947988,0.0,-1.3807165744247014,0.0,-4.8495562553678795,-0.758228578368859,0.0,Mortgage Finance,Financial Services,COOP
2012Q1,2012,Q1,2012-03-31,2012-03-31,-3433000.0,9872000.0,0.0,-0.024157,0.0,0.0,,,,,,,,1534817224.8000002,,,0.0,0.0,0.0,0.0,,0.0,155.4717610210697,-111.76938718322168,0.0,0.0,0.0,0.0,0.0,0.0,0.0,399.3799700234193,0.0,-1.5410929969222797,-1.0022462524388218,-0.998601837912596,0.0,0.0,-1.541080680977054,0.0,0.7876737132998175,-0.8925849949191943,0.0,Mortgage Finance,Financial Services,COOP
2011Q4,2011,Q4,2011-12-31,2011-12-31,-1351000.0,12996000.0,0.0,-0.009506539126768862,0.0,0.0,350559000.0,174990000.0,0.0,176000000.0,175569000.0,0.0,105110000.0,1705352472.0,1697710472.0,1.2313466186478779,0.0,0.0,0.0,0.0,1.2313466186478779,-0.007720441168066747,131.2213351800554,-315.5722561065877,9.745428150180011,0.0,0.0,0.0,0.03707221894174732,0.04342045454545455,-0.003853844859210575,-262.88769415754587,0.0,0.7843246261906425,-1.000655663764095,-0.9981460806365082,-0.9966714950375891,0.0,0.784323116219668,0.0,0.0,0.0,0.0,Mortgage Finance,Financial Services,COOP
2011Q3,2011,Q3,2011-09-30,2011-09-30,-6264000.0,9103000.0,0.0,-0.044078,0.0,0.0,,,,,,,,1705352472.0,,,0.0,0.0,0.0,0.0,,0.0,187.33961023838296,-68.0616408045977,0.0,0.0,0.0,0.0,0.0,0.0,0.0,-462.1551414634146,0.0,0.47419778122390555,-1.0046252811158185,-0.9985704473441542,0.0,0.0,-3.474285714285714,1.0,0.0,0.0,0.0,Mortgage Finance,Financial Services,COOP
2011Q2,2011,Q2,2011-06-30,2011-06-30,-1400000.0,13200000.0,-1400000.0,-0.08383,0.0,0.0,,,,,,,,200400000.0,,,0.0,0.0,0.0,0.0,,0.0,15.181818181818182,-35.785714285714285,0.0,0.0,0.0,0.0,0.0,0.0,0.0,-0.031268528631611794,0.0,0.26316252087545045,-1.008625687904504,-0.9828536254966702,0.0,0.0,0.2631578947368421,0.2631578947368421,0.9978670848003512,-0.9765743008264186,0.0,Mortgage Finance,Financial Services,COOP
2011Q1,2011,Q1,2011-03-31,2011-03-31,-1900000.0,10800000.0,-1900000.0,-0.11377,0.0,0.0,,,,,,,,200400000.0,,,0.0,0.0,0.0,0.0,,0.0,18.555555555555557,-26.36842105263158,0.0,,0.0,,0.0,0.0,0.0,0.0,0.0,0.0,-1.0093714053618652,-0.9863430490918216,0.0,0.0,0.0,0.0,0.9928607320543447,-0.9876652526485491,0.0,Mortgage Finance,Financial Services,COOP
2008Q2,2008,Q2,2008-08-11,2008-06-30,-3328000000.0,2857000000.0,0.0,-39.30411079781594,0.0,0.0,309731000000.0,26086000000.0,302447000000.0,253055000000.0,279731000000.0,0.0,10857000000.0,7010829167.9076,88728829167.9076,308.07903674033247,1.1951828653849954,0.2871943718904469,3.4099900329678756,0.0,308.07903674033247,-0.12757801119374376,2.453912904412881,-0.5266548353295973,0.26875830590767463,-0.024338942307692308,0.0,0.01155355494479616,0.00922413319945372,0.05671099168165023,-0.010744807591103248,2.297879111080826,0.0,-1.339521074399045,-3.9250650631899227,-0.2990386339617706,0.11040366523391652,0.0,-1.9244288224956063,0.0,-4.357682241502849,-0.23807882304197664,-0.006132051344489936,Mortgage Finance,Financial Services,COOP
2008Q1,2008,Q1,2008-05-12,2008-03-31,-1138000000.0,3744000000.0,0.0,-16.800067,0.0,0.0,319668000000.0,22449000000.0,312385000000.0,264509000000.0,293305000000.0,0.0,17552000000.0,9323284899.84,95953284899.84,314.367894093883,1.1809995123039292,0.30256078181112905,4.308387901465544,0.0,314.367894093883,-0.050692681188471644,2.4901936164102563,-2.048173308400703,0.41530958616597624,-0.17135325131810195,0.0,0.020915375009439695,0.011712151357032921,0.05703775674929776,-0.00355994344132037,2.8381384778812784,0.0,0.35776649910728703,-2.2195476241968066,0.1756725448975685,0.16642527295658144,0.0,0.39079229122055675,0.0,-2.273433850633998,0.1458449483070288,0.04097209657757081,Mortgage Finance,Financial Services,COOP
2007Q4,2007,Q4,2008-02-29,2007-12-31,-1868000000.0,3410000000.0,0.0,-26.158814475806206,0.0,0.0,327913000000.0,24584000000.0,320626000000.0,264371000000.0,299410000000.0,0.0,18921000000.0,10111650902.4,103361650902.4,344.2656825873767,1.2127880894651835,0.31352828341663797,4.181988285063456,0.0,344.2656825873767,-0.07598438008460788,2.9652935197653956,-1.3532723370449677,0.4113102384640417,-0.25428265524625265,0.0,0.046975514145495154,0.010399099761217152,0.0621702077761933,-0.005696632948373501,2.023139436254502,0.0,-11.89946061716668,-3.038440675943755,0.10401183928331316,0.3124413909073726,0.0,-11.043010752688172,0.0,-3.822546302673888,0.1222284350321053,0.16902837606379076,Mortgage Finance,Financial Services,COOP
2007Q3,2007,Q3,2007-11-09,2007-09-30,186000000.0,3393000000.0,0.0,2.40001,0.0,0.0,330110000000.0,23941000000.0,321048000000.0,265282000000.0,303224000000.0,0.0,21264000000.0,14354776197.0,96401776197.0,335.2292598616541,1.2102140363839236,0.28298748901881193,3.901967336368573,0.0,335.2292598616541,0.007769099035128023,4.230703270557029,19.294054028225805,0.5995896661375882,2.6559139784946235,0.0,0.03441363301109779,0.01027839205113447,0.06857985087567192,0.000563448547453879,-11.447189949760766,0.0,-0.7826086562698482,-0.7893487212440384,0.13684830184337712,0.3125963441456916,0.0,-0.7759036144578313,0.0,-0.7224258777823317,0.13608247026435286,0.15661145415618086,Mortgage Finance,Financial Services,COOP
2007Q2,2007,Q2,2007-08-09,2007-06-30,830000000.0,3792000000.0,0.0,11.040044,0.0,0.0,312219000000.0,24210000000.0,303163000000.0,247696000000.0,285064000000.0,0.0,21571000000.0,14355293870.400002,71913293870.4,334.3289551108485,1.223931755054583,0.1976977698346353,2.5495662949194546,0.0,334.3289551108485,0.034283353985956215,3.7856787632911395,4.323883695903615,0.5929489413630732,0.5927710843373494,0.0,0.034273070578825476,0.01214532107270858,0.045071377817970416,0.002658390424669863,4.252160506635072,0.0,0.06976745538123348,-0.07332201465290286,0.259356475615599,0.35094926888675204,0.0,0.058673469387755105,0.0,0.6807932931230771,0.39696053585709096,0.17698290346500095,Mortgage Finance,Financial Services,COOP
2007Q1,2007,Q1,2007-05-10,2007-03-31,784000000.0,3622000000.0,0.0,10.320041,0.0,0.0,319985000000.0,24578000000.0,310933000000.0,255977000000.0,292954000000.0,0.0,21233000000.0,14390665493.4,74508665493.4,337.1419620743139,1.214691163659235,0.20052502461052862,2.6106680771421598,0.0,337.1419620743139,0.03189844576450484,3.9731268617890665,4.588860170089285,0.5855100290259582,0.6173469387755102,0.0,0.03363291296166791,0.011319280591277715,0.043031209835258634,0.002450114849133553,56.21353708359375,0.0,-0.2882292033465649,-0.10598125599360166,0.22502703789002648,0.46054195929560743,0.0,-0.2582781456953642,0.0,-0.2610519587536897,-0.1902319480203123,0.18993422707486765,Mortgage Finance,Financial Services,COOP
