Quarters,Year,Quarter,FillingDate,Date,NetIncome,Revenue,OperatingIncome,EPSDiluted,GrossProfit,GrossProfitRatio,TotalAssets,CommonStockEquity,CurrentAssets,CurrentLiability,TotalLiability,Inventory,RetainedEarnings,MarketCap,EnterpriseValue,bookValuePerShare,currentRatio,debtToAssets,debtToEquity,roic,shareholdersEquityPerShare,roe,priceToSalesRatio,peRatio,pbRatio,payoutRatio,inventoryTurnover,dividendYield,assetTurnover,quickRatio,returnOnAssets,priceToFreeCashFlowsRatio,grossProfitMargin,epsdilutedGrowth,fiveYNetIncomeGrowthPerShare,fiveYRevenueGrowthPerShare,fiveYShareholdersEquityGrowthPerShare,grossProfitGrowth,netIncomeGrowth,operatingIncomeGrowth,threeYNetIncomeGrowthPerShare,threeYRevenueGrowthPerShare,threeYShareholdersEquityGrowthPerShare,Industry,Sector,Symbol
2023Q2,2023,Q2,2023-05-11,2023-03-31,4872000.0,7430000.0,16626000.0,0.07,21974000.0,2.9574697174,1216935000.0,495715000.0,67554000.0,147218000.0,721220000.0,0.0,-252519000.0,367488000.0,975639000.0,7.122341954022988,0.4588705185507207,0.6725946743252516,1.6511584277256084,0.010206157936083779,7.122341954022988,0.009828227913216263,49.46002691790041,18.857142857142858,0.7413291911683125,2.2089490968801315,0.0,0.029285309996516892,0.006105502758980553,0.4917061772337622,0.004003500597813359,5.3338752050161835,2.957469717362046,1.0636363636363637,-0.1757663168743713,0.05581456185062431,-0.20864036867391234,1.3120863513705439,1.0677664339165995,0.2427866646733443,1.077777777519777,-0.8737652555656933,-0.07652731365518957,Asset Management,Financial Services,PNNT
2023Q1,2023,Q1,2023-02-08,2022-12-31,-71894000.0,-69683000.0,13378000.0,-1.1,-70410000.0,1.0104329607,1236007000.0,502909000.0,961568000.0,304598000.0,733098000.0,0.0,-245325000.0,375040875.0,1042072875.0,7.710430896365629,3.156842789512735,0.8092073912202763,1.9888011548809028,0.009039106357213458,7.710430896365629,-0.14295628036086053,-5.382100010045492,-1.3041452520377224,0.7457430171263588,-0.13608924249589674,0.0,0.026087823093949428,-0.056377512425091446,3.167532288458887,-0.05816633724566285,-39.04235633978763,1.010432960693426,-1.1153846153846154,-7.370443161910984,-7.317017235755437,-0.15225326593894412,-0.9680241495933142,-1.0584075357173532,1.401500600240096,-4.848495331707502,-4.465732188751224,-0.1223913532813263,Asset Management,Financial Services,PNNT
2022Q4,2022,Q4,2022-11-17,2022-09-30,-34927000.0,-35777000.0,-33320000.0,-0.52,-35777000.0,1.0,1318510000.0,585565000.0,88173000.0,16048000.0,732945000.0,0.0,-162669000.0,366733501.68,1018580501.6800001,8.718006087127982,5.494329511465603,0.6446557098543052,1.4515638742069625,-0.01932115901442408,8.718006087127982,-0.059646666040490806,-10.250538102132655,-2.625000012025081,0.6262899962941774,-0.27211040169496375,0.0,0.025915276233183866,-0.027134416879659617,5.494329511465603,-0.026489749793327317,4.696834078456987,1.0,-0.857142857142857,-5.977562833155322,-5.703523222948395,-0.04220672953369035,-5.204606886825714,-0.8898869108814458,-13.524847428073235,-5.218579979883397,-3.5319357429947633,0.004457707915185166,Asset Management,Financial Services,PNNT
2022Q3,2022,Q3,2022-08-03,2022-06-30,-18481000.0,8509000.0,-2294000.0,-0.28,8509000.0,1.0,1431085000.0,631510000.0,92686000.0,33326000.0,799575000.0,0.0,-164420000.0,407244899.94,1124449899.94,9.583255187664708,2.781191862209686,0.6242075068916242,1.4145365869107378,-0.003078711654654792,9.583255187664708,-0.02926477807160615,47.86048888706076,-5.50896731697419,0.6448748237399249,-0.500892808830691,0.0,0.02273079417658477,0.005945838297515521,2.781191862209686,-0.012913977855962435,-2.17503524931103,1.0,-6.919661733615222,-2.061242502921325,-0.609180395215518,0.04418799966538929,0.5527372262773723,-6.848417721518987,-1.2323508558695433,-4.340454883279656,0.20925172397532507,0.09697780891603705,Asset Management,Financial Services,PNNT
2022Q2,2022,Q2,2022-05-05,2022-03-31,3160000.0,5480000.0,9873000.0,0.0473,5480000.0,1.0,1246022000.0,664325000.0,32065000.0,25692000.0,581697000.0,0.0,-115679000.0,519293651.68,1043229651.6800001,9.952843604537092,1.2480538689086096,0.44155480400827596,0.8281895156738043,0.00761133140992706,9.952843604537092,0.004756707936627404,94.761615270073,41.083358518987346,0.7816861501223046,2.546071835443038,0.0,0.01549332824303014,0.004397996183052947,1.2480538689086096,0.002536070791687466,1.9441664717141418,1.0,-0.8755263157894737,-0.7064298687020293,-0.507710109581152,0.09450771538117143,-0.8359194779029647,-0.8761303934580854,-0.7377153179115891,1.676564181456714,11.60360281180252,0.14010507560823404,Asset Management,Financial Services,PNNT
2022Q1,2022,Q1,2022-02-09,2021-12-31,25510697.0,33398236.0,37642305.0,0.38,33398236.0,1.0,1517808419.0,677609391.0,72418677.0,12652634.0,840199028.0,0.0,-109450628.0,464622577.65,1238560142.65,10.106769032578889,5.723604824102238,0.5359826561879151,1.2005721862848266,0.020938999830245202,10.106769032578889,0.037648086550795754,13.911590350161008,4.553213281961681,0.6856790708941045,0.315374095815571,0.0,0.017316018176931142,0.02200425006339354,5.723604824102238,0.016807586965954233,-2.6197986542365985,1.0,0.014701193905278591,0.12431044647715134,0.4452681061411656,0.10914971341474537,0.0,0.016037703009818934,0.0,2.8682721251798147,3.1769203639423935,0.1307031355286088,Asset Management,Financial Services,PNNT
2021Q4,2021,Q4,2021-11-17,2021-09-30,25108022.0,26156522.0,0.0,0.3744944839746317,0.0,0.0,1295092036.0,660144107.0,0.0,0.0,634947929.0,0.0,-126915912.0,435122731.45,1022105816.45,9.846268523257589,0.0,0.46895516621028777,0.9200113953300806,0.0,9.846268523257589,0.03803415304894936,16.63534362290216,4.332507071345565,0.6591329481488503,0.3204320117291597,0.0,0.018489987809162528,0.020196651105033898,0.0,0.019387056133514824,-4.955137186186437,0.0,-0.21980315838618394,-0.03960705618776682,-0.021476850485951115,0.08753515388298105,0.0,-0.21242121199887842,0.0,1.068965026972794,0.9743307395620634,0.07885782402941448,Asset Management,Financial Services,PNNT
2021Q3,2021,Q3,2021-08-04,2021-06-30,31880013.0,32928513.0,0.0,0.48,0.0,0.0,1168985978.0,643081495.0,0.0,0.0,525904483.0,0.0,-144610581.0,447861301.4,939225060.4,9.591774000503094,0.0,0.4324910833104963,0.7861772044925659,0.0,9.591774000503094,0.049573830452079796,13.601018102457283,3.5120853103165293,0.6964300868274867,0.2523653926991811,0.0,0.017964070516586945,0.028168441383990665,0.0,0.02727151018059517,9.148618979470493,0.0,-0.15789473684210523,0.21401393970410343,0.2313393007784506,0.07244849392055648,0.0,-0.17184269963791252,0.0,0.9922120466187917,0.9269359806729108,0.06834142161985869,Asset Management,Financial Services,PNNT
2021Q2,2021,Q2,2021-05-05,2021-03-31,38495118.0,39793618.0,0.0,0.57,0.0,0.0,1215838090.0,619246895.0,0.0,0.0,596591195.0,0.0,-168445181.0,378804843.25,908115820.25,9.236273028433619,0.0,0.46319199705283126,0.9094377017425336,0.0,9.236273028433619,0.062164410206691466,9.519236055640881,2.46008366080343,0.6117185993318546,0.20899826829989196,0.0,0.021238939109050052,0.03272937270784139,0.0,0.031661385110907325,32.29830111658779,0.0,-0.4622641509433963,9.41123317163263,8.670298339727921,0.05395406352528547,0.0,-0.4588346957831593,0.0,5.760688066743741,4.870220634891475,0.026237390143810033,Asset Management,Financial Services,PNNT
2021Q1,2021,Q1,2021-02-09,2020-12-31,71133751.0,72432254.0,0.0,1.06,0.0,0.0,1153835369.0,588797190.0,0.0,0.0,565038179.0,0.0,-198894886.0,309364708.32,838178105.3199999,8.773964750666812,0.0,0.47577905024334544,0.932359571892658,0.0,8.773964750666812,0.12081197432345082,4.2710904498429665,1.0872641466636563,0.5254181126781533,0.11310261144530394,0.0,0.026006240478076776,0.06277520688482206,0.0,0.061649827099380584,8.829315493303524,0.0,6.475698634335983,2.8919061196094793,2.9951683499097954,-0.014037187922521637,0.0,6.482634901490147,0.0,5.126234594661382,5.382019655768334,-0.03531980739875103,Asset Management,Financial Services,PNNT
2020Q4,2020,Q4,2021-03-26,2020-09-30,9506511.0,13138754.0,0.0,0.1417927677195822,0.0,0.0,1114352881.0,525708852.0,0.0,0.0,588644029.0,0.0,-261983224.0,213873884.95,756380091.95,7.841122062527906,0.0,0.5099930360390031,1.0810398319106105,0.0,7.841122062527906,0.01808322413410684,16.278094935790715,5.62440534045561,0.4068295295701051,0.8463055478503102,0.0,0.037617556729195235,0.011790478782815656,0.0,0.008530970002490621,8.068932602641697,0.0,-0.3835097055670339,6.444889915241512,5.4454895574815785,-0.20405381526505253,0.0,-0.39115193932597364,0.0,0.3572738727776839,0.7304713772040193,-0.1385445399627779,Asset Management,Financial Services,PNNT
2020Q3,2020,Q3,2020-08-05,2020-06-30,15613930.0,15156946.0,0.0,0.23,0.0,0.0,1391244384.0,524247754.0,0.0,0.0,866996630.0,0.0,-264011450.0,235328318.54999998,1031907387.55,7.819329300774457,0.0,0.6096298556558989,1.6178307041445141,0.0,7.819329300774457,0.02978349431326319,15.526103909719016,3.767922594599822,0.4488876046763187,0.7729071412514338,0.0,0.051282047457607186,0.01089452448061059,0.0,0.01122299588739975,3.7642204958335825,0.0,1.2555555555555558,2.5282307070521775,1.5438358530471246,-0.21570530461007578,0.0,1.2589688175035045,0.0,-0.11874519079308171,-0.3157581633597312,-0.148008723402231,Asset Management,Financial Services,PNNT
2020Q2,2020,Q2,2020-05-11,2020-03-31,-60292703.0,56653000.0,0.0,-0.9,0.0,0.0,1387117808.0,516679237.0,0.0,0.0,870438571.0,0.0,-271579967.0,173509000.28,995186973.28,7.712563738310302,0.0,0.6104784201573743,1.6389384890262195,0.0,7.712563738310302,-0.11669271509743288,3.062662176407251,-0.7194444420579386,0.3358157012219943,-0.20015886499565297,0.0,0.0695532737813317,0.040842241137170956,0.0,-0.04346617327834061,-1.17794025745329,0.0,-4.103448275862069,-10.15928428651399,6.015299036640488,-0.24725020427032848,0.0,-4.139834479971629,0.0,-6.580854650452201,4.070776211023917,-0.15185439936968756,Asset Management,Financial Services,PNNT
2020Q1,2020,Q1,2020-02-06,2019-12-31,19202510.0,20667510.0,0.0,0.29,0.0,0.0,1418050163.0,589040059.0,0.0,0.0,829010104.0,0.0,-199219145.0,437804535.65000004,1148684663.65,8.785728040846532,0.0,0.5239502779141108,1.261353562712447,0.0,8.785728040846532,0.032599667385270314,21.183226022389732,5.69983475662817,0.7432508688683259,0.6284657057853374,0.0,0.027565084455058682,0.014574597245753428,0.0,0.013541488517850126,-6.138352397898406,0.0,1.3526696149432802,1.8981780481296775,2.033445622914891,-0.15745379964905284,0.0,1.323559886707381,0.0,-0.15370471486600443,-0.10563860210001498,-0.03582562268583623,Asset Management,Financial Services,PNNT
2019Q4,2019,Q4,2019-11-21,2019-09-30,8264263.0,14104587.0,0.0,0.12326422637417005,0.0,0.0,1285838013.0,581905668.0,0.0,0.0,703932345.0,0.0,-206353536.0,420372808.34999996,1044614448.3499999,8.679316230469025,0.0,0.531760508778799,1.175032163460556,0.0,8.679316230469025,0.014202066510890215,29.80397854612829,12.716584901460662,0.7224071382477064,1.460277704134053,0.0,0.02870813420917595,0.01096917874366808,0.0,0.006427141612277098,6.406742577912911,0.0,0.5408028296771256,9.399991270470212,2.9598791681915104,-0.21286559174488137,0.0,0.4681971507151282,0.0,-0.6838882859426951,-0.47234326896232953,-0.04135648037564182,Asset Management,Financial Services,PNNT
2019Q3,2019,Q3,2019-08-07,2019-06-30,5628851.0,7159154.0,0.0,0.08,0.0,0.0,1304174274.0,585709524.0,0.0,0.0,718464750.0,0.0,-203617030.0,423725063.6,1097152408.6,8.736052005586389,0.0,0.5330362627594661,1.186888982532577,0.0,8.736052005586389,0.00961031154412302,59.18647141827093,18.8193409098944,0.7234389167965791,2.1439753868062947,0.0,0.02848101053420905,0.005489415136247351,0.0,0.004316026709172765,-16.626928954003578,0.0,2.142857142857143,-0.8250703414337056,-0.811407278478678,-0.2291961143551103,0.0,2.1858958301248266,0.0,-0.7856492850703234,-0.7322883155845742,-0.023229090290141054,Asset Management,Financial Services,PNNT
2019Q2,2019,Q2,2019-05-09,2019-03-31,-4746497.0,-525197.0,0.0,-0.07,0.0,0.0,1282187973.0,592148791.0,0.0,0.0,690039182.0,0.0,-197177763.0,474817357.0,1110761710.0,8.729759929563821,0.0,0.5196206765542637,1.125141842939269,0.0,8.729759929563821,-0.008015716779534892,-904.0747700386712,-25.00883056494084,0.8018548111837656,-2.579788210126331,0.0,0.02578877292390135,-0.0004096099878172855,0.0,-0.0037018729702278995,-5.746796390083556,0.0,-1.7,-1.11450480206514,-1.0121570533215785,-0.21591896731255383,0.0,-1.7002603497777946,0.0,-2.268844079672075,-1.126149987512243,-0.003844307867503705,Asset Management,Financial Services,PNNT
2019Q1,2019,Q1,2019-02-07,2018-12-31,6778189.0,8218181.0,0.0,0.1,0.0,0.0,1221766808.0,615941105.0,0.0,0.0,605825703.0,0.0,6333033.0,438949820.40000004,976603886.4000001,8.938481476708676,0.0,0.4602416363892577,0.912924872906477,0.0,8.938481476708676,0.011004605708203222,53.412040985712046,16.18978979488474,0.7126490127655956,1.8337806750446173,0.0,0.02831693150864768,0.0067264726347026444,0.0,0.0055478581965209195,-11.36272540471135,0.0,-0.4475312413111681,-0.8340947667108307,-0.807102780594119,-0.17255396890363126,0.0,-0.45656706519441975,0.0,1.1755625765974502,1.2204538302620174,0.004450163970439708,Asset Management,Financial Services,PNNT
2018Q4,2018,Q4,2018-11-15,2018-09-30,12472908.0,13616593.0,0.0,0.1810057101460885,0.0,0.0,1160118827.0,628901895.0,0.0,0.0,531216932.0,0.0,6003360.0,516127810.8,1000963215.8,9.1265672862091,0.0,0.434732673293647,0.8019399575827324,0.0,9.1265672862091,0.019832835771626988,37.904328255974164,10.344977506448377,0.8206809597862637,1.0100173912931931,0.0,0.024408399889308968,0.011737239912924885,0.0,0.010751405554079505,-4.835305096229706,0.0,-0.2458095410579646,-0.4641460694399982,-0.42926323919388604,-0.12927147283130236,0.0,-0.26240097144040203,0.0,8.503782229096283,5.499228652250455,-0.07356927321662085,Asset Management,Financial Services,PNNT
2018Q3,2018,Q3,2018-08-08,2018-06-30,16910147.0,18057985.0,0.0,0.24,0.0,0.0,1141381765.0,636092684.0,0.0,0.0,505289081.0,0.0,4512842.0,496294737.21,855186998.21,8.978191621513366,0.0,0.40826248174728813,0.7325714690974185,0.0,8.978191621513366,0.026584407312567046,27.483395141262992,7.337232745670395,0.7802239354320258,0.7564067893673544,0.0,0.025772890665547582,0.01582116129216415,0.0,0.014815504784238428,-22.095953517510083,0.0,1.9999999999999996,0.15050383834819966,0.07081946589471488,-0.1392301303817063,0.0,1.80200811597661,0.0,2.6159937848181345,1.8680202513787083,-0.09946904752434803,Asset Management,Financial Services,PNNT
2018Q2,2018,Q2,2018-05-09,2018-03-31,6035010.0,7184925.0,0.0,0.08,0.0,0.0,1153547187.0,639556977.0,0.0,0.0,513990210.0,0.0,5334784.0,474686384.47999996,791636684.48,9.00013302686166,0.0,0.4223232950417658,0.7617301765437546,0.0,9.00013302686166,0.00943623510810359,66.06699227618938,19.66386072599714,0.7422112517740542,2.1194579627871373,0.0,0.02694610677323719,0.006228548845657235,0.0,0.005231697556902802,3.5489291065040693,0.0,-0.5555555555555556,-0.7909249301060326,-0.7840863588331837,-0.14305143259319117,0.0,-0.5091650964991208,0.0,-0.13569562848319733,-0.16124051228435257,-0.12158284490310818,Asset Management,Financial Services,PNNT
2018Q1,2018,Q1,2018-02-07,2017-12-31,12295397.0,12018059.0,0.0,0.18,0.0,0.0,1184193090.0,646312918.0,0.0,0.0,537880172.0,0.0,4710289.0,491030376.76,928512994.76,9.095205662933658,0.0,0.4309392592385419,0.7895792870412657,0.0,9.095205662933658,0.01902390723992925,40.85771061366898,9.984028510018831,0.7597409290216292,1.0403039446387945,0.0,0.026049203074562145,0.010148732585494145,0.0,0.010382932567188008,7.870541303784629,0.0,0.7230025270621958,-0.5988289392248425,-0.6336539256293526,-0.12582894709809286,0.0,0.6562490907425468,0.0,1.5426049550110592,1.56698369293461,-0.12777507599964308,Asset Management,Financial Services,PNNT
2017Q4,2017,Q4,2017-11-29,2017-09-30,7423640.0,8047352.0,0.0,0.10446879628604426,0.0,0.0,1202195841.0,646808471.0,0.0,0.0,555387370.0,0.0,3333195.0,533666878.36,1021531804.36,9.102179307319155,0.0,0.4375884328150824,0.8133273103035783,0.0,9.102179307319155,0.011477338861259286,66.3158363595876,17.971873580884846,0.825077132238115,1.7230024624038882,0.0,0.023968041710416034,0.006693877757309593,0.0,0.006175067112048011,-23.2747894120132,0.0,-0.5981969373613681,-0.6091999300719219,2.1854626060997098,-0.10061963475645473,0.0,-0.6046853237900822,0.0,8.119153728962113,1.1316275329453092,-0.17451578757472289,Asset Management,Financial Services,PNNT
2017Q3,2017,Q3,2017-08-07,2017-06-30,18779065.0,23478228.0,0.0,0.26,0.0,0.0,1227648953.0,652175782.0,0.0,0.0,575473171.0,0.0,1310399.0,525139578.03999996,971817237.04,9.177710518350784,0.0,0.4479080030625009,0.8431373966597244,0.0,9.177710518350784,0.028794483816021246,22.367087415626084,6.991024021163993,0.8052117121392893,0.6811281605340841,0.0,0.024357238598812506,0.019124545288477103,0.0,0.015296771079476496,4.731070132454755,0.0,0.625,3.3557759215974428,-0.36625561560506076,-0.09666193449697959,0.0,0.6387090553218374,0.0,-0.4493769043553459,-0.41646716071314066,-0.19022747067610696,Asset Management,Financial Services,PNNT
2017Q2,2017,Q2,2017-05-08,2017-03-31,11459670.0,11851042.0,0.0,0.16,0.0,0.0,1285573265.0,646187667.0,0.0,0.0,639385598.0,0.0,1640939.0,578435205.0400001,1121325849.04,9.093443074607228,0.0,0.47407321511154793,0.9431561172150938,0.0,9.093443074607228,0.017734275327789567,48.80880559194711,12.618932417774685,0.8951504873583421,1.7362658785113358,0.0,0.034398034259730224,0.009218488220506048,0.0,0.008914054384912867,6.46144954512667,0.0,-0.5294117647058824,-0.6758988486622596,-0.6643666719276872,-0.17292998410950833,0.0,-0.5234891478597123,0.0,-0.7361112748781878,-0.738145009083478,-0.18325403056315342,Asset Management,Financial Services,PNNT
2017Q1,2017,Q1,2017-02-08,2016-12-31,24049127.0,24492795.0,0.0,0.34,0.0,0.0,1385612403.0,647518949.0,0.0,0.0,738093454.0,0.0,-1736977.0,544326003.76,1150691099.76,9.112177472834684,0.0,0.47033764318866306,1.0064657922466451,0.0,9.112177472834684,0.03714042197087888,22.22392355629482,5.658479866649629,0.8406333198443587,0.8273495333115418,0.0,0.0365535246572068,0.017676512527580197,0.0,0.017356316202085845,-5.024173341077002,0.0,-0.12806832979073002,-0.024153577831294796,-0.4132343293023563,-0.1060235621972877,0.0,-0.13209430395731006,0.0,-0.4291909397757338,-0.4425142847471162,-0.15647472065701315,Asset Management,Financial Services,PNNT
2016Q4,2016,Q4,2016-11-21,2016-09-30,27709378.0,28331667.0,0.0,0.3899388124282692,0.0,0.0,1238935878.0,643366856.0,0.0,0.0,595569022.0,0.0,3119380.0,534377486.71999997,1018358094.72,9.053747355294272,0.0,0.4516688320491111,0.869781705074344,0.0,9.053747355294272,0.04306932777401266,18.861491161815504,4.821269235274786,0.8305952999232524,0.7180613725793484,0.0,0.03723404240348459,0.022867742796935937,0.0,0.02236546579370268,4.326970225214928,0.0,-0.00015689120956613312,1.5716895333759517,1.3670732538219663,-0.10589581774769484,0.0,-0.004437055260624541,0.0,0.15438482658334376,0.15155490354744383,-0.13621892516530387,Asset Management,Financial Services,PNNT
2016Q3,2016,Q3,2016-06-30,2016-06-30,27832874.0,28343770.0,0.0,0.39,0.0,0.0,1285415422.0,635554512.0,0.0,0.0,649860910.0,0.0,-17850376.0,485345509.88,1061854589.88,8.943808541740207,0.0,0.4779637177871046,0.9666864484473993,0.0,8.943808541740207,0.043793055472793184,17.12353402105648,4.359462751493073,0.7636567764308468,0.7148752945886939,0.0,0.040995607448638956,0.02205028002223549,0.0,0.021652824078222395,19.930533834852923,0.0,5.500000000000001,6.700540384811575,-0.2063690306937272,-0.19263830679100796,0.0,6.046944820498694,0.0,0.8879911766063349,0.6757367821631265,-0.14252655357482463,Asset Management,Financial Services,PNNT
2016Q2,2016,Q2,2016-05-04,2016-03-31,3949637.0,4395692.0,0.0,0.06,0.0,0.0,1275926604.0,627618672.0,0.0,0.0,648307932.0,0.0,-15747292.0,434003668.02,1012412769.02,8.763449326757144,0.0,0.4793412317625756,0.974483802483174,0.0,8.763449326757144,0.006293052097086111,98.73386670858649,27.471111143884865,0.6915085343732412,5.086239317689195,0.0,0.04628716409621279,0.0034450978498446606,0.0,0.0030955048571116714,40.50185555909866,0.0,1.1071428571428572,-0.8323167478636405,-0.8883553088465131,-0.29567737302110314,0.0,1.096911281198271,0.0,-0.8642340146662852,-0.8689326153956426,-0.1655872947996449,Asset Management,Financial Services,PNNT
2016Q1,2016,Q1,2016-02-03,2015-12-31,-40755183.0,-39351308.0,0.0,-0.56,0.0,0.0,1299519528.0,647309399.0,0.0,0.0,652210129.0,0.0,-16682155.0,449536580.46,1024760201.46,8.898880001548518,0.0,0.4628468653531461,0.9291979089585257,0.0,8.898880001548518,-0.06296090102037898,-11.42367568722239,-2.757542399331147,0.6944694162551469,-0.5012980066854319,0.0,0.04544789654068634,-0.030281428752796703,0.0,-0.03136173187233551,-522.7947653371664,0.0,-30.403039517363695,-1.795104357231225,-1.9807115181179107,-0.20100229046240814,0.0,-30.417819951190676,0.0,-2.2990433327659385,-2.1718448959721846,-0.14469847204178224,Asset Management,Financial Services,PNNT
2015Q4,2015,Q4,2015-11-10,2015-09-30,1385391.0,2211606.0,0.0,0.019045650014152354,0.0,0.0,1368778273.0,716590542.0,0.0,0.0,652187731.0,0.0,-13424886.0,470631339.09,1027607443.0899999,9.851321876916872,0.0,0.44316553817770893,0.846502046073614,0.0,9.851321876916872,0.0019333090779197026,212.8007154484117,84.92752932024244,0.6567646536004658,15.008553541924265,0.0,0.044180472639591385,0.0016157518303915976,0.0,0.0010121369014453958,-12.2457883795467,0.0,-0.7279192855121092,-0.8959705908905817,1.0496766069132664,-0.07701032769460424,0.0,-0.7193263708100771,0.0,-0.9287534496235912,1.3182704882703697,-0.02659734898116764,Asset Management,Financial Services,PNNT
2015Q3,2015,Q3,2015-08-05,2015-06-30,4935950.0,6645660.0,0.0,0.07,0.0,0.0,1404885240.0,745543177.0,0.0,0.0,659342063.0,0.0,-12420260.0,656564036.3399999,1143895024.34,9.969886761617017,0.0,0.4061968506409819,0.7654284521740047,0.0,9.969886761617017,0.006620609177676104,98.79591136771967,33.25418796482946,0.8806519281444647,4.259770662182558,0.0,0.03202431725808347,0.004730393494631633,0.0,0.003513418647632742,13.974418906896238,0.0,-0.3,-0.510946375563845,-0.8283061997320836,-0.08871033460808035,0.0,-0.3310543414077898,0.0,0.08795280055326522,-0.8295352190199606,-0.018690096782254872,Asset Management,Financial Services,PNNT
2015Q2,2015,Q2,2015-05-06,2015-03-31,7378701.0,9052185.0,0.0,0.1,0.0,0.0,1389272799.0,769390926.0,0.0,0.0,619881873.0,0.0,-12281869.0,679590844.5500001,1185741010.5500002,10.245852980716116,0.0,0.4095479234960534,0.7395119578002406,0.0,10.245852980716116,0.0095903145600654,75.07478520931687,23.025422921663314,0.8832841947891651,2.849555091065487,0.0,0.030939226401619124,0.006515772141019224,0.0,0.005311196624098015,12.070470268553466,0.0,1.3125,1.886352539258992,-0.7563034513065923,-0.19778452676517047,0.0,1.3081431258580352,0.0,-0.8025215332246715,-0.757398581767244,-0.06811559515496965,Asset Management,Financial Services,PNNT
2015Q1,2015,Q1,2014-12-31,2014-12-31,-23945694.0,-22399194.0,0.0,-0.32,0.0,0.0,1421165067.0,783038240.0,0.0,0.0,638126827.0,0.0,-13351723.0,715635441.8299999,1257513636.83,10.427592026629517,0.0,0.4195201928644085,0.7614027164241685,0.0,10.427592026629517,-0.030580491190315303,-31.949160395235648,-7.471441857458798,0.9139214476038872,-0.8780708130655975,0.0,0.02938090230164251,-0.015761148736426124,0.0,-0.01684934041514827,-11.57304316065567,0.0,-20.806790872081734,-1.94644875736563,-1.5648634170233038,-0.12289280752517455,0.0,-20.730527488842384,0.0,-1.9194771880875652,-1.5077969792011832,0.023028974426488744,Asset Management,Financial Services,PNNT
2014Q4,2014,Q4,2014-11-12,2014-09-30,-1101938.0,3989425.0,0.0,-0.014674327913589606,0.0,0.0,1411827197.0,828009949.0,0.0,0.0,583817248.0,0.0,-11802580.0,819263659.01,1279412847.01,11.026472911670718,0.0,0.37303989547667,0.6360646640007945,0.0,11.026472911670718,-0.001330827004350403,205.35883216503632,-185.86881907375914,0.9894369747603117,-16.664797837990886,0.0,0.022414730347237156,0.0028257176292375958,0.0,-0.0007805048679764171,-6.602312119039142,0.0,-1.030571516486645,-1.014434336723556,-0.80182460539528,-0.05533750793444626,0.0,-1.0344901960483592,0.0,0.9784859587962433,1.0489127735813004,0.0889209913783929,Asset Management,Financial Services,PNNT
2014Q3,2014,Q3,2014-08-05,2014-06-30,31949311.0,37691374.0,0.0,0.48,0.0,0.0,1290174604.0,754472793.0,0.0,0.0,535701811.0,0.0,-9406519.0,762881152.5600001,1178210159.56,11.33368963011572,0.0,0.3718254820027445,0.6358344508255847,0.0,11.33368963011572,0.04234653826675497,20.240205426313196,5.969464823200726,1.011144682270869,0.583403191386506,0.0,0.024432809668258292,0.02921416518597044,0.0,0.024763555956647865,8.99718980428217,0.0,-0.21311475409836067,13.334907628138607,0.10765613235112113,-0.03316223496678311,0.0,-0.21464092793244713,0.0,8.435886117640033,0.12657732431741026,0.02309735359060141,Asset Management,Financial Services,PNNT
2014Q2,2014,Q2,2014-05-07,2014-03-31,40681151.0,42397245.0,0.0,0.61,0.0,0.0,1331424359.0,741162812.0,0.0,0.0,590261547.0,0.0,-3963461.0,735587847.8000001,1213538519.8000002,11.13374710728874,0.0,0.4012642350942597,0.7208307923037024,0.0,11.13374710728874,0.05488827871736231,17.34989732941374,4.520446384370983,0.992478084288989,0.45173948003585246,0.0,0.024983123436531574,0.03184352510407991,0.0,0.030554609223579634,-25.205034929389615,0.0,0.0338983050847458,-0.694888813417772,0.28718343828318427,-0.07229140433691028,0.0,0.03107843012764456,0.0,0.8581220865509324,0.15850247771981432,-0.10517540316216034,Asset Management,Financial Services,PNNT
2014Q1,2014,Q1,2013-12-31,2013-12-31,39454953.0,41143163.0,0.0,0.59,0.0,0.0,1255432535.0,718865187.0,0.0,0.0,536567348.0,0.0,-5353186.0,771936140.4,1195428505.4,10.802494834454832,0.0,0.3618641283659261,0.6319627215443387,0.0,10.802494834454832,0.05488505176423295,18.762197267137676,4.891249904669763,1.0738260168383977,0.45831231886146206,0.0,0.023425112588497225,0.032772101927404644,0.0,0.03142737813466018,-7.418575055805129,0.0,0.7466510795445925,1.393352282185112,0.07862903186250761,0.05509347224021475,0.0,0.755222956733202,0.0,-0.15861261967505316,0.12081247836058571,-0.030083715195716145,Asset Management,Financial Services,PNNT
2013Q4,2013,Q4,2013-11-13,2013-09-30,22478599.0,23039898.0,0.0,0.3377892739480811,0.0,0.0,1153327092.0,697506199.0,0.0,0.0,455820893.0,0.0,-4675217.0,750641350.3199999,1056100521.3199999,10.481530122695625,0.0,0.3155219386799942,0.5217157933817875,0.0,10.481530122695625,0.032227095661984215,32.58006395340812,8.348400075111442,1.0761787513805308,0.8034877529511515,0.0,0.0240611298488958,0.019976898279607917,0.0,0.019490220212394004,25.72486331874609,0.0,0.6085203521337197,1.644517071417712,-0.36187055522867384,0.04795136810889132,0.0,0.6305935091950025,0.0,0.8450417048620884,1.5656892094023767,-0.01796488084767463,Asset Management,Financial Services,PNNT
2013Q3,2013,Q3,2013-08-07,2013-06-30,13785532.0,15816750.0,0.0,0.21,0.0,0.0,1101994293.0,693102657.0,0.0,0.0,408891636.0,0.0,-3075320.0,735602795.19,1055030292.19,10.430420415964052,0.0,0.3046748990740917,0.4844159759150945,0.0,10.430420415964052,0.01988959623913258,46.50783474417943,13.340123456787886,1.0613186773427707,1.3090175990306359,0.0,0.02453158704398207,0.014352842025108382,0.0,0.012509621953187375,9.909151706555948,0.0,-0.4878048780487805,-0.7125277756077847,-0.4809889965488596,-0.03117219030640464,0.0,-0.48890093992254063,0.0,0.5370786323867165,-0.5401453635388328,-0.04661561780674733,Asset Management,Financial Services,PNNT
2013Q2,2013,Q2,2013-05-08,2013-03-31,26972329.0,31094592.0,0.0,0.41,0.0,0.0,1152276946.0,697376308.0,0.0,0.0,454900638.0,0.0,-2124126.0,743024448.4499999,1119068630.4499998,10.502535822070096,0.0,0.3413914522594293,0.5640821110315093,0.0,10.502535822070096,0.038676864542980714,23.89561658985588,6.886914070805676,1.065456970542796,0.670540130220123,0.0,0.024341095421191995,0.02698534593436186,0.0,0.023407852681277198,-27.194928091363167,0.0,-0.06818181818181825,1.2570918724790197,0.016899823810972554,0.024433854338240506,0.0,-0.054968178267013855,0.0,4.664130662613587,-0.053312281542086594,-0.17768713248910584,Asset Management,Financial Services,PNNT
2013Q1,2013,Q1,2013-02-06,2012-12-31,28541186.0,30549341.0,0.0,0.44,0.0,0.0,1112149580.0,688502421.0,0.0,0.0,423647159.0,0.0,2405478.0,727586450.4899999,1057794933.4899999,10.404377533139677,0.0,0.32504620466610257,0.5250526199674758,0.0,10.404377533139677,0.04145400964392542,23.81676418126335,6.373127333338565,1.0567667277527264,0.5013403437404458,0.0,0.019666182610140102,0.02746873401687568,0.0,0.0256630821188639,-20.34182764408564,0.0,0.6459654641519501,1.7987095760816076,0.09542358298941891,-0.12563987910408772,1.0,0.6134320836349442,-1.0,0.28012171271366065,-0.12577650316649303,-0.12484547302624138,Asset Management,Financial Services,PNNT
2012Q4,2012,Q4,2012-11-14,2012-09-30,17689735.0,-6321559.0,17050631.0,0.2673203111383026,-7829987.0,-1.2386164552130259,1018967531.0,669717047.0,28487821.0,27862714.0,349250484.0,0.0,2804397.0,704094573.2800001,990987620.2800001,10.120500356769913,1.0224352516413153,0.28897142552818006,0.43966702254183476,0.01768426627147974,10.120500356769913,0.02641374454964411,-111.37989430771746,9.950609396918608,1.0513314188939857,0.8046864466878673,0.0,0.020217014219678177,-0.006203886588806331,0.8386304004699614,0.017360450124097232,-17.14645217128213,1.2386164552130259,3.4553385189717107,1.393280045356669,0.9050550066046663,-0.20036356005787656,-1.3145621506541478,4.172842491750815,0.0950532015601715,-0.7370515769623334,-1.3563470710236738,-0.1329541944589058,Asset Management,Financial Services,PNNT
2012Q3,2012,Q3,2012-08-08,2012-06-30,3419732.0,29385618.0,15570596.0,0.06,24891701.0,0.8470708698384359,992159718.0,572661509.0,63052820.0,58383939.0,419498209.0,0.0,4339635.0,583383711.6,908246696.6,10.159773919457507,1.0799685851960075,0.336819761916599,0.5835541497865888,0.01717015930085673,10.159773919457507,0.005971646332528349,19.85269500202446,42.64835019235425,1.018723456058228,4.100010761077184,0.0,0.02403381808783432,0.029617830140529853,0.9877024912621946,0.0034467555353824594,-19.29991272781745,0.8470708698384359,-0.8794158905739402,1.6568396676931327,1.022490959361096,-0.26074236675082524,0.03772422160055667,-0.8704554178483012,0.5954172599301445,2.559282466533695,0.019896576253611124,-0.13330491392406615,Asset Management,Financial Services,PNNT
2012Q2,2012,Q2,2012-05-02,2012-03-31,26398109.0,26361659.0,9759576.0,0.497578,23986817.0,0.9099130293734549,935905429.0,583307645.0,47052138.0,27860015.0,352597784.0,0.0,4551894.0,551753290.4,832546565.4,10.994768157344549,1.6888769801452008,0.32883397239060147,0.5276075200420183,0.010952707616007133,10.994768157344549,0.04525589408313001,20.930142917029613,5.225310744796152,0.9459044384717434,0.41930120827972944,0.0,0.02006106568385949,0.028167011519707724,1.5131766799120532,0.028205957762426872,-7.283267621732872,0.9099130293734549,0.4634647058823529,0.0,0.0,238.4377787455547,0.03885670753494101,0.6659663006411148,-0.3492109640311411,-0.7515732304089109,0.004237003146843457,-0.08387168950389151,Asset Management,Financial Services,PNNT
2012Q1,2012,Q1,2012-02-08,2011-12-31,15845524.0,26838758.0,14996528.0,0.34,23089630.0,0.8603091842029351,867443519.0,465709582.0,57009062.0,24347338.0,401733937.0,0.0,10530244.0,461009890.29,759974122.29,10.192860893774037,2.341490556380332,0.39315528046500975,0.7323018747765426,,10.192860893774037,0.03402447493554041,17.17702027381446,7.273503392661548,0.9899085355087239,0.7785315903721455,0.0,0.026759167774556513,0.03094006400663419,2.1142618959000776,0.018266923036403482,14.539463397765008,0.8603091842029351,1.4984742096776518,1.6422347103870727,0.3938400761254677,-0.14341525430343696,1.4305042004664026,1.508453575391802,-0.006544215870950689,1.2300864576950177,0.024804802580640207,-0.004450253642144876,Asset Management,Financial Services,PNNT
2011Q4,2011,Q4,2011-11-16,2011-09-30,-31164151.0,-49625872.0,15095315.0,-0.6820814264791508,-53633925.0,-1.080765391890746,928738214.0,462657196.0,101189699.0,40156742.0,466081018.0,0.0,8326854.0,407552846.52,724740452.52,10.126054138889394,2.519868245287429,0.418624020352844,0.8403460020969824,0.017728964751855147,10.126054138889394,-0.06735905389440867,-8.212507510598504,-3.2694043752387154,0.8808959420572808,-0.35580613121788557,0.0,0.027207259364475704,-0.053433649280205026,2.3807141027526586,-0.03355536633490996,-3.9957218722875814,1.080765391890746,-14.641628529583016,-0.0034741213655059425,-0.07950912248494585,-0.19992474711329072,-3.8074223064916537,-14.44200714712422,0.14185335081390243,-0.3014419265732137,-3.001892220621534,0.012410608391665065,Asset Management,Financial Services,PNNT
2011Q3,2011,Q3,2011-08-03,2011-06-30,2318415.0,22908325.0,13220012.0,0.05,19104331.0,0.8339470912866829,817592955.0,504939091.0,38648997.0,63370492.0,312653864.0,0.0,5532780.0,510963940.43000007,712804474.4300001,11.077821275110994,0.609889489259449,0.2821079836726333,0.4567867770808024,0.017972018818328845,11.077821275110994,0.0045914745784655445,22.30472723038459,55.098412108056586,1.0119318340318397,4.90792243839002,0.0,0.022268892380985582,0.028019229935756968,0.5533684668252221,0.0028356592187123238,27.38899346975659,0.8339470912866829,-0.8484848484848485,1.550665398482953,0.9497296932811454,-0.1939423059688331,-0.013868982189917264,-0.829365038768345,0.004639347340668106,-0.9295185797294951,0.09588191800366919,0.028961527352866813,Asset Management,Financial Services,PNNT
2011Q2,2011,Q2,2011-05-04,2011-03-31,13586987.0,22711449.0,13158963.0,0.33,19373015.0,0.8530065606998479,774913453.0,514019838.0,16263221.0,32576372.0,260893615.0,0.0,4584659.0,492439290.32,719210104.3199999,12.442379374274621,0.4992336470126262,0.29463579721850564,0.4441798275497686,,12.442379374274621,0.02643280666533341,21.68242503241427,9.060862616560978,0.9580161190588135,0.6201674440403895,0.0,0.01711115901114314,0.029308368453373593,0.4028471310433218,0.017533554163241503,-18.09831342322425,0.8530065606998479,-0.5352112676056338,0.0,0.0,269.96302869248944,0.4153704745604286,-0.467640926105849,0.1779801509025552,1.2081563360902599,0.19380867047500053,0.2136492439036885,Asset Management,Financial Services,PNNT
2011Q1,2011,Q1,2010-12-31,2010-12-31,25522223.0,19979181.0,11170785.0,0.71,13687593.0,0.6850927973473988,717319253.0,403390962.0,13050843.0,16902110.0,313928291.0,0.0,3672171.0,443682639.75,719106252.75,11.137553831911,0.7721428271381502,0.3881754864873256,0.6902627382117699,,11.137553831911,0.06326919887709334,22.207248622954065,4.346042268242073,1.0998824503906461,0.34046944108277716,0.0,0.019585028174409207,0.027852564832802556,0.6140735683296346,0.035580005546010346,-16.274823368890402,0.6850927973473988,2.878097119961924,2.304933547639192,0.3089134887670182,-0.06402541776895952,1.4942569805402555,2.8489519004354427,0.10511999651768217,2.304933547639192,0.3089134887670182,-0.06402541776895952,Asset Management,Financial Services,PNNT
2010Q4,2010,Q4,2010-11-18,2010-09-30,6630954.0,-22167444.0,10108210.0,0.1830794789396535,-27693272.0,-1.2492767321302356,711493846.0,386575223.0,46769440.0,16289064.0,324918623.0,0.0,1800646.0,384283494.51,616110168.51,10.673274222354786,2.8712171552644152,0.32838109045288916,0.60438722168182,,10.673274222354786,0.017153075534797012,-17.335489581478136,14.488243113660568,0.9940717139804895,1.237420889965456,0.0,0.021352155679916874,-0.031156199206254273,2.7554266469822943,0.009319762970936505,-15.08375590702779,1.2492767321302356,0.4083036841511808,1.2693454360974878,0.3917018233648737,-0.15668803904733142,-3.496106164906154,0.5567691756156277,0.14589393514112067,1.2693454360974878,0.3917018233648737,-0.15668803904733142,Asset Management,Financial Services,PNNT
2010Q3,2010,Q3,2010-08-04,2010-06-30,4259433.0,16335071.0,8821244.0,0.13,11094589.0,0.6791882937025495,637038519.0,345266050.0,13860921.0,14701081.0,291772469.0,0.0,2242960.0,301386272.6,536158770.6,10.940414601683488,0.9428504611327562,0.37058355650233454,0.6837509798603135,,10.940414601683488,0.012336669070127225,18.450257889910613,17.689342255178097,0.8729102458814008,1.9263786987610791,0.0,0.02722513181909268,0.025642202963868186,0.8305237553619357,0.006686303689588981,-13.261862948904696,0.6791882937025495,2.1818181818181817,2.461211041642143,1.0080135560143648,-0.20394045484457937,0.23434306596142032,2.40522337613237,0.24974094908548014,2.461211041642143,1.0080135560143648,-0.20394045484457937,Asset Management,Financial Services,PNNT
2010Q2,2010,Q2,2010-05-05,2010-03-31,-3031143.0,13524993.0,7058458.0,-0.11,8988254.0,0.6645662589252357,602385911.0,349211898.0,14688559.0,38264876.0,253174013.0,0.0,1626997.0,283537628.84999996,484170066.84999996,12.771946344292072,0.38386532338429635,0.33461441298549893,0.5772054421811252,,12.771946344292072,-0.008679953396089615,20.96397601462714,-23.38537218880798,0.8119357629962539,-2.1286336540374373,0.0,0.022756037800589095,0.022452372728219403,0.3632655963657115,-0.005031895574994615,-8.397531484490676,0.6645662589252357,-1.3264831237905284,0.0,0.0,277.1401498577201,-0.02981266458070051,-1.3493610774335953,-0.024790380840377744,0.0,0.0,277.1401498577201,Asset Management,Financial Services,PNNT
2010Q1,2010,Q1,2010-02-03,2009-12-31,8676247.0,13598485.0,7237888.0,0.336924,9264452.0,0.6812855990943109,526897794.0,306148322.0,13756468.0,18773344.0,220749472.0,0.0,2675930.0,229702318.52,424627281.52,11.888617624041212,0.7327659899056875,0.3833307527569569,0.6597329251407754,,11.888617624041212,0.028340011610450702,16.891758053930275,6.618711941926042,0.7502974931216511,0.5827986455434014,0.0,0.022013295436370327,0.025808582147907037,0.6824135859865988,0.016466660325398896,-5.094985779876301,0.6812855990943109,-0.668586221128153,1.6239325277816485,0.25302464067496777,-0.0009077323528147207,-0.4410288573477377,-0.6685866524591308,0.20270215030785863,1.6239325277816485,0.25302464067496777,-0.0009077323528147207,Asset Management,Financial Services,PNNT
2009Q4,2009,Q4,2009-11-18,2009-09-30,26179534.0,6903386.0,6018022.0,1.0166264092787878,16574115.0,2.4008674873460647,512381369.0,300580268.0,42621296.0,29994336.0,211801101.0,0.0,1890235.0,208843699.91,351071413.90999997,11.67239411354288,1.4209781473408847,0.3424702587107534,0.5837887535585004,,11.67239411354288,0.08709664867289292,30.252357308428067,1.9943412658720356,0.694801762270037,0.19314728825960004,0.0,0.024211915428519377,0.013473140160176277,1.3840189361084707,0.05109384451486564,-6.4226075936855604,2.4008674873460647,26.415660231969696,2.495654702216384,1.2664396626653514,-0.07774602583643528,1.2310916496583117,32.9351794586537,0.0620480510571822,2.495654702216384,1.2664396626653514,-0.07774602583643528,Asset Management,Financial Services,PNNT
2009Q3,2009,Q3,2009-08-05,2009-06-30,-819771.0,10769709.0,5666431.0,-0.04,7428702.0,0.6897774118130768,401103013.0,246977240.0,7964782.0,9553164.0,154125773.0,0.0,928718.0,149588281.2,287288369.2,11.722431663316685,0.8337323634347741,0.34465266906384473,0.559732645809792,,11.722431663316685,-0.0033192167828906016,13.889723594202962,-45.61892321148223,0.6056763821637977,-6.168190872816921,0.0,0.03380280834458843,0.02685023211231774,0.700588726415667,-0.0020437916780246175,-6.256665217259643,0.6897774118130768,-1.02,0.5787551763130541,0.9830353453977829,-0.1470383931720987,0.009723858194233048,-1.0194263180232512,0.07593192713308737,0.5787551763130541,0.9830353453977829,-0.1470383931720987,Asset Management,Financial Services,PNNT
2009Q2,2009,Q2,2009-05-06,2009-03-31,42198990.0,10424714.0,5266533.0,2.0,7357162.0,0.7057423349935548,401248407.0,252853515.0,37751201.0,4160976.0,148394892.0,0.0,318791.0,79007895.0,183613807.0,12.001340894476431,9.072679342538866,0.3352341782630429,0.531976705959575,,12.001340894476431,0.16689105547929597,7.578902884050344,0.46806745256225324,0.31246508477447904,0.11982528491795656,0.0,0.06400000911301333,0.02598069878443156,8.805795323020368,0.10516923996161809,19.45415974553547,0.7057423349935548,2.324503311258278,0.0,0.0,260.358344679789,-0.16531891954688832,2.3288206302388117,-0.08692825449134342,0.0,0.0,260.358344679789,Asset Management,Financial Services,PNNT
2009Q1,2009,Q1,2009-02-04,2008-12-31,-31756724.0,12076509.0,5767929.0,-1.51,8814339.0,0.729874751055955,336482292.0,215711031.0,7668917.0,5550917.0,120771261.0,0.0,41904764.0,76058266.92,185342032.92000002,10.238424479604221,1.3815585785195492,0.3265708437340292,0.5094097668097465,,10.238424479604221,-0.14721882257379781,6.298034218332467,-0.5987571869818814,0.3525933123002875,-0.15922627913383006,0.0,0.06648199077844569,0.035890474141206816,1.1586935996340786,-0.09437858917104619,7.599106042615911,0.729874751055955,-1.8811476648318064,-1.7912755788450718,0.36010298996992524,-0.13958619463234784,1.1289312555594346,-1.8759745678212263,0.061430298613756436,-1.7912755788450718,0.36010298996992524,-0.13958619463234784,Asset Management,Financial Services,PNNT
2008Q4,2008,Q4,2008-11-20,2008-09-30,-11042074.0,11431089.0,5434110.0,-0.5240967057785807,-68364641.0,-1.050708069377374,419810699.0,210728260.0,47662879.0,2025934.0,209082439.0,0.0,-602660.0,156119600.52,317870399.52,10.001924174792912,23.526373021036225,0.481169251953724,0.9585804960378831,,10.001924174792912,-0.05239958798122283,13.65745647855598,-3.5346530126496165,0.7408574460777116,-0.45793072931769885,0.0,0.03238866217411456,0.027229151203695262,22.851386076742877,-0.02630250735939438,24.487543745010175,-5.9805886385802784,-1.7279120913591401,0.22895205627213622,1.5392443765777695,-0.20973244822303455,-10.984342616710371,-1.7262389519288546,0.37881643919869906,0.22895205627213622,1.5392443765777695,-0.20973244822303455,Asset Management,Financial Services,PNNT
2008Q3,2008,Q3,2008-08-05,2008-06-30,15204464.0,9662381.0,3941141.0,0.72,6847185.0,0.7086436562582246,432286051.0,226826839.0,46579248.0,1359212.0,205459212.0,0.0,0.0,151905846.12,314975610.12,10.76602086728168,34.26930309620574,0.4721410730877365,0.8998053356463694,,10.76602086728168,0.06703115057737942,15.721367861606783,2.4977178761447956,0.6696996122226965,0.30485323257695895,0.0,0.03051317719752812,0.02235182231221243,33.14733021780267,0.03517222904793659,-3.3618989195352387,0.7086436562582246,1.4556962025316453,8.812915749562398,0.7791421331532704,-0.21662990053199377,0.0,1.4561977010005769,-0.7368883841812889,8.812915749562398,0.7791421331532704,-0.21662990053199377,Asset Management,Financial Services,PNNT
2008Q2,2008,Q2,2008-05-08,2008-03-31,-33328673.0,9713922.0,14978970.0,-1.58,0.0,0.0,423699666.0,216257505.0,0.0,0.0,207442161.0,0.0,-286276.0,179510765.47,487260862.47,10.252038994605932,0.0,0.9181031547001502,1.7987815035598418,,10.252038994605932,-0.1541156825979288,18.47974128987241,-1.346518997846089,0.830078777936516,-0.13907334384420286,0.0,0.025820902650958988,0.02292643298897479,0.0,-0.07866107923719723,-1.8151531716908458,0.0,-1.9259259259259258,0.0,0.0,222.26304741964822,0.0,-1.888937054203575,0.12833067815905538,0.0,0.0,222.26304741964822,Asset Management,Financial Services,PNNT
2008Q1,2008,Q1,2008-02-12,2007-12-31,-11536656.0,9003608.0,13275337.0,-0.54,0.0,0.0,429678981.0,254221308.0,0.0,0.0,175457673.0,0.0,-100020.0,214069063.56,315288373.56,11.899419111748648,0.0,0.4258993529869687,0.7198452460169075,,11.899419111748648,-0.0453803659919805,23.775920004513747,-4.638888937140883,0.8420579110544109,-0.40177413628351233,0.0,0.021652498137363276,0.02095426678550981,0.0,-0.026849477191438414,-0.8459762731604407,0.0,0.20555522478526725,0.0,0.0,0.0,0.0,0.20555523304878595,-0.6354022988379474,0.0,0.0,0.0,Asset Management,Financial Services,PNNT
2007Q4,2007,Q4,2007-12-13,2007-09-30,-14521659.0,-21495569.0,36410918.0,-0.6797199967159981,0.0,0.0,555007676.0,270393094.0,0.0,0.0,284614582.0,0.0,-196769.0,298243924.88,50284289.879999995,12.656377137468148,0.0,0.018017768820912668,0.036983193069272696,0.12989606963302622,12.656377137468148,-0.05370573184831414,-13.874669932207889,-5.134467158332254,1.1030012655574704,0.0,0.0,0.0,-0.03873021929159769,0.0,-0.026164789475812585,-8.349766537171957,0.0,-6.358905201164898,0.0,0.0,0.0,-1.0,-6.469812442709689,10.351031059765521,0.0,0.0,0.0,Asset Management,Financial Services,PNNT
2007Q3,2007,Q3,2007-08-09,2007-06-30,-1944046.0,5425279.0,3207719.0,-0.092367,5425279.0,1.0,581223084.0,289251762.0,306179392.0,1595812.0,291971322.0,0.0,0.0,295708706.15000004,7603757.150000036,13.743211381941924,191.86432487034813,0.0,0.0,0.010725589639495211,13.743211381941924,-0.00672094782260998,54.50571411166136,-38.027483165264606,1.0223229207156914,0.0,0.0,0.0,0.009334245575146496,190.94363120467824,-0.0033447501544862936,2.0438787609164937,1.0,0.0,0.0,0.0,0.0,0.0,0.0,0.0,0.0,0.0,0.0,Asset Management,Financial Services,PNNT
2007Q2,2007,Q2,2007-03-31,2007-03-31,0.0,0.0,0.0,0.0,0.0,0.0,244776478.0,966454.0,8842139.0,283228.0,243810024.0,0.0,0.0,303075115.2,456683895.2,0.04591910355561914,31.219155591961247,0.6344402381670023,160.68643411895445,,0.04591910355561914,0.0,0.0,0.0,313.59497213524907,0.0,0.0,,0.0,31.219155591961247,0.0,0.0,0.0,0.0,0.0,0.0,0.0,0.0,0.0,0.0,0.0,0.0,0.0,Asset Management,Financial Services,PNNT
