Quarters,Year,Quarter,FillingDate,Date,NetIncome,Revenue,OperatingIncome,EPSDiluted,GrossProfit,GrossProfitRatio,TotalAssets,CommonStockEquity,CurrentAssets,CurrentLiability,TotalLiability,Inventory,RetainedEarnings,MarketCap,EnterpriseValue,bookValuePerShare,currentRatio,debtToAssets,debtToEquity,roic,shareholdersEquityPerShare,roe,priceToSalesRatio,peRatio,pbRatio,payoutRatio,inventoryTurnover,dividendYield,assetTurnover,quickRatio,returnOnAssets,priceToFreeCashFlowsRatio,grossProfitMargin,epsdilutedGrowth,fiveYNetIncomeGrowthPerShare,fiveYRevenueGrowthPerShare,fiveYShareholdersEquityGrowthPerShare,grossProfitGrowth,netIncomeGrowth,operatingIncomeGrowth,threeYNetIncomeGrowthPerShare,threeYRevenueGrowthPerShare,threeYShareholdersEquityGrowthPerShare,Industry,Sector,Symbol
2023Q1,2023,Q1,2023-05-04,2023-03-31,99000000.0,1448000000.0,131000000.0,0.54,546000000.0,0.3770718232,7940000000.0,3578000000.0,3010000000.0,1494000000.0,4351000000.0,857000000.0,2331000000.0,18887880000.0,19931880000.0,19.83370288248337,2.0147255689424366,0.24534005037783374,0.5444382336500838,0.018403105923220354,19.83370288248337,0.0276690888764673,13.044116022099448,47.696666666666665,5.278893236444942,0.6060606060606061,1.0525087514585765,0.00317664025819732,0.18236775818639797,1.3119143239625168,0.012468513853904283,-277.7629411764706,0.3770718232044199,-0.34146341463414626,0.24969126273541228,0.18651330832423896,0.40420430875984187,-0.04712041884816754,-0.33557046979865773,-0.3350253807106599,1.6023748395378694,0.2879738900198037,0.270993335499112,Specialty Industrial Machinery,Industrials,XYL
2022Q4,2022,Q4,2023-02-24,2022-12-31,149000000.0,1506000000.0,197000000.0,0.82,573000000.0,0.3804780876,7952000000.0,3494000000.0,3012000000.0,1590000000.0,4449000000.0,799000000.0,2292000000.0,19924714000.0,20929714000.0,19.38956714761376,1.8943396226415095,0.24509557344064387,0.5578133943903835,0.028176139025195626,19.38956714761376,0.04264453348597596,13.230221779548472,33.43072818791946,5.702551230681168,0.3624161073825503,1.1677096370463078,0.0027102020134391895,0.18938631790744467,1.2830188679245282,0.018737424547283704,65.97587417218543,0.3804780876494024,10.714285714285714,1.0950977786809648,0.17736318386340086,0.39360093082529585,0.09351145038167939,11.416666666666666,3.477272727272727,0.2627118644067796,0.0984682713347922,0.1816029759891781,Specialty Industrial Machinery,Industrials,XYL
2022Q3,2022,Q3,2022-11-01,2022-09-30,12000000.0,1380000000.0,44000000.0,0.07,524000000.0,0.3797101449,8106000000.0,3215000000.0,3191000000.0,1929000000.0,4884000000.0,837000000.0,2197000000.0,15742272000.0,16982272000.0,17.84128745837958,1.654224987039917,0.2992844806316309,0.7545878693623639,0.00544509528916756,17.84128745837958,0.0037325038880248835,11.40744347826087,327.96399999999994,4.896507620528771,4.416666666666667,1.022700119474313,0.0033667313079077787,0.1702442635085122,1.1425609123898393,0.0014803849000740192,105.6528322147651,0.37971014492753624,-0.8870967741935485,-0.8860948152846044,0.15096661542962486,0.30097248376978175,0.007692307692307693,-0.8928571428571429,-0.6986301369863014,-0.8154870656535473,0.06422390759238703,0.11338041276997997,Specialty Industrial Machinery,Industrials,XYL
2022Q2,2022,Q2,2022-08-02,2022-06-30,112000000.0,1364000000.0,146000000.0,0.62,520000000.0,0.3812316716,8189000000.0,3195000000.0,3174000000.0,1951000000.0,4986000000.0,852000000.0,2238000000.0,14088036000.000002,15446036000.000002,17.730299667036626,1.6268580215274218,0.30174624496275493,0.77339593114241,0.02095786894154559,17.730299667036626,0.035054773082942095,10.328472140762464,31.446508928571433,4.409400938967137,0.49107142857142855,0.9906103286384976,0.003904021823907889,0.1665649041396996,1.0953357252690927,0.01367688362437416,210.26919402985078,0.3812316715542522,0.3777777777777777,0.12754627294027956,0.1679195700844041,0.3464532009301386,0.11349036402569593,0.36585365853658536,0.3153153153153153,-0.19513889443384258,0.013000837565860355,0.10278297859937537,Specialty Industrial Machinery,Industrials,XYL
2022Q1,2022,Q1,2022-05-04,2022-03-31,82000000.0,1272000000.0,111000000.0,0.45,467000000.0,0.3671383648,8219000000.0,3198000000.0,3118000000.0,1920000000.0,5013000000.0,804000000.0,2181000000.0,15363852000.0,16752852000.0,17.74694783573807,1.6239583333333334,0.30490327290424624,0.7836147592245153,0.01607712498189513,17.74694783573807,0.02564102564102564,12.0785,46.841012195121955,4.8042063789868665,0.6707317073170732,1.0012437810945274,0.0035798314120703586,0.15476335320598614,1.1083333333333334,0.00997688283246137,-118.18347692307692,0.3671383647798742,-0.27419354838709675,0.4594101791660059,0.18372054704234636,0.4159714932468047,-0.05273833671399594,-0.2743362831858407,-0.2014388489208633,0.035094620604391745,0.025441057587141488,0.1406031924471141,Specialty Industrial Machinery,Industrials,XYL
2021Q4,2021,Q4,2022-02-25,2021-12-31,113000000.0,1323000000.0,139000000.0,0.62,493000000.0,0.3726379441,8276000000.0,3218000000.0,3160000000.0,1391000000.0,5050000000.0,700000000.0,2154000000.0,21609584000.0,22769584000.0,17.85793562708102,2.271746944644141,0.30316578057032384,0.7796768178993163,0.021507717418690505,17.85793562708102,0.03511497824735861,16.333774754346184,47.808814159292034,6.715221876942201,0.45132743362831856,1.1857142857142857,0.0023600639419990685,0.1598598356694055,1.6549245147375988,0.013653939101014983,155.46463309352518,0.3726379440665155,-0.015873015873015886,1.2524750277469479,0.20419625074118564,0.4645138075907539,0.04449152542372881,-0.008771929824561403,-0.08552631578947369,-0.49917129115797265,-0.048103117747956795,0.15934647116562836,Specialty Industrial Machinery,Industrials,XYL
2021Q3,2021,Q3,2021-11-02,2021-09-30,114000000.0,1265000000.0,152000000.0,0.63,472000000.0,0.3731225296442688,8151000000.0,3093000000.0,3057000000.0,1314000000.0,5049000000.0,679000000.0,2092000000.0,22287136000.0,23557136000.0,17.164261931187568,2.32648401826484,0.30977794135688874,0.8163595215001617,0.02290536467751658,17.164261931187568,0.03685741998060136,17.61828932806324,48.87529824561404,7.205669576462982,0.43859649122807015,1.1678939617083948,0.0022434466232000377,0.15519568151147098,1.69558599695586,0.013986013986013986,342.8790153846154,0.3731225296442688,0.01612903225806453,0.5538442826083652,0.4032129542673382,0.3819273301580291,-0.09230769230769231,0.008849557522123894,-0.05,-0.125510116964057,-0.01982128119752975,0.17860828010485508,Specialty Industrial Machinery,Industrials,XYL
2021Q2,2021,Q2,2021-08-03,2021-06-30,113000000.0,1351000000.0,160000000.0,0.62,520000000.0,0.38490007401924503,8785000000.0,3040000000.0,3623000000.0,1959000000.0,5736000000.0,642000000.0,2029000000.0,21604796000.0,22900796000.0,16.87951138256524,1.849412965798877,0.3569721115537849,1.0315789473684212,0.020975743316302142,16.87951138256524,0.037171052631578945,15.991706883789785,47.79822123893805,7.106840789473684,0.45132743362831856,1.294392523364486,0.0023605869733738754,0.15378486055776894,1.4369576314446146,0.0128628343767786,113.11411518324607,0.38490007401924503,0.2916666666666667,0.5827122647042723,0.4415221157535276,0.39057980157195704,0.061224489795918366,0.2988505747126437,0.20300751879699247,-0.01902807618955647,0.024107504604925164,0.2076944475070554,Specialty Industrial Machinery,Industrials,XYL
2021Q1,2021,Q1,2021-05-04,2021-03-31,87000000.0,1256000000.0,133000000.0,0.48,490000000.0,0.39012738853503187,8545000000.0,2937000000.0,3401000000.0,1844000000.0,5599000000.0,596000000.0,1967000000.0,18963954000.0,20399954000.0,16.289517470881865,1.844360086767896,0.3655939145699239,1.0636704119850187,0.01657142857142857,16.289517470881865,0.0296220633299285,15.09868949044586,54.494120689655176,6.45691317671093,0.5862068965517241,1.2852348993288591,0.002689312576902475,0.14698654183733179,1.4316702819956617,0.010181392627267407,-291.75313846153847,0.39012738853503187,-0.4146341463414634,0.30575303786618274,0.46889907349747006,0.3475256231123211,-0.06844106463878327,-0.41216216216216217,-0.2569832402234637,0.09882263737652441,0.029756395234638165,0.15327988705692547,Specialty Industrial Machinery,Industrials,XYL
2020Q4,2020,Q4,2021-02-26,2020-12-31,148000000.0,1373000000.0,179000000.0,0.82,526000000.0,0.38310269482884196,8750000000.0,2968000000.0,3523000000.0,1956000000.0,5774000000.0,558000000.0,1930000000.0,18352737000.0,19624737000.0,16.46145313366611,1.8011247443762781,0.35965714285714284,1.060309973045822,0.02713999450889436,16.46145313366611,0.04986522911051213,13.366887836853605,31.00124493243243,6.183536725067386,0.3108108108108108,1.517921146953405,0.00250643814053457,0.1569142857142857,1.4304703476482619,0.016914285714285715,56.81961919504644,0.38310269482884196,3.099999999999999,0.2860048068034757,0.368263937479564,0.41075601231898623,0.14099783080260303,3.0,1.452054794520548,1.079882511932382,0.07279088928180702,0.18314639182841927,Specialty Industrial Machinery,Industrials,XYL
2020Q3,2020,Q3,2020-10-29,2020-09-30,37000000.0,1220000000.0,73000000.0,0.2,461000000.0,0.3778688524590164,8448000000.0,2867000000.0,3311000000.0,1280000000.0,5573000000.0,582000000.0,1828000000.0,15141600000.0,16893600000.0,15.927777777777777,2.58671875,0.37334280303030304,1.1001046389954656,0.008881946728049983,15.927777777777777,0.012905476107429368,12.411147540983606,102.30810810810812,5.2813393791419605,1.2702702702702702,1.3041237113402062,0.003104031278068368,0.14441287878787878,2.0078125,0.004379734848484848,64.70769230769231,0.3778688524590164,0.1764705882352941,-0.5776767676767677,0.35856122197585605,0.40956545385326576,0.06221198156682028,0.1935483870967742,0.35185185185185186,-0.6484021164021164,0.018651789865178982,0.1614408805882618,Specialty Industrial Machinery,Industrials,XYL
2020Q2,2020,Q2,2020-07-30,2020-06-30,31000000.0,1160000000.0,54000000.0,0.17,434000000.0,0.3741379310344828,8444000000.0,2856000000.0,3301000000.0,1373000000.0,5579000000.0,595000000.0,1838000000.0,11692799999.999998,13415799999.999998,15.866666666666667,2.4042243262927894,0.39081004263382285,1.1554621848739495,0.007698144443678002,15.866666666666667,0.010854341736694677,10.079999999999998,94.29677419354837,4.094117647058823,1.5161290322580645,1.2201680672268909,0.004019567597153805,0.13737565135007104,1.8448652585579024,0.0036712458550450023,85.34890510948904,0.3741379310344828,-0.19047619047619038,-0.5775900900900901,0.271376811594203,0.3845192307692308,0.061124694376528114,-0.18421052631578946,-0.11475409836065574,-0.6875645342312009,-0.005651011836578868,0.2049274136715997,Specialty Industrial Machinery,Industrials,XYL
2020Q1,2020,Q1,2020-05-05,2020-03-31,38000000.0,1123000000.0,61000000.0,0.21,409000000.0,0.36420302760463047,7591000000.0,2812000000.0,2462000000.0,1584000000.0,4770000000.0,573000000.0,1854000000.0,11736426000.0,13543426000.0,15.60488346281909,1.5542929292929293,0.33539718087208537,0.9054054054054054,0.01019402958819287,15.60488346281909,0.013513513513513514,10.450958147818344,77.21332894736842,4.173693456614509,1.263157894736842,1.2460732984293195,0.004089831095088063,0.147938348043736,1.082070707070707,0.005005928072717692,-221.442,0.36420302760463047,-0.676923076923077,-0.39998959489456165,0.35584316907935826,0.428682392448143,-0.2383612662942272,-0.6779661016949152,-0.6871794871794872,-0.3236879657523387,0.045061457805467775,0.24506311413696527,Specialty Industrial Machinery,Industrials,XYL
2019Q4,2019,Q4,2020-02-28,2019-12-31,118000000.0,1371000000.0,195000000.0,0.65,537000000.0,0.3916849015317287,7710000000.0,2957000000.0,2450000000.0,1501000000.0,4743000000.0,539000000.0,1866000000.0,14197958000.000002,15850958000.000002,16.409544950055494,1.6322451698867422,0.30830090791180287,0.8038552587081501,0.023961012589684586,16.409544950055494,0.039905309435238415,10.355913931436909,30.080419491525426,4.801473791004397,0.3644067796610169,1.5473098330241188,0.0030286045359480566,0.17782101167315176,1.17255163224517,0.01530479896238651,42.13043916913947,0.3916849015317287,0.8055555555555557,0.2421268035516094,0.3296119048785631,0.40487923620362265,0.0550098231827112,0.8153846153846154,16.727272727272727,1.352142064372919,0.24788591063202223,0.3457325447625419,Specialty Industrial Machinery,Industrials,XYL
2019Q3,2019,Q3,2019-10-31,2019-09-30,65000000.0,1296000000.0,11000000.0,0.36,509000000.0,0.39274691358024694,7515000000.0,2886000000.0,2263000000.0,1461000000.0,4620000000.0,580000000.0,1791000000.0,14339562000.0,16282562000.0,16.024430871737923,1.5489390828199863,0.3188290086493679,0.8302148302148302,-0.011153750155996506,16.024430871737923,0.02252252252252252,11.064476851851852,55.15216153846154,4.968663201663202,0.676923076923077,1.356896551724138,0.0030684340288775905,0.1724550898203593,1.0479123887748119,0.008649367930805056,72.05810050251256,0.39274691358024694,-0.5324675324675325,-0.37964233706640965,0.36148660920464754,0.33135034420002263,-0.03231939163498099,-0.5323741007194245,-0.935672514619883,-0.11354422581062264,0.4383982142956624,0.29015736654809593,Specialty Industrial Machinery,Industrials,XYL
2019Q2,2019,Q2,2019-08-01,2019-06-30,139000000.0,1345000000.0,171000000.0,0.77,526000000.0,0.39107806691449815,7674000000.0,2894000000.0,2258000000.0,1537000000.0,4768000000.0,604000000.0,1770000000.0,15193800000.0,17326800000.0,16.07777777777778,1.4690956408588158,0.32786030753192597,0.8693849343469247,0.027839463660768244,16.07777777777778,0.04803040774015204,11.296505576208178,27.326978417266186,5.250103662750518,0.30935251798561153,1.3559602649006623,0.002830101752030434,0.17526713578316394,0.9622641509433962,0.01811310919989575,241.17142857142858,0.39107806691449815,0.7906976744186047,0.6468087855297158,0.3635876174682145,0.31343627814897324,0.10970464135021098,0.759493670886076,0.5688073394495413,0.9479577464788734,0.435917381974249,0.32453081876724943,Specialty Industrial Machinery,Industrials,XYL
2019Q1,2019,Q1,2019-05-02,2019-03-31,79000000.0,1237000000.0,109000000.0,0.43,474000000.0,0.3831851253031528,7468000000.0,2796000000.0,2081000000.0,1441000000.0,4660000000.0,617000000.0,1674000000.0,14476632000.0,16611632000.0,15.559265442404007,1.4441360166551007,0.322710230316015,0.8619456366237482,0.01738921468844408,15.559265442404007,0.028254649499284693,11.703016976556185,45.81212658227848,5.177622317596566,0.5569620253164557,1.2366288492706645,0.003039380983090542,0.16564006427423675,0.8986814712005552,0.010578468130690948,1034.0451428571428,0.3831851253031528,-0.653225806451613,0.6553098701918162,0.4018120708907784,0.28787997941836657,-0.12546125461254612,-0.6488888888888888,-0.4381443298969072,0.18964267044400604,0.4515087785690305,0.2871166317801555,Specialty Industrial Machinery,Industrials,XYL
2018Q4,2018,Q4,2019-02-22,2018-12-31,225000000.0,1386000000.0,194000000.0,1.24,542000000.0,0.39105339105339104,7222000000.0,2768000000.0,2094000000.0,1389000000.0,4440000000.0,595000000.0,1639000000.0,11989584000.0,14001584000.0,15.403450194769059,1.5075593952483801,0.3195790639711991,0.8338150289017341,0.04804073061531757,15.403450194769059,0.08128612716763006,8.650493506493506,13.32176,4.331497109826589,0.1688888888888889,1.4184873949579833,0.0031694177212487104,0.19191359734145666,0.9553635709143269,0.031154804763223482,90.83018181818181,0.39105339105339104,0.7222222222222223,2.3972061278601595,0.3775621518277478,0.268155538123557,0.07326732673267326,0.7307692307692307,0.10227272727272728,0.9616026711185309,0.38583084483528884,0.32008455124076474,Specialty Industrial Machinery,Industrials,XYL
2018Q3,2018,Q3,2018-10-30,2018-09-30,130000000.0,1287000000.0,176000000.0,0.72,505000000.0,0.3923853923853924,7326000000.0,2617000000.0,2204000000.0,1483000000.0,4695000000.0,622000000.0,1452000000.0,14491008000.0,16618008000.0,14.563160823594881,1.4861766689143627,0.34548184548184546,0.9671379442109286,0.027605244996549344,14.563160823594881,0.04967520061138708,11.259524475524476,27.86732307692308,5.537259457393962,0.2923076923076923,1.257234726688103,0.0026223158526998257,0.17567567567567569,0.9581928523263655,0.017745017745017744,114.10242519685039,0.3923853923853924,0.12499999999999993,0.8353267622597784,0.37449808402605367,0.2498134312000798,-0.02697495183044316,0.13043478260869565,0.029239766081871343,0.48631557646582685,0.4355633372694327,0.28880052711989934,Specialty Industrial Machinery,Industrials,XYL
2018Q2,2018,Q2,2018-07-31,2018-06-30,115000000.0,1317000000.0,171000000.0,0.64,519000000.0,0.3940774487471526,7232000000.0,2513000000.0,2106000000.0,1477000000.0,4703000000.0,598000000.0,1359000000.0,12114924000.0,14333924000.0,13.976640711902114,1.4258632362897765,0.351216814159292,1.0107441305212892,0.025944983178309913,13.976640711902114,0.045762037405491444,9.198879271070615,26.336791304347827,4.820900915240748,0.33043478260869563,1.334448160535117,0.0031366271880863637,0.18210730088495575,0.9072444143534191,0.015901548672566372,137.6695909090909,0.3940774487471526,0.48837209302325585,1.5778642936596214,0.41460303114571745,0.26280174853150673,0.1282608695652174,0.45569620253164556,0.5132743362831859,0.5687475573459999,0.44505670551820864,0.2195962928895354,Specialty Industrial Machinery,Industrials,XYL
2018Q1,2018,Q1,2018-05-01,2018-03-31,79000000.0,1217000000.0,113000000.0,0.43,460000000.0,0.3779786359901397,7350000000.0,2541000000.0,2066000000.0,1460000000.0,4793000000.0,578000000.0,1282000000.0,13837908000.0,16139908000.0,14.124513618677042,1.415068493150685,0.35360544217687073,1.0228256591892955,0.018281793979111203,14.124513618677042,0.03109012199921291,11.370507806080527,43.79084810126582,5.445851239669421,0.4810126582278481,1.3096885813148789,0.0027460798265171297,0.165578231292517,0.8876712328767123,0.010748299319727891,6918.954,0.3779786359901397,0.1025641025641025,0.9900215566913868,0.4299348456132563,0.2864385442893109,-0.0962671905697446,0.11267605633802817,-0.3687150837988827,0.2494701917732073,0.4717834081459034,0.29314928605384083,Specialty Industrial Machinery,Industrials,XYL
2017Q4,2017,Q4,2018-02-23,2017-12-31,71000000.0,1277000000.0,179000000.0,0.39,509000000.0,0.3985904463586531,6860000000.0,2503000000.0,2071000000.0,1100000000.0,4341000000.0,524000000.0,1227000000.0,12269180000.0,14055180000.0,13.913285158421345,1.8827272727272728,0.3206997084548105,0.8789452656811826,0.018501783731424387,13.913285158421345,0.02836596084698362,9.607815191855913,43.20133802816902,4.901789852177387,0.4647887323943662,1.465648854961832,0.0026896663020674564,0.18615160349854226,1.2454545454545454,0.010349854227405248,47.926484375,0.3985904463586531,-0.32758620689655166,0.004500217015541281,0.3610737762235755,0.2464264139029345,0.08067940552016985,-0.3238095238095238,0.17763157894736842,-0.25137229016120066,0.24051483069608934,0.1911655981892463,Specialty Industrial Machinery,Industrials,XYL
2017Q3,2017,Q3,2017-10-31,2017-09-30,105000000.0,1195000000.0,152000000.0,0.58,471000000.0,0.3941422594142259,6783000000.0,2463000000.0,1995000000.0,1136000000.0,4303000000.0,562000000.0,1188000000.0,11248348000.0,13251348000.0,13.71380846325167,1.756161971830986,0.3370190181335692,0.928136419001218,0.025409929611537343,13.71380846325167,0.04263093788063337,9.41284351464435,26.781780952380952,4.56692976045473,0.3047619047619048,1.2882562277580072,0.002844862196653233,0.17617573345127524,1.1205985915492958,0.015479876160990712,60.474989247311825,0.3941422594142259,0.05454545454545439,0.5094886785449146,0.3285909252928695,0.24118646218037276,0.026143790849673203,0.06060606060606061,0.09352517985611511,0.004906080598394785,0.2588780421243007,0.13937797629022083,Specialty Industrial Machinery,Industrials,XYL
2017Q2,2017,Q2,2017-08-01,2017-06-30,99000000.0,1164000000.0,139000000.0,0.55,459000000.0,0.3943298969072165,6707000000.0,2365000000.0,1961000000.0,1200000000.0,4325000000.0,554000000.0,1117000000.0,9955228000.0,12078228000.0,13.16815144766147,1.6341666666666668,0.3594751751900999,1.0194503171247358,0.02405277074075612,13.16815144766147,0.04186046511627907,8.552601374570447,25.139464646464646,4.209398731501057,0.32323232323232326,1.272563176895307,0.0032143914735051774,0.1735500223646936,1.0266666666666666,0.014760697778440435,153.15735384615385,0.3943298969072165,0.774193548387097,0.15075949050324064,0.2465658675593798,0.2559766627184297,0.11407766990291263,0.7678571428571429,0.6162790697674418,0.17551924172579886,0.18271448991124561,0.07574119175996163,Specialty Industrial Machinery,Industrials,XYL
2017Q1,2017,Q1,2017-05-02,2017-03-31,56000000.0,1071000000.0,86000000.0,0.31,412000000.0,0.38468720821662,6527000000.0,2251000000.0,1863000000.0,1191000000.0,4259000000.0,540000000.0,1050000000.0,9019512000.0,11119512000.0,12.533407572383073,1.5642317380352644,0.36571165926152904,1.0604175921812529,0.014833980163863735,12.533407572383073,0.024877832074633496,8.421579831932773,40.265678571428566,4.006891159484674,0.5892857142857143,1.2203703703703703,0.003658734530205182,0.16408763597364792,0.9697732997481109,0.008579745671824728,1002.168,0.38468720821662,0.10714285714285703,-0.0824053452115813,0.19522903750075232,0.19224923751658368,0.014778325123152709,0.12,-0.21100917431192662,0.1740375437480115,0.21437078717975197,0.03742202651623007,Specialty Industrial Machinery,Industrials,XYL
2016Q4,2016,Q4,2017-02-23,2016-12-31,50000000.0,1095000000.0,109000000.0,0.28,406000000.0,0.37077625570776257,6474000000.0,2190000000.0,1839000000.0,1238000000.0,4267000000.0,522000000.0,1033000000.0,8893792000.0,10953792000.0,12.193763919821826,1.4854604200323103,0.3657707754093296,1.0812785388127855,0.013285554092925748,12.193763919821826,0.0228310502283105,8.122184474885845,44.46896,4.061092237442923,0.56,1.3199233716475096,0.003148263417898687,0.1691380908248378,0.9297253634894992,0.007723200494284831,47.05710052910053,0.37077625570776257,-0.3170731707317072,-0.007409628233681765,0.12698097245013285,0.23739673275039228,0.13725490196078433,-0.3150684931506849,0.0,-0.24464496266212502,0.08893971113607306,0.00390425845922666,Specialty Industrial Machinery,Industrials,XYL
2016Q3,2016,Q3,2016-11-01,2016-09-30,73000000.0,897000000.0,109000000.0,0.41,357000000.0,0.3979933110367893,4778000000.0,2227000000.0,2092000000.0,841000000.0,2551000000.0,488000000.0,1011000000.0,9404285000.0,9955285000.0,12.420524261015059,2.487514863258026,0.2532440351611553,0.5433318365514145,0.024369477665650886,12.420524261015059,0.0327795240233498,10.484152731326644,32.20645547945206,4.222849124382577,0.3835616438356164,1.1065573770491803,0.002977366168719897,0.18773545416492257,1.7253269916765754,0.015278359146086228,77.72136363636363,0.3979933110367893,0.05128205128205118,-0.02709671811735403,-0.0196878524756374,0.17138721887584363,-0.032520325203252036,0.028169014084507043,0.0,0.032905744562186263,-0.03987932344841335,0.06593192453196897,Specialty Industrial Machinery,Industrials,XYL
2016Q2,2016,Q2,2016-08-02,2016-06-30,71000000.0,932000000.0,109000000.0,0.39,369000000.0,0.3959227467811159,4694000000.0,2174000000.0,2007000000.0,820000000.0,2520000000.0,483000000.0,966000000.0,7996815000.0,8644815000.0,12.138470128419877,2.4475609756097563,0.26288879420536854,0.5676172953081877,0.02523148148148148,12.138470128419877,0.03265869365225391,8.580273605150214,28.157799295774648,3.67838776448942,0.39436619718309857,1.165631469979296,0.0035013939924832573,0.19855134213890072,1.670731707317073,0.015125692373242437,135.53923728813558,0.3959227467811159,0.054054054054054106,0.016393696879458977,-0.010689101762387881,0.0,0.12158054711246201,0.07575757575757576,0.379746835443038,0.5977714660257809,0.004983249581239543,0.09672142388355028,Specialty Industrial Machinery,Industrials,XYL
2016Q1,2016,Q1,2016-05-03,2016-03-31,66000000.0,847000000.0,79000000.0,0.37,329000000.0,0.3884297520661157,5304000000.0,2159000000.0,2575000000.0,1432000000.0,3145000000.0,482000000.0,923000000.0,7304740000.0,7984740000.0,12.088465845464725,1.7981843575418994,0.3531297134238311,0.8675312644742936,0.019894688644688643,12.088465845464725,0.030569708198239925,8.624250295159387,27.6694696969697,3.383390458545623,0.42424242424242425,1.0746887966804979,0.003833127530890901,0.15969079939668174,1.3582402234636872,0.012443438914027148,1826.185,0.3884297520661157,-0.421875,-0.12541993281075034,-0.016343092970293308,-0.2117517502392129,-0.1564102564102564,-0.42105263157894735,-0.44366197183098594,0.6746510802174089,0.00244092913279503,0.10099850690556167,Specialty Industrial Machinery,Industrials,XYL
2015Q4,2015,Q4,2016-02-26,2015-12-31,114000000.0,994000000.0,142000000.0,0.64,390000000.0,0.39235412474849096,4657000000.0,2084000000.0,2005000000.0,823000000.0,2573000000.0,433000000.0,885000000.0,6518900000.0,7112900000.0,11.668533034714446,2.4362089914945324,0.27356667382435046,0.6113243761996161,0.0376619267421084,11.668533034714446,0.05470249520153551,6.558249496981891,14.295833333333333,3.128071017274472,0.21929824561403508,1.3949191685912241,0.0038350028379021,0.213442130126691,1.7363304981773997,0.024479278505475627,39.50848484848485,0.39235412474849096,0.3333333333333334,0.21474007457775834,0.09881610386188484,-0.20779286568286615,0.1111111111111111,0.29545454545454547,0.18333333333333332,0.6245992422034392,0.06715342469869423,0.04532952644645337,Specialty Industrial Machinery,Industrials,XYL
2015Q3,2015,Q3,2015-10-29,2015-09-30,88000000.0,902000000.0,120000000.0,0.48,351000000.0,0.38913525498891355,4645000000.0,2043000000.0,2017000000.0,815000000.0,2602000000.0,477000000.0,796000000.0,5939280000.0,6603280000.0,11.299778761061948,2.474846625766871,0.2744886975242196,0.6240822320117474,0.029744300417434217,11.299778761061948,0.043073910915320604,6.584567627494457,16.872954545454547,2.907136563876652,0.29545454545454547,1.1551362683438156,0.004377634999528562,0.19418729817007535,1.6846625766871166,0.018945102260495155,51.20068965517241,0.38913525498891355,0.17073170731707318,-0.012642225031605623,0.14262774764487576,0.0,0.008620689655172414,0.1891891891891892,0.15384615384615385,0.2566986234021631,-0.003819995627501075,0.022701495463201646,Specialty Industrial Machinery,Industrials,XYL
2015Q2,2015,Q2,2015-07-30,2015-06-30,74000000.0,920000000.0,104000000.0,0.41,348000000.0,0.3782608695652174,4719000000.0,2080000000.0,2056000000.0,837000000.0,2639000000.0,498000000.0,734000000.0,6728205000.0,7405205000.0,11.460055096418733,2.4563918757467142,0.2706081796990888,0.6139423076923077,0.025192561385590874,11.460055096418733,0.035576923076923075,7.313266304347826,22.730422297297295,3.234713942307692,0.33783783783783783,1.1485943775100402,0.00371570129031443,0.19495655859292224,1.6391875746714457,0.015681288408561134,105.128203125,0.3782608695652174,0.17142857142857143,0.04533210896847263,-0.03634037217035068,0.0,0.10476190476190476,0.15625,0.25301204819277107,-0.1488408084935153,-0.025055752328479657,0.09305864317997974,Specialty Industrial Machinery,Industrials,XYL
2015Q1,2015,Q1,2015-04-30,2015-03-31,64000000.0,837000000.0,83000000.0,0.35,315000000.0,0.3763440860215054,4620000000.0,1989000000.0,1973000000.0,833000000.0,2631000000.0,502000000.0,686000000.0,6377142000.000001,7100142000.000001,10.922570016474465,2.3685474189675872,0.27640692640692643,0.6420311714429362,0.021122784135643904,10.922570016474465,0.03217697335344394,7.61904659498208,24.910710937500003,3.2062051282051285,0.40625,1.0398406374501992,0.0040770614798917755,0.18116883116883117,1.5510204081632653,0.013852813852813853,3188.5710000000004,0.3763440860215054,-0.326923076923077,0.15854710912371545,0.23686725808233386,0.0,-0.22604422604422605,-0.3333333333333333,-0.41134751773049644,0.03428257629246094,-0.07873725455274058,0.039017178580998284,Specialty Industrial Machinery,Industrials,XYL
2014Q4,2014,Q4,2015-02-26,2014-12-31,96000000.0,1042000000.0,141000000.0,0.52,407000000.0,0.390595009596929,4864000000.0,2127000000.0,2102000000.0,908000000.0,2737000000.0,486000000.0,648000000.0,6932547000.0,7557547000.0,11.680395387149918,2.314977973568282,0.26480263157894735,0.6055477197931358,0.03096632503660322,11.680395387149918,0.045133991537376586,6.653116122840691,18.0535078125,3.2593074753173483,0.23958333333333334,1.3065843621399178,0.0033176839623301506,0.21422697368421054,1.579295154185022,0.019736842105263157,57.293776859504135,0.390595009596929,-0.10344827586206887,0.0032779089318772,0.1297383173727781,-0.20698749964403274,0.08244680851063829,-0.09433962264150944,0.08461538461538462,0.8796096819161068,0.05770990159669259,0.18530120677481934,Specialty Industrial Machinery,Industrials,XYL
2014Q3,2014,Q3,2014-10-28,2014-09-30,106000000.0,963000000.0,130000000.0,0.58,376000000.0,0.3904465212876428,4814000000.0,2193000000.0,2025000000.0,850000000.0,2621000000.0,516000000.0,575000000.0,6466278000.0,7177278000.0,12.03622392974753,2.3823529411764706,0.2575820523473203,0.5654354765161879,0.03135923390620449,12.03622392974753,0.04833561331509348,6.714722741433022,15.250655660377358,2.9485991792065667,0.22641509433962265,1.1375968992248062,0.0037115632826179136,0.2000415454923141,1.568235294117647,0.02201911092646448,51.31966666666667,0.3904465212876428,0.23404255319148934,0.18017876744550734,0.21052724761871022,0.0,-0.030927835051546393,0.23255813953488372,0.1206896551724138,0.39022338802799833,0.0356908638823326,0.13514362023246831,Specialty Industrial Machinery,Industrials,XYL
2014Q2,2014,Q2,2014-07-29,2014-06-30,86000000.0,1005000000.0,116000000.0,0.47,388000000.0,0.38606965174129354,4900000000.0,2245000000.0,2016000000.0,846000000.0,2655000000.0,527000000.0,493000000.0,7167272000.0,7959272000.0,12.241003271537622,2.382978723404255,0.253469387755102,0.5532293986636971,0.027508768833689967,12.241003271537622,0.03830734966592428,7.131613930348259,20.835093023255812,3.1925487750556796,0.26744186046511625,1.1707779886148009,0.0032090312743816617,0.20510204081632652,1.5130023640661938,0.017551020408163264,135.2315471698113,0.38606965174129354,0.7407407407407405,0.20225978432085304,0.041787631948086684,0.0,0.13450292397660818,0.7551020408163265,0.5263157894736842,0.20225978432085304,0.041787631948086684,0.0,Specialty Industrial Machinery,Industrials,XYL
2014Q1,2014,Q1,2014-04-29,2014-03-31,49000000.0,906000000.0,76000000.0,0.27,342000000.0,0.37748344370860926,4887000000.0,2229000000.0,1991000000.0,857000000.0,2658000000.0,516000000.0,430000000.0,6719490000.0,7496490000.0,12.08130081300813,2.323220536756126,0.25434827092285656,0.5576491700314042,0.017583289264939184,12.08130081300813,0.021982951996410947,7.416655629139073,34.28311224489796,3.0145760430686406,0.4897959183673469,1.0930232558139534,0.0035716996379189492,0.18538980969920196,1.4807467911318553,0.01002660118682218,-2239.83,0.37748344370860926,-0.27027027027027023,-0.12452574525745254,0.32141553485505686,0.0,-0.16585365853658537,-0.27941176470588236,-0.4108527131782946,-0.37145438121047875,0.0185292774276056,-0.21221895793666515,Specialty Industrial Machinery,Industrials,XYL
2013Q4,2013,Q4,2014-02-27,2013-12-31,68000000.0,1033000000.0,129000000.0,0.37,410000000.0,0.3969022265246854,4896000000.0,2241000000.0,2009000000.0,853000000.0,2655000000.0,475000000.0,405000000.0,6383700000.0,7091700000.0,12.146341463414634,2.3552168815943726,0.2534722222222222,0.5537706381079875,0.023544316028493672,12.146341463414634,0.03034359660865685,6.179767666989352,23.469485294117646,2.8485943775100404,0.3235294117647059,1.311578947368421,0.003446277237338847,0.21098856209150327,1.5826494724501758,0.013888888888888888,50.66428571428571,0.3969022265246854,-0.05128205128205133,-0.29858910960243623,0.10541164876889411,-0.17535320553646871,0.06770833333333333,-0.0684931506849315,0.3163265306122449,-0.29858910960243623,0.10541164876889411,-0.17535320553646871,Specialty Industrial Machinery,Industrials,XYL
2013Q3,2013,Q3,2013-10-29,2013-09-30,73000000.0,965000000.0,98000000.0,0.39,384000000.0,0.39792746113989635,4784000000.0,2158000000.0,1899000000.0,802000000.0,2626000000.0,496000000.0,359000000.0,5172636000.0,5980636000.0,11.652267818574513,2.3678304239401498,0.2512541806020067,0.556997219647822,0.02565261044176707,11.652267818574513,0.033827618164967564,5.360244559585492,17.714506849315068,2.396958294717331,0.3013698630136986,1.1713709677419355,0.004253150617982785,0.20171404682274247,1.5448877805486285,0.015259197324414716,73.8948,0.39792746113989635,0.56,-0.20040111076828143,0.19339162544415797,0.0,0.03504043126684636,0.5869565217391305,0.4,-0.20040111076828143,0.19339162544415797,0.0,Specialty Industrial Machinery,Industrials,XYL
2013Q2,2013,Q2,2013-07-30,2013-06-30,46000000.0,960000000.0,70000000.0,0.25,371000000.0,0.38645833333333335,4611000000.0,2052000000.0,1779000000.0,736000000.0,2559000000.0,471000000.0,308000000.0,5126310000.0,5970310000.0,11.067961165048544,2.417119565217391,0.2611147256560399,0.5867446393762183,0.017349885770938406,11.067961165048544,0.022417153996101363,5.33990625,27.860380434782606,2.4982017543859647,0.45652173913043476,1.2505307855626326,0.004096513866699439,0.20819778789850357,1.565217391304348,0.009976144003469963,427.1925,0.38645833333333335,0.13636363636363635,-0.363867913220664,-0.015594639363549434,0.0,0.11077844311377245,0.12195121951219512,0.06060606060606061,-0.363867913220664,-0.015594639363549434,0.0,Specialty Industrial Machinery,Industrials,XYL
2013Q1,2013,Q1,2013-04-30,2013-03-31,41000000.0,879000000.0,66000000.0,0.22,334000000.0,0.3799772468714448,4589000000.0,2040000000.0,1757000000.0,721000000.0,2549000000.0,461000000.0,283000000.0,5063050000.0,5893050000.0,10.979547900968784,2.436893203883495,0.262584441054696,0.5906862745098039,0.016350947158524427,10.979547900968784,0.020098039215686276,5.760011376564278,30.872256097560975,2.481887254901961,0.5365853658536586,1.1822125813449025,0.0043452069404805406,0.191544998910438,1.5839112343966713,0.00893440836783613,-506.305,0.3799772468714448,-0.4358974358974359,-0.2725857296632323,0.2730654925356271,0.0,-0.1256544502617801,-0.4383561643835616,-0.36538461538461536,-0.2725857296632323,0.2730654925356271,0.0,Specialty Industrial Machinery,Industrials,XYL
2012Q4,2012,Q4,2013-02-25,2012-12-31,73000000.0,969000000.0,104000000.0,0.39,382000000.0,0.3942208462332301,4679000000.0,2074000000.0,1874000000.0,781000000.0,2605000000.0,443000000.0,264000000.0,5035180000.0,5736180000.0,11.16254036598493,2.3994878361075545,0.25753366103868347,0.5810028929604629,0.02601505665950499,11.16254036598493,0.0351976856316297,5.196264189886481,17.24376712328767,2.4277627772420445,0.2602739726027397,1.325056433408578,0.003773450005759476,0.20709553323359692,1.6389244558258642,0.015601624278692027,37.29762962962963,0.3942208462332301,0.026315789473684233,-0.25228324437095645,0.029670222135238344,-0.24214602737741153,0.0213903743315508,0.013888888888888888,-0.06306306306306306,-0.25228324437095645,0.029670222135238344,-0.24214602737741153,Specialty Industrial Machinery,Industrials,XYL
2012Q3,2012,Q3,2012-11-01,2012-09-30,72000000.0,931000000.0,111000000.0,0.38,374000000.0,0.40171858216971,4596000000.0,2054000000.0,1834000000.0,785000000.0,2542000000.0,467000000.0,206000000.0,4692116000.0,5480116000.0,11.048951048951048,2.3363057324840764,0.26370757180156656,0.5900681596884129,0.024470300061236988,11.048951048951048,0.035053554040895815,5.039866809881848,16.292069444444444,2.284379746835443,0.2361111111111111,1.1927194860813704,0.0036230988321686846,0.2025674499564839,1.5605095541401275,0.015665796344647518,57.92735802469136,0.40171858216971,-0.2083333333333333,-0.21432413740106046,0.147009318225199,0.0,-0.02349869451697128,-0.19101123595505617,-0.13953488372093023,-0.21432413740106046,0.147009318225199,0.0,Specialty Industrial Machinery,Industrials,XYL
2012Q2,2012,Q2,2012-08-02,2012-06-30,89000000.0,966000000.0,129000000.0,0.48,383000000.0,0.39648033126293997,4482000000.0,1948000000.0,1749000000.0,779000000.0,2534000000.0,467000000.0,153000000.0,4676586000.0,5524586000.0,10.484391819160388,2.245186136071887,0.26907630522088355,0.6190965092402464,0.03165338700339114,10.484391819160388,0.04568788501026694,4.841186335403727,13.13647752808989,2.400711498973306,0.2247191011235955,1.2483940042826553,0.004276624015895356,0.21552878179384202,1.44801026957638,0.019857206604194554,123.06805263157895,0.39648033126293997,0.4117647058823528,0.22812761631383804,-0.011574630927688753,0.0,0.05509641873278237,0.4126984126984127,0.30303030303030304,0.22812761631383804,-0.011574630927688753,0.0,Specialty Industrial Machinery,Industrials,XYL
2012Q1,2012,Q1,2012-05-03,2012-03-31,63000000.0,925000000.0,99000000.0,0.34,363000000.0,0.3924324324324324,4513000000.0,1949000000.0,1735000000.0,819000000.0,2564000000.0,465000000.0,84000000.0,5144850000.0,6003850000.0,10.512405609492989,2.1184371184371185,0.26722800797695545,0.6187788609543355,0.02353407290015848,10.512405609492989,0.0323242688558235,5.562,20.416071428571428,2.6397383273473576,0.30158730158730157,1.2086021505376343,0.0036930134017512657,0.2049634389541325,1.352869352869353,0.013959672058497673,171.495,0.3924324324324324,0.21428571428571425,0.12014563106796126,0.3425781778268404,0.0,-0.04473684210526316,0.21153846153846154,0.0,0.12014563106796126,0.3425781778268404,0.0,Specialty Industrial Machinery,Industrials,XYL
2011Q4,2011,Q4,2012-02-28,2011-12-31,52000000.0,1003000000.0,99000000.0,0.28,380000000.0,0.37886340977068794,4393000000.0,1827000000.0,1642000000.0,817000000.0,2566000000.0,426000000.0,40000000.0,4762926000.0,5650926000.0,9.854368932038835,2.0097919216646267,0.27452765763715004,0.6600985221674877,0.0202063021054119,9.854368932038835,0.028461959496442254,4.748679960119641,22.89868269230769,2.6069655172413797,0.0,1.4624413145539905,0.0,0.22831777828363306,1.3145654834761322,0.011837013430457547,31.75284,0.37886340977068794,-0.3309086738131992,-0.46623071875799327,0.0680984603314701,-0.3309611971848588,0.0410958904109589,-0.3246753246753247,0.25316455696202533,-0.46623071875799327,0.0680984603314701,-0.3309611971848588,Specialty Industrial Machinery,Industrials,XYL
2011Q3,2011,Q3,2011-11-21,2011-09-30,77000000.0,939000000.0,79000000.0,0.418478,365000000.0,0.3887113951011715,4151000000.0,1951000000.0,1480000000.0,669000000.0,2200000000.0,437000000.0,0.0,4462000000.0,5485000000.0,10.603260869565217,2.212257100149477,0.29077330763671405,0.6186570989236289,0.023490477146696737,10.603260869565217,0.03946694003075346,4.751863684771033,14.487012987012987,2.2870322911327525,0.0,1.3135011441647597,0.0,0.22621055167429535,1.4005979073243646,0.01854974704890388,68.64615384615385,0.3887113951011715,0.0729297264590432,-0.1510869565217391,0.16881136044880782,0.0,-0.036939313984168866,0.06944444444444445,-0.31896551724137934,-0.1510869565217391,0.16881136044880782,0.0,Specialty Industrial Machinery,Industrials,XYL
2011Q2,2011,Q2,2011-06-30,2011-06-30,72000000.0,971000000.0,116000000.0,0.390033,379000000.0,0.3903192584963955,,,,,,,,4476550000.0,,,0.0,0.0,0.0,0.0,,0.0,4.610247167868177,15.543576388888889,0.0,0.0,0.0,0.0,0.0,0.0,0.0,79.93839285714286,0.3903192584963955,-0.07692143846071918,0.0,0.0,0.0,0.12462908011869436,-0.07692307692307693,0.16,0.0,0.0,0.0,Specialty Industrial Machinery,Industrials,XYL
2011Q1,2011,Q1,2011-03-31,2011-03-31,78000000.0,890000000.0,100000000.0,0.422535,337000000.0,0.37865168539325844,3849000000.0,2831000000.0,1399000000.0,638000000.0,1018000000.0,417000000.0,0.0,4476550000.0,4322550000.0,15.335861321776814,2.1927899686520376,0.0,0.0,0.027279308644393232,15.335861321776814,0.02755210173083716,5.029831460674157,14.347916666666666,1.581261038502296,0.0,1.3261390887290168,0.0,0.2312288906209405,1.358934169278997,0.020265003897116135,86.0875,0.37865168539325844,-0.20276415094339628,0.3928571428571429,0.2973760932944607,0.0,-0.06128133704735376,-0.1958762886597938,-0.0990990990990991,0.3928571428571429,0.2973760932944607,0.0,Specialty Industrial Machinery,Industrials,XYL
2010Q4,2010,Q4,2010-12-31,2010-12-31,97000000.0,935000000.0,111000000.0,0.53,359000000.0,0.3839572192513369,3735000000.0,2719000000.0,1336000000.0,649000000.0,1016000000.0,389000000.0,0.0,4476550000.0,4345550000.0,14.729144095341278,2.058551617873652,0.0,0.0,0.03567488047076131,14.729144095341278,0.03567488047076131,4.7877540106951875,11.5375,1.6463957337256345,0.0,1.480719794344473,0.0,0.250334672021419,1.2650231124807396,0.02597054886211513,37.61806722689076,0.3839572192513369,0.0751423042125293,0.0,0.0,0.0,0.16181229773462782,0.06593406593406594,0.037383177570093455,0.0,0.0,0.0,Specialty Industrial Machinery,Industrials,XYL
2010Q3,2010,Q3,2010-09-30,2010-09-30,91000000.0,806000000.0,107000000.0,0.492958,309000000.0,0.38337468982630274,,,,,,,,4476550000.0,,,0.0,0.0,0.0,0.0,,0.0,5.554032258064516,12.298214285714286,0.0,,0.0,,0.0,0.0,0.0,0.0,0.38337468982630274,0.0,0.0,0.0,0.0,0.0,0.0,0.0,0.0,0.0,0.0,Specialty Industrial Machinery,Industrials,XYL
2010Q1,2010,Q1,2010-03-31,2010-03-31,56000000.0,686000000.0,69000000.0,0.303359,255000000.0,0.3717201166180758,,,,,,,,4476550000.0,,,0.0,0.0,0.0,0.0,,0.0,6.525583090379008,19.984598214285715,0.0,0.0,0.0,0.0,0.0,0.0,0.0,139.8921875,0.3717201166180758,0.0,0.0,0.0,0.0,0.0,0.0,0.0,0.0,0.0,0.0,Specialty Industrial Machinery,Industrials,XYL
