Quarters,Year,Quarter,FillingDate,Date,NetIncome,Revenue,OperatingIncome,EPSDiluted,GrossProfit,GrossProfitRatio,TotalAssets,CommonStockEquity,CurrentAssets,CurrentLiability,TotalLiability,Inventory,RetainedEarnings,MarketCap,EnterpriseValue,bookValuePerShare,currentRatio,debtToAssets,debtToEquity,roic,shareholdersEquityPerShare,roe,priceToSalesRatio,peRatio,pbRatio,payoutRatio,inventoryTurnover,dividendYield,assetTurnover,quickRatio,returnOnAssets,priceToFreeCashFlowsRatio,grossProfitMargin,epsdilutedGrowth,fiveYNetIncomeGrowthPerShare,fiveYRevenueGrowthPerShare,fiveYShareholdersEquityGrowthPerShare,grossProfitGrowth,netIncomeGrowth,operatingIncomeGrowth,threeYNetIncomeGrowthPerShare,threeYRevenueGrowthPerShare,threeYShareholdersEquityGrowthPerShare,Industry,Sector,Symbol
2023Q1,2023,Q1,2023-05-10,2023-03-31,-143753.0,0.0,-842856.0,-0.0682,0.0,0.0,84599585.0,83611449.0,405045.0,988136.0,988136.0,0.0,-583302.0,563500.0,334328.0,10.386515403726708,0.4099081502951011,0.0,0.0,0.03443400496384412,10.386515403726708,-0.0017192980353683382,0.0,-0.9799795482529062,0.006739507648049492,0.0,0.0,0.0,0.0,0.23192354088910838,-0.0016992163732245259,2.7186236575740326,0.0,0.9999945801310146,0.0,0.0,0.0,0.0,-94.20066225165563,-0.2054283577201355,0.0,0.0,0.0,Shell Companies,Financial Services,FGMCW
2022Q4,2022,Q4,2023-02-02,2022-12-31,-1510.0,0.0,-699217.0,-12583.33,0.0,0.0,84440130.0,83755202.0,745557.0,684928.0,684928.0,0.0,-129061.0,337150.7,-184714.3,12.421033383587814,1.0885187932162212,0.0,0.0,-0.009734359187351969,12.421033383587814,-1.802873091990155e-05,0.0,-55.819652317880795,0.004025429966726127,0.0,0.0,0.0,0.0,0.7619268010652215,-1.7882492601562787e-05,0.7531300121072407,0.0,-40592.38709677419,0.0,0.0,0.0,0.0,-1.0023243141733909,-6.349966362527856,0.0,0.0,0.0,Shell Companies,Financial Services,FGMCW
2022Q3,2022,Q3,2022-10-20,2022-09-30,649654.0,0.0,-95132.0,0.31,0.0,0.0,84042966.0,83971497.0,1046315.0,71469.0,71469.0,0.0,87234.0,1207500.0,435379.0,10.431241863354037,14.640123689991464,0.0,0.0,-0.0026545325991334146,10.431241863354037,0.007736601385110474,0.0,0.46467042456446045,0.014379879401221107,0.0,0.0,0.0,0.0,10.80357917418741,0.007730022284077885,3.657284432234987,0.0,0.0,0.0,0.0,0.0,0.0,141.1562363238512,0.4925427272921245,0.0,0.0,0.0,Shell Companies,Financial Services,FGMCW
2022Q2,2022,Q2,2022-06-30,2022-06-30,4570.0,0.0,-187468.0,0.0,0.0,0.0,83765704.0,83694236.0,1141446.0,71468.0,71468.0,0.0,-190027.0,0.0,-814351.0,0.0,15.971427771869928,0.0,0.0,0.00011193575583434039,0.0,5.4603521322543645e-05,0.0,0.0,0.0,0.0,0.0,,0.0,11.394624167459563,5.455693418394717e-05,0.0,0.0,0.0,0.0,0.0,0.0,0.0,1.0574358716553345,-0.6882164888108424,0.0,0.0,0.0,Shell Companies,Financial Services,FGMCW
2022Q1,2022,Q1,2022-03-31,2022-03-31,-79567.0,0.0,-111045.0,0.0,0.0,0.0,83867155.0,83785685.0,1338916.0,81470.0,81470.0,0.0,-98578.0,0.0,-957444.0,0.0,16.434466674849638,0.0,0.0,-0.0011064758130807715,0.0,-0.0009496490957852764,0.0,0.0,0.0,0.0,0.0,,0.0,11.752105069350682,-0.000948726590284361,0.0,0.0,0.0,0.0,0.0,0.0,0.0,-43.15482796892342,-60.62319644839068,0.0,0.0,0.0,Shell Companies,Financial Services,FGMCW
2021Q4,2021,Q4,2021-12-31,2021-12-31,-1802.0,0.0,-1802.0,0.0,0.0,0.0,0.0,-3272.0,0.0,3272.0,3272.0,0.0,-3272.0,0.0,0.0,0.0,0.0,0.0,0.0,0.5507334963325183,0.0,0.5507334963325183,0.0,0.0,0.0,0.0,0.0,,0.0,0.0,0.0,0.0,0.0,0.0,0.0,0.0,0.0,0.0,0.0,0.0,0.0,0.0,0.0,Shell Companies,Financial Services,FGMCW
2021Q3,2021,Q3,2021-09-30,2021-09-30,0.0,0.0,0.0,0.0,0.0,0.0,,,,,,,,0.0,,0.0,0.0,0.0,0.0,0.0,0.0,0.0,0.0,0.0,0.0,0.0,0.0,,0.0,0.0,0.0,0.0,0.0,0.0,0.0,0.0,0.0,0.0,0.0,0.0,0.0,0.0,0.0,Shell Companies,Financial Services,FGMCW
2021Q2,2021,Q2,2021-06-30,2021-06-30,0.0,0.0,0.0,0.0,0.0,0.0,,,,,,,,0.0,,0.0,0.0,0.0,0.0,0.0,0.0,0.0,0.0,0.0,0.0,0.0,0.0,,0.0,0.0,0.0,0.0,0.0,0.0,0.0,0.0,0.0,0.0,0.0,0.0,0.0,0.0,0.0,Shell Companies,Financial Services,FGMCW
2021Q1,2021,Q1,2021-03-31,2021-03-31,0.0,0.0,0.0,0.0,0.0,0.0,,,,,,,,0.0,,0.0,0.0,0.0,0.0,0.0,0.0,0.0,0.0,0.0,0.0,0.0,0.0,,0.0,0.0,0.0,0.0,0.0,0.0,0.0,0.0,0.0,0.0,0.0,0.0,0.0,0.0,0.0,Shell Companies,Financial Services,FGMCW
