Quarters,Year,Quarter,FillingDate,Date,NetIncome,Revenue,OperatingIncome,EPSDiluted,GrossProfit,GrossProfitRatio,TotalAssets,CommonStockEquity,CurrentAssets,CurrentLiability,TotalLiability,Inventory,RetainedEarnings,MarketCap,EnterpriseValue,bookValuePerShare,currentRatio,debtToAssets,debtToEquity,roic,shareholdersEquityPerShare,roe,priceToSalesRatio,peRatio,pbRatio,payoutRatio,inventoryTurnover,dividendYield,assetTurnover,quickRatio,returnOnAssets,priceToFreeCashFlowsRatio,grossProfitMargin,epsdilutedGrowth,fiveYNetIncomeGrowthPerShare,fiveYRevenueGrowthPerShare,fiveYShareholdersEquityGrowthPerShare,grossProfitGrowth,netIncomeGrowth,operatingIncomeGrowth,threeYNetIncomeGrowthPerShare,threeYRevenueGrowthPerShare,threeYShareholdersEquityGrowthPerShare,Industry,Sector,Symbol
2023Q1,2023,Q1,2023-05-11,2023-04-01,-2628555.0,10758191.0,-2826257.0,-0.025,4134090.0,0.3842737129,59524696.0,42897473.0,46795910.0,11752362.0,16627223.0,6817754.0,-341035370.0,114489656.38000001,109075325.38000001,0.4084058512221032,3.981830205706734,0.05323529917733641,0.07386950275602482,-0.05826781455303874,0.4084058512221032,-0.06127528770750669,10.642091814506733,-10.88902994040452,2.6689137698157652,0.0,0.9715957777297333,0.0,0.18073491715102585,3.2560439339768465,-0.04415906634785669,-26.072705555172213,0.38427371293184887,0.6285289747399703,0.6696699201639856,0.32391950089762045,-0.6111416972639881,1.5924659575956093,0.5730951118017527,0.5458541913155485,0.4255379918819366,0.07299019786774602,0.344411205864863,Electronic Components,Technology,KOPN
2022Q4,2022,Q4,2023-03-14,2022-12-31,-6157238.0,12184357.0,-6223237.0,-0.0673,-6977768.0,-0.5726824977,43752172.0,24163297.0,30860673.0,14456632.0,19761557.0,6426400.0,-338406815.0,113372091.44,108477024.44,0.26428451569897227,2.134706963558317,0.07688329164549819,0.13921159020641927,-0.20264327107817137,0.26428451569897227,-0.25481779245605435,9.304725020778692,-4.60320404376118,4.691913170624026,0.0,2.981782179758496,0.0,0.27848576294680866,1.608528943670974,-0.1407298819359185,-49.832134008474426,-0.5726824977304916,-0.39916839916839925,-1.7028679855707223,-0.1539961635125108,-0.7551731485994759,-2.294371541132444,-0.3681094178593926,-1.6250984954451657,0.2410002064874752,0.25463841440539714,-0.2410536401395945,Electronic Components,Technology,KOPN
2022Q3,2022,Q3,2022-11-08,2022-09-24,-4500545.0,13378008.0,-2370668.0,-0.0481,5390854.0,0.4029638792,51126781.0,32029696.0,38176243.0,15120211.0,19269699.0,6660810.0,-332249645.0,100062367.17,93952572.17,0.34250413706258115,2.524848561967819,0.06876276838160415,0.10976123532361969,-0.06118092200502032,0.34250413706258115,-0.14051163645137313,7.479616335257088,-5.55834722072549,3.124049855796321,0.0,1.1991265326589409,0.0,0.2616634127620904,1.9701684057186768,-0.08802715351862266,-23.808353514992056,0.4029638792262645,0.23040000000000005,0.5787663772771963,0.6821245199890352,-0.6852969430445693,0.3467768167239685,0.20304686101350602,0.5666103175083422,0.40398063999615685,0.911971856330272,-0.21522077931512723,Electronic Components,Technology,KOPN
2022Q2,2022,Q2,2022-08-04,2022-06-25,-5647189.0,11909032.0,-5470061.0,-0.0625,4002782.0,0.3361131283,55571611.0,35563560.0,40063523.0,15690672.0,20180665.0,6926489.0,-326100471.0,118294308.69,108404788.69,0.39383351672554584,2.553333789655408,0.06731312864044917,0.10518347994407759,-0.1278931566776654,0.39383351672554584,-0.15879144270146184,9.933159025015636,-5.236866903604608,3.326278603435652,0.0,1.1414513182652857,0.0,0.21430064354261746,1.967755173264727,-0.10162003401341019,-12.809311148589202,0.3361131282542527,-3.111842105263158,0.39759721305466633,0.5713848397638613,-0.6775447622550671,0.05460061972687439,-3.1140359184767723,0.09996630258762561,-0.20293215166403675,0.18634229309864844,-0.23107759113470636,Electronic Components,Technology,KOPN
2022Q1,2022,Q1,2022-05-05,2022-03-26,-1372664.0,11578422.0,-6077618.0,-0.0152,3795543.0,0.3278117692,60289526.0,38873104.0,44994905.0,17073122.0,21588779.0,7132617.0,-320453539.0,229809126.29999998,211546926.29999998,0.4313423787643546,2.635423386537038,0.059799640819866454,0.09274515356427415,-0.13543414312636254,0.4313423787643546,-0.03531140708496033,19.84805237708558,-41.85458464343787,5.911777106865456,0.0,1.0911673793784245,0.0,0.19204699005263368,2.0879655753645996,-0.022767868501736104,-81.86910878433476,0.3278117691685447,0.5924932975871314,0.8749104947696107,0.8938869291136545,-0.5941592987341714,1.8941678208301638,0.5846808036835395,-0.8596907052458936,0.8992248811747962,0.7376603386323146,-0.2773299998475941,Electronic Components,Technology,KOPN
2021Q4,2021,Q4,2022-03-14,2021-12-25,-3305082.0,13197320.0,-3268080.0,-0.0373,-4244777.0,-0.3216393177,63007728.0,39799191.0,52207745.0,17533104.0,23380871.0,6581139.0,-319080898.0,384589777.03999996,361611286.03999996,0.4491239737816407,2.9776669892564374,0.06045988517472015,0.09571651845888023,-0.06959437672730537,0.4491239737816407,-0.08304394931042694,29.141505778445925,-29.090789354091665,9.663256146085985,0.0,2.6503158495816606,0.0,0.20945557662387065,2.492880211056753,-0.05245518454498153,-206.58665672560576,-0.3216393176796501,-0.865,0.5390716120177841,0.4987402885226812,-0.6111384205776649,-1.739250867032695,-0.5525636629258874,-0.5975136491685848,0.758030995884117,0.4105046226262571,-0.31201465519086086,Electronic Components,Technology,KOPN
2021Q3,2021,Q3,2021-11-04,2021-09-25,-2128790.0,10887173.0,-2045729.0,-0.02,5741998.0,0.5274094569820834,58949402.0,43040716.0,50644174.0,13699561.0,16084916.0,6739017.0,-315771920.0,503276354.79999995,476627983.79999995,0.47549696837058714,3.696773495150684,0.02886249804535761,0.039530638849037736,-0.044719889744620336,0.47549696837058714,-0.049459911401102154,46.22654152735517,-59.10356996227904,11.693029335292657,0.0,0.763490431913141,0.0,0.18468674203005486,3.0588796969479533,-0.03611215598081894,-138.05538626464042,0.5274094569820834,0.5,0.8144359491174151,0.3293797440299107,-0.6231552939589856,0.4872895239817101,0.44690476444106797,0.47819944247177476,0.8243355761017424,0.7159459232899863,-0.4197216225833483,Electronic Components,Technology,KOPN
2021Q2,2021,Q2,2021-08-05,2021-06-26,-3848867.0,9905256.0,-3920519.0,-0.04,3860713.0,0.3897640808071997,57824836.0,39816727.0,50003253.0,16083742.0,18184446.0,6249403.0,-313643130.0,715851769.36,689742612.36,0.44830904016192874,3.108931553366126,0.02162619190134841,0.031407177189626864,-0.09342141821113345,0.44830904016192874,-0.09666457516711506,72.2698907892941,-46.49756469631193,17.978669350697764,0.0,0.9672192687845543,0.0,0.17129760644716743,2.5755179982369776,-0.06656079405050107,-125.97592505625656,0.3897640808071997,0.20000000000000004,0.11349006118867358,0.6391569784547954,-0.6697143482731709,-0.2687625314932786,0.07172067787715032,0.06416071580318276,0.653367267841707,0.3869090172304796,-0.5165182926888916,Electronic Components,Technology,KOPN
2021Q1,2021,Q1,2021-05-06,2021-03-27,-4146238.0,11676369.0,-4189308.0,-0.05,5279698.0,0.45216950577701,59917002.0,42367182.0,52048454.0,15502428.0,17726141.0,5455134.0,-309794263.0,772424065.92,741750406.92,0.4848708182517836,3.3574388476437367,0.025529514978069164,0.03610464344784602,-0.09295455356395187,0.4848708182517836,-0.09786438002886291,66.15276255144043,-46.57378965703368,18.231660201521073,0.0,1.1725964935050175,0.0,0.19487572158566946,2.874166936946909,-0.06919969059867181,-1305.3657342368986,0.45216950577701,-3.5000000000000004,0.5611309420756351,0.3971563782449057,-0.6531336803740823,175.11321258214082,-4.2818405747086405,-5.271191002713011,0.373643622236866,0.7272943906269905,-0.5383365765514634,Electronic Components,Technology,KOPN
2020Q4,2020,Q4,2021-03-05,2020-12-26,1263388.0,13921666.0,980829.0,0.02,29979.0,0.0021534060650499733,47549147.0,28435431.0,39456180.0,16882509.0,19250552.0,4455756.0,-305648025.0,225460977.6,210151789.6,0.34809478072625905,2.337104040637562,0.03793298331934325,0.06343076002610969,0.029909359179976055,0.34809478072625905,0.044430063324871004,16.194971032920915,44.61435790113567,7.928874986983668,0.0,3.117694730142315,0.0,0.2927847685679829,1.9861483858826907,0.026570150669579833,139.97527664646864,0.0021534060650499733,3.0,1.1413213703232004,1.3504882337839024,-0.7662946221190463,-0.993604780148985,2.3195479612299463,1.885452485521998,1.6207229606381794,0.08188997600358715,-0.6775333245356029,Electronic Components,Technology,KOPN
2020Q3,2020,Q3,2020-11-05,2020-09-26,-957440.0,9512752.0,-1107715.0,-0.01,4687720.0,0.49278274047299875,37659025.0,23416681.0,29860085.0,11934957.0,14353810.0,3999107.0,-306911413.0,105723407.36,97156516.36,0.2835072424211357,2.5019013474451564,0.054638031653766926,0.08786962593033573,-0.04147542051690448,0.2835072424211357,-0.04088709241074771,11.11386141045199,-27.60575267379679,4.5148758425671005,0.0,1.2065273572325022,0.0,0.25260218500080656,1.9861544536775457,-0.025423918967631264,267.8623825606231,0.49278274047299875,0.0,0.8436317931687002,-0.09214600603265764,-0.8266763722493977,0.1617446938329927,0.14631743288921226,-0.0111953889311343,0.8985398964277693,0.3542494816631624,-0.7395050564232056,Electronic Components,Technology,KOPN
2020Q2,2020,Q2,2020-08-06,2020-06-27,-1121541.0,8814646.0,-1095451.0,-0.01,4035069.0,0.4577686954189652,37628373.0,24160053.0,29563201.0,10978741.0,13568457.0,3712047.0,-305953973.0,97431867.22,90969621.22,0.2926030605122996,2.6927678683739784,0.061511402579112306,0.09580169381250943,-0.03950204720642814,0.2926030605122996,-0.04642129717182326,11.053406707427616,-21.71830258991869,4.032767114376777,0.0,1.2875852595616382,0.0,0.23425530516559936,2.2274050366977414,-0.029805726652066513,-33.128293162265,0.4577686954189652,0.75,-2.0968753708523584,-0.3798635194872722,-0.8306936016952375,0.8088331410220203,0.6880725703299023,0.6906451192036784,0.8691591548435267,0.27199237765095846,-0.7604282382392049,Electronic Components,Technology,KOPN
2020Q1,2020,Q1,2020-05-07,2020-03-28,-3595519.0,7878605.0,-3541082.0,-0.04,2230758.0,0.28314124137458346,38436381.0,25072949.0,29879502.0,10609083.0,13441927.0,3427507.0,-304832432.0,30538472.44,24777818.44,0.3037804575270367,2.8164076009208334,0.06694045935281992,0.1026185232538861,-0.11811791830437399,0.3037804575270367,-0.14340231777283158,3.876126857483019,-2.1233702589250676,1.2179848664790087,0.0,1.6478002816624444,0.0,0.2049778047522216,2.3532833139301483,-0.09354468101458355,-7.588357585072005,0.28314124137458346,0.5555555555555556,0.28397404567814616,-0.2985758331149229,-0.8215314561506365,4.834597632983524,0.5067520628368898,0.004248086926763454,0.6422334568403422,0.4071341577279783,-0.7141795474240219,Electronic Components,Technology,KOPN
2019Q4,2019,Q4,2020-03-11,2019-12-28,-7289476.0,8726419.0,-3556189.0,-0.09,-581745.0,-0.0666648025954289,43046515.0,28608635.0,33764641.0,11309713.0,14454903.0,3768696.0,-301236913.0,34505298.66,31309336.659999996,0.34822555278818734,2.9854551569964682,0.06581914935506393,0.09903600783469746,-0.10418142657397016,0.34822555278818734,-0.25479985326108706,3.954118941572711,-1.183394343434288,1.2061148202282284,0.0,2.46986331611783,0.0,0.2027206848219885,2.539991598372125,-0.16933951563790936,-8.08287461123244,-0.0666648025954289,-0.12499999999999993,-0.049795336282506056,-0.3735746796398348,-0.8011263620136252,-1.401372855301686,-0.10022220350653495,0.44447983518986345,-0.09652625311682625,0.06892738262679017,-0.6984985296770955,Electronic Components,Technology,KOPN
2019Q3,2019,Q3,2019-11-07,2019-09-28,-6625458.0,6139332.0,-6401548.0,-0.08,1449388.0,0.2360823620550249,51352347.0,35811003.0,36783303.0,12181235.0,15535919.0,3442490.0,-293947437.0,58643777.9606,53044575.9606,0.4364337485435452,3.019669434174778,0.06150638061391819,0.08819906552184534,-0.15256447498943182,0.4364337485435452,-0.18501179651404906,9.552143125766777,-2.212819776406401,1.6375910487790581,0.0,1.3623696800862166,0.0,0.11955309462291958,2.624735258781232,-0.1290195752883505,-10.800941735877998,0.2360823620550249,-0.6,-0.01790884763944821,-0.5082589396178766,-0.762698752165084,-0.6252505740611989,-0.5551290949586553,-0.32311118845765435,0.3628957460942885,-0.17303214387646496,-0.654113993113644,Electronic Components,Technology,KOPN
2019Q2,2019,Q2,2019-08-08,2019-06-29,-4260391.0,9110133.0,-4838254.0,-0.05,3867619.0,0.42454034425183473,58358097.0,41974060.0,42288905.0,12880652.0,16498706.0,3700174.0,-288523461.0,89325883.68,80522623.68,0.5121888921233676,3.283133881732074,0.05708318418950501,0.0793648744009991,-0.1000918544518567,0.5121888921233676,-0.10150056963753327,9.805113018657357,-5.241648224306173,2.1281211224265655,0.0,1.416829046417817,0.0,0.1561074378419159,2.9254425164191997,-0.07300428250770412,-24.97318430181455,0.42454034425183473,0.6666666666666666,0.6301728239000279,0.0029628177455126112,-0.730916879651815,12.5744301994302,0.6240033141154294,0.5823211829824932,-0.06349977180419468,0.6338673627519744,-0.6226517270740168,Electronic Components,Technology,KOPN
2019Q1,2019,Q1,2019-05-09,2019-03-30,-11330927.0,5542925.0,-11583671.0,-0.15,-334152.0,-0.060284416621188275,61427273.0,44746978.0,48016999.0,12927432.0,16818331.0,4174350.0,-284263070.0,100458434.54,87463124.54,0.5968732321438383,3.7143493773550693,0.058414037035308404,0.08018899063977013,-0.2236050851329528,0.5968732321438383,-0.25322217290293886,18.123722500304442,-2.2164654873339136,2.2450328274682594,0.0,1.407902308143783,0.0,0.0902355701188298,3.3119344971220888,-0.1844608501503884,-12.681386933120486,-0.060284416621188275,0.0,-0.034648610938630225,-0.015234318295085291,-0.7035777168709687,0.8104219370263059,-0.002647551673934898,-0.06441061687857316,-0.3978742338572479,-0.22696682488497086,-0.5730095243441728,Electronic Components,Technology,KOPN
2018Q4,2018,Q4,2019-03-14,2018-12-29,-11301007.0,7741157.0,-10882709.0,-0.15,-1762609.0,-0.22769322466912892,59549111.0,47861874.0,49404025.0,10367365.0,11836290.0,4797238.0,-272932143.0,80648321.60000001,66576072.60000001,0.6528103791313122,4.7653405662866115,0.004267032634626569,0.00530898560302925,-0.22791518402814773,0.6528103791313122,-0.23611710230986777,10.418122458955427,-1.78409591286865,1.6850222287576957,0.0,1.9810912028963332,0.0,0.12999618079940772,4.188372455296018,-0.18977625039608065,-9.82701313874021,-0.22769322466912892,-0.15384615384615377,0.018196856778406496,0.1705642986224709,-0.7014806418782419,-2.2018908580117693,-0.15417883255102982,-0.05668930959727341,-0.4084709422722507,0.45623814260080703,-0.561713347091323,Electronic Components,Technology,KOPN
2018Q3,2018,Q3,2018-11-08,2018-09-29,-9791383.0,5126330.0,-10298873.0,-0.13,1466530.0,0.28607795440402783,71625185.0,59929152.0,56898144.0,10058458.0,12399798.0,4953908.0,-261631136.0,176987312.26,26993588264.26,0.8194290652142818,5.65674619310435,0.0,0.0,-0.16648682146164773,0.8194290652142818,-0.16338263888666404,34.52515001180181,-4.518955908986503,2.9532757656907944,0.0,0.7387702799486789,0.0,0.07157161269461293,5.04713714567382,-0.13670307448420552,-24.601330799446277,0.28607795440402783,0.0,0.03013991132163684,-0.10022558437500538,-0.6422550832990596,-0.40047372440261175,-0.05956374431782336,-0.1451448716746997,-0.8059899987929727,-0.4474764322901422,-0.4990377774679525,Electronic Components,Technology,KOPN
2018Q2,2018,Q2,2018-08-09,2018-06-30,-9240957.0,5943898.0,-8993511.0,-0.13,2446148.0,0.4115393635624299,79343029.0,68539215.0,64124799.0,9289934.0,11493791.0,4257702.0,-251839754.0,211401327.28,188922990.28,0.9272512969626233,6.902610825868085,0.003330324079258431,0.0038552819725174853,-0.13310640326293613,0.9272512969626233,-0.13482729558545425,35.5661095261056,-5.719140541396308,3.084385009078379,0.0,0.8215112283574567,0.0,0.07491392848135404,6.307159125134796,-0.1164684171560932,-28.82016876734022,0.4115393635624299,-0.625,0.012279392047190635,-0.17329652894591552,-0.631935353514833,0.5370764262810342,-0.6691641929830836,0.08151070597614249,-11.09569964444168,-0.5328771687853073,-0.4634725380612947,Electronic Components,Technology,KOPN
2018Q1,2018,Q1,2018-05-10,2018-03-31,-5536278.0,5653620.0,-9791634.0,-0.08,1591429.0,0.2814884976351435,86872600.0,76751925.0,71009531.0,8744896.0,10772164.0,3773305.0,-242598797.0,228004433.28,37077431533.28,1.0502690783469313,8.120111548496403,0.0,0.0,-0.12757509339342304,1.0502690783469313,-0.07213210613284292,40.328927886911394,-10.295925948805317,2.9706672931004663,0.0,1.0765604688727786,0.0,0.06507943816577379,7.544796530456166,-0.0637287015698851,-34.47906447414324,0.2814884976351435,-1.0,-1.2238918688537832,-0.21724489454810958,-0.6027629837345441,0.2306921956791226,-2.0711919354194497,-0.9731753390615057,-0.2452081499468081,-0.4315203793697737,-0.38297547318063524,Electronic Components,Technology,KOPN
2017Q4,2017,Q4,2018-03-23,2017-12-30,-1802648.0,11396726.0,-4962374.0,-0.04,1293117.0,0.11346390182584015,91322490.0,78099269.0,79739496.0,12103513.0,13942643.0,5080797.0,-240121901.0,231517740.8,207313561.8,1.079475205383483,6.588128256647471,0.0070524577242692356,0.008246530450880404,-0.031723665661243995,1.079475205383483,-0.023081496447809262,20.314407909780407,-32.108007331436866,2.964403428667175,0.0,1.9885874204381715,0.0,0.12479648769979881,6.065649700215136,-0.019739365407141222,-30.76803500615779,0.11346390182584015,0.6363636363636365,0.5908146018961068,-0.7163153110385969,-0.5397458560270987,-0.351588014338988,0.7814289119678852,0.4232866326010718,0.7052040840608843,-0.07100034682680406,-0.3835054334990639,Electronic Components,Technology,KOPN
2017Q3,2017,Q3,2017-11-09,2017-09-30,-8247422.0,6139167.0,-8604576.0,-0.11,1994283.0,0.32484586263901927,95052700.0,78564797.0,86690569.0,16157538.0,16425606.0,5949010.0,-238319253.0,301022658.96,275408172.96,1.0883406738279249,5.365332824840022,0.0028202039500193053,0.003412062529735805,-0.10883869318964969,1.0883406738279249,-0.1049760492603322,49.03314390372505,-9.124750102516883,3.8315208650001344,0.0,0.6967350870144781,0.0,0.06458698174801979,4.919384995412049,-0.08676683566063878,-40.497020996999275,0.32484586263901927,-0.09999999999999995,-0.07782973419509331,-0.7541914615151815,-0.5460731331201045,0.10166590894150675,-0.12485742237660241,-0.06647510070041307,-0.4402776682229684,-0.44106690266975396,-0.40823870557505343,Electronic Components,Technology,KOPN
2017Q2,2017,Q2,2017-08-10,2017-07-01,-7331971.0,5927469.0,-8068239.0,-0.1,1810243.0,0.30539898226376216,101633856.0,86260343.0,92796884.0,14987242.0,15247910.0,4412962.0,-230071829.0,262024470.82,54367482483177.82,1.2213587209182633,6.191725202008482,0.0,0.0,-0.09353358356110408,1.2213587209182633,-0.08499816653870713,44.2051187142438,-8.93431216585554,3.0376006135287454,0.0,0.9329846937272517,0.0,0.058321795839370694,5.795049949817318,-0.0721410294616786,-38.35015349898564,0.30539898226376216,0.1666666666666666,-0.2599028254469262,-0.7682958133207922,-0.5080466829964904,0.4358233460504295,0.06699420406668448,0.06863209333165873,0.26149577935112495,-0.24279706728257727,-0.3583480221004182,Electronic Components,Technology,KOPN
2017Q1,2017,Q1,2017-05-11,2017-04-01,-7858441.0,4378127.0,-8662784.0,-0.12,1260770.0,0.2879701753740812,84052693.0,68594082.0,75600045.0,15123502.0,15374688.0,4194821.0,-221901228.0,264608612.59999996,49357749215546.6,1.0628366682271777,4.998845174880792,0.0,0.0,-0.1103615452281062,1.0628366682271777,-0.1145644167961895,60.4387704148372,-8.417974143980976,3.857601193642332,0.0,0.7431442247476114,0.0,0.052087884917619474,4.637895971448941,-0.09349422034580142,-38.255276786568814,0.2879701753740812,-0.4999999999999999,-2.539858353683596,-0.8274331745094546,-0.5864751580455281,-0.22589363888994632,-0.5141866587949308,-0.37952261562608286,0.16646215429796254,-0.09646756538644778,-0.47216853626092864,Electronic Components,Technology,KOPN
2016Q4,2016,Q4,2017-03-23,2016-12-31,-5189876.0,6373347.0,-6279552.0,-0.08,1628678.0,0.2555451633184259,87832272.0,74077686.0,83394104.0,13365707.0,13612629.0,3302112.0,-214042787.0,182152252.28,166576679.28,1.154971325397657,6.239408360515459,0.0028112901371832896,0.003333284465716167,-0.10231032997032942,1.154971325397657,-0.07005990980873782,28.58031302547939,-8.774402908662942,2.45893550562581,0.0,1.4368588951555852,0.0,0.07256270223773785,5.90294931648584,-0.059088486291234726,-29.362881276288643,0.2555451633184259,0.3333333333333333,-76.96311415091289,-0.8187578196830863,-0.5520205137243855,0.33364285860508913,0.36064042938394325,0.08762557666758491,0.484592541927926,0.10164940979583928,-0.47185077056289826,Electronic Components,Technology,KOPN
2016Q3,2016,Q3,2017-03-23,2016-09-24,-8117304.0,5794806.0,-6882648.0,-0.12,1221225.0,0.21074476004891277,94497959.0,80814614.0,90072791.0,13197517.0,13456921.0,3197984.0,-208852911.0,138983838.84,118244840.84,1.2617849229354328,6.824980108000618,0.002745075160829664,0.003209864988032981,-0.08581758470696556,1.2617849229354328,-0.10044351631748188,23.984209107259158,-4.280480281384065,1.7197859639594393,0.0,1.4301450538839469,0.0,0.061322022838609665,6.500772683225185,-0.08589925206744413,-17.670181259928714,0.21074476004891277,-1.3999999999999997,-11.222975485579097,-0.8032596147588617,-0.5068049794002281,4.728123063396943,-1.5941321184160824,-5.6905359507112765,0.08188082266322798,0.1614170046640943,-0.4491321319777717,Electronic Components,Technology,KOPN
2016Q2,2016,Q2,2016-08-03,2016-06-25,-3129102.0,4355275.0,-1028714.0,-0.05,-327571.0,-0.07521247223194862,101215026.0,86885294.0,96881884.0,13843305.0,14117339.0,2935699.0,-200655234.0,149787076.14,124248681.13999999,1.3573373164048732,6.998464889706613,0.002707443853247639,0.003153974480422429,-0.039872380766899196,1.3573373164048732,-0.03601417289328618,34.39210523790116,-11.967257390458988,1.7239635068737866,0.0,1.5951383299173383,0.0,0.043029925220786885,6.713057394892332,-0.030915389973816734,-22.27708995351896,-0.07521247223194862,0.5454545454545454,-4.934002037607936,-0.8603143189641858,-0.479741159418852,-1.222519983397833,0.5476516600527275,0.8374526344497443,0.6137930575230702,-0.3005169647256781,-0.46121630548247927,Electronic Components,Technology,KOPN
2016Q1,2016,Q1,2016-05-04,2016-03-26,-6917461.0,6119138.0,-6328703.0,-0.11,1472097.0,0.24057261006370506,101323464.0,89432403.0,96110673.0,11733696.0,12016456.0,2705857.0,-197526132.0,102364876.80000001,63248387729545.8,1.397860763116749,8.190997363490583,0.0,0.0,-0.07225940410328455,1.397860763116749,-0.07734848631988564,16.72864328276303,-3.699510441764688,1.1446061311804403,0.0,1.7174008086901857,0.0,0.06039211213702682,7.8887226156191534,-0.06827106700576285,-17.71986477735331,0.24057261006370506,0.0,-4.388430033443509,-0.8227622044927659,-0.4629280238643842,1.4901183731006666,0.006262841979314348,0.20469222192955824,-1.3195397293423285,-0.03228548791358701,-0.4712954516674569,Electronic Components,Technology,KOPN
2015Q4,2015,Q4,2016-03-04,2015-12-26,-6961057.0,4611895.0,-7957552.0,-0.11,-3003554.0,-0.6512624420113641,106060086.0,94740875.0,101156222.0,11276844.0,11575307.0,2512473.0,-190608671.0,190186538.62,170717112.62,1.4894598655901443,8.970259941522645,0.0028140935129922487,0.0031503086708878298,-0.08361465073693049,1.4894598655901443,-0.07347469611189468,41.23826293096439,-6.830375710901376,2.007439118754181,0.0,3.031057050165315,0.0,0.0434837946482525,8.627037227791748,-0.06563314497029542,-27.530321848188336,-0.6512624420113641,-0.5714285714285713,-2.5307363925048403,-0.8569164823348359,-0.41260810205058507,-2.1361136948128556,-0.4888878669786582,-0.3434342496426395,-0.7972566440594706,-0.8694247361370734,-0.364941341866532,Electronic Components,Technology,KOPN
2015Q3,2015,Q3,2015-11-05,2015-09-26,-4675340.0,8000926.0,-5923291.0,-0.07,2643709.0,0.3304253782624661,114876501.0,103161502.0,108405724.0,12018990.0,12323173.0,2577750.0,-183647614.0,203079993.62,72362162102510.62,1.6357102958234768,9.019536916163505,0.0,0.0,-0.056658020475780814,1.6357102958234768,-0.04532058868239433,25.382061228912754,-10.859102954009764,1.9685637537537988,0.0,2.0782531277276695,0.0,0.06964806492495798,8.726581767685971,-0.04069883709288813,-124.97445717218513,0.3304253782624661,-8.0,-4.601909586909719,-0.7345946289208914,-0.3304037727882413,-0.4120944417240071,-6.986580790555335,-0.07786093602064122,0.3006460924461124,-0.6333264070616407,-0.3177753367474239,Electronic Components,Technology,KOPN
2015Q2,2015,Q2,2015-08-06,2015-06-27,780970.0,10856606.0,-5495413.0,0.01,4496826.0,0.4142018232954203,124006985.0,108993599.0,115663788.0,15239072.0,15553884.0,3065712.0,-178972274.0,227668371.91,71843272190870.9,1.7282457334281904,7.589949571732452,0.0,0.0,-0.04954276800183812,1.7282457334281904,0.007165283164931548,20.970492243155917,72.87999920291432,2.0888233253954667,0.0,2.0744871012019392,0.0,0.08754834253893037,7.332778990741693,0.006297790402693848,-61.24103130289901,0.4142018232954203,1.1666666666666665,-0.5566099976725825,-0.6200827916403825,-0.29300783610707914,0.362155275352608,1.2034840093465542,0.07564755736147236,1.1502875849682044,-0.5247401683544111,-0.30387673449620334,Electronic Components,Technology,KOPN
2015Q1,2015,Q1,2015-05-11,2015-03-28,-3837992.0,8584991.0,-5945149.0,-0.06,3301258.0,0.38453831809491706,119207097.0,107377918.0,111183809.0,11999512.0,12296821.0,3654213.0,-179753247.0,219531108.96,74685467070172.95,1.702151264165873,9.26569422156501,0.0,0.0,-0.05555098924359315,1.702151264165873,-0.0357428423970746,25.57150135160305,-14.299867545320573,2.044471647885741,0.0,1.4459291234528475,0.0,0.07201744875978315,8.89013803227998,-0.03219600255847183,-37.9054220140415,0.38453831809491706,0.25000000000000006,-4.906679977817111,-0.643989490084947,-0.30933394654904156,6.045927959378945,0.276157174932505,0.02094676768200753,-0.7687108670127218,-0.6538119356269422,-0.33773282994565923,Electronic Components,Technology,KOPN
2014Q4,2014,Q4,2015-03-12,2014-12-27,-5302245.0,10637385.0,-6072345.0,-0.08,-654242.0,-0.06150402566044192,122941414.0,109846959.0,99924620.0,13242924.0,13554111.0,4081886.0,-175915255.0,225215910.82999998,210891296.82999998,1.750989001428359,7.545510341975835,0.002531181234014439,0.00283291410916528,-0.05377562934957492,1.750989001428359,-0.04826938358848878,21.172112396984783,-10.618894017062583,2.0502698743804095,0.0,2.76627691219206,0.0,0.0865240170411575,7.14806337331544,-0.043128225286232676,-104.18723085556098,-0.06150402566044192,0.0,-2.0648820062225863,-0.6547626804368518,-0.26620617062419194,-1.1511685349331247,-0.06697032261180334,-0.10007485591323671,-80.4335885163567,-0.6907297276611633,-0.32084274640839605,Electronic Components,Technology,KOPN
2014Q3,2014,Q3,2014-11-06,2014-09-27,-4969440.0,9532023.0,-5519938.0,-0.08,4327898.0,0.4540377210587931,126724530.0,115217089.0,103175843.0,11413369.0,11739261.0,3922395.0,-170613010.0,218637181.93,201913990.93,1.8391548823508932,9.03991126546421,0.0025716568055135025,0.002828504025127731,-0.04805667544820817,1.8391548823508932,-0.043131101845490995,22.93712278390432,-10.999085507119515,1.897610708859343,0.0,1.3267722909089983,0.0,0.07521845218127855,8.553657381970215,-0.039214507246544926,-44.48829296764994,0.4540377210587931,0.4285714285714286,-1.6166019812865517,-0.6849347115687096,-0.20601870291951613,0.551469270290384,0.4356720228600162,0.24058580658191123,-7.398511207108835,-0.6691389275702281,-0.2811278581637993,Electronic Components,Technology,KOPN
2014Q2,2014,Q2,2014-08-07,2014-06-28,-8805943.0,6943287.0,-7268679.0,-0.14,2789548.0,0.40176187445513917,131091314.0,119239393.0,107548113.0,11552533.0,11893074.0,3294840.0,-165643570.0,208602874.98000002,195638088.98000002,1.9034597616551028,9.309483296866583,0.0025977388555278344,0.0028559437567750785,-0.06086537685726546,1.9034597616551028,-0.07385095460859986,30.043821460930538,-5.922218522763548,1.7494459652272802,0.0,1.2606800330213304,0.0,0.05296527121545216,8.887278313768936,-0.06717411498369755,-28.076985195180143,0.40176187445513917,0.06666666666666654,-3.5474488279537284,-0.7380963402408965,-0.09707514756546369,4.943795398032477,0.03595993438442042,0.24393003157451842,-12.312879473579585,-0.7724463247788026,-0.2704158673582337,Electronic Components,Technology,KOPN
2014Q1,2014,Q1,2014-05-08,2014-03-29,-9134416.0,4694770.0,-9613765.0,-0.15,469321.0,0.09996677153513378,137093896.0,125910250.0,111711725.0,10850191.0,11182693.0,2361018.0,-156837627.0,233862955.48000002,219383847.48000002,2.0135909684091535,10.29583027616749,0.0024253596235969542,0.0026407857978202726,-0.07476385652649924,2.0135909684091535,-0.07254704045143266,49.813506408194655,-6.4005995424338025,1.8573782156734662,0.0,1.7896725056734002,0.0,0.034244923639780434,10.00107279217481,-0.06662890374054291,-35.49200415287321,0.09996677153513378,0.06250000000000006,-5.741528223774873,-0.7617341535609088,-0.025119943874297498,2.4904135058753534,0.05439212988627653,-0.309595795786878,-5.577978443021061,-0.8608697496706627,-0.22635836911175217,Electronic Components,Technology,KOPN
2013Q4,2013,Q4,2014-03-17,2013-12-28,-9659835.0,5549931.0,-7341017.0,-0.16,134460.0,0.024227328231648287,146131723.0,134553247.0,119608002.0,11239102.0,11568537.0,3078055.0,-147703211.0,258421665.60000002,241994434.60000002,2.1868276256478087,10.642131551079437,0.0022543701890109106,0.0024483615768856174,-0.05398859007005948,2.1868276256478087,-0.07179191298148309,46.56304116213337,-6.688045541150547,1.9205903340259043,0.0,1.759380842772465,0.0,0.037978960940602886,10.242603190183699,-0.06610361392919455,-41.13235415553157,0.024227328231648287,-0.14285714285714277,-6.947383323917108,-0.7871520378175294,0.08408158375776946,-0.58980585486095,-0.1012813045412897,0.2878941806024609,-3.195957248667219,-0.8219972399237594,-0.13759016997176174,Electronic Components,Technology,KOPN
2013Q3,2013,Q3,2013-11-05,2013-09-28,-8771451.0,4950048.0,-10308885.0,-0.14,327796.0,0.06622077200059474,159325530.0,145546294.0,129647801.0,13274203.0,13595953.0,2842735.0,-138043376.0,252263121.56,227294478.56,2.2905400662877615,9.766899074844645,0.0020194503668056214,0.0022106368438347184,-0.07025337581979875,2.2905400662877615,-0.06026571174666941,50.96175260522726,-7.1898914318737015,1.7332156980925946,0.0,1.6259876492180945,0.0,0.031068768451609732,9.459883354202132,-0.05505364394519824,-44.637240042078034,0.06622077200059474,-0.16666666666666682,-7.244153716353492,-0.8280696934106166,0.13815546436382217,3.6157762438654593,-0.10892816370887626,-0.19373827555061487,-7.707166081429249,-0.8370227915225531,-0.062341913124953977,Electronic Components,Technology,KOPN
2013Q2,2013,Q2,2013-08-08,2013-06-29,-7909846.0,6078645.0,-8635800.0,-0.12,-125315.0,-0.020615614170592295,170418609.0,157434611.0,138277465.0,12356379.0,12661164.0,3668934.0,-129269632.0,231846625.92,199351858.92,2.5192620530589087,11.19077563095143,0.0017884490537063355,0.0019359466007128508,-0.056003463121588895,2.5192620530589087,-0.05024210337077658,38.141168948013906,-7.327785709102301,1.4726534683024688,0.0,1.6909434729542696,0.0,0.03566890397515215,10.779334787319165,-0.046414215245707116,-56.13375885690295,-0.020615614170592295,-1.352941176470588,-4.120482137479741,-0.7450311593156403,0.25211380682312073,-1.3533234651441461,-1.3656242874289959,0.10435538541094301,-5.531982275963378,-0.785330522720744,0.03058176036830697,Electronic Components,Technology,KOPN
2013Q1,2013,Q1,2013-05-09,2013-03-30,21633809.0,6319084.0,-9641994.0,0.34,354675.0,0.0561275969744982,180593180.0,169041364.0,146861904.0,10883388.0,11187386.0,4757286.0,-121359786.0,236561379.60000002,198013441.60000002,2.643935573328048,13.494134730839331,0.0016833304557791163,0.0017983645706976194,0.006114323570293265,2.643935573328048,0.12797938024210453,37.43602389207044,2.733700057165153,1.399428956335208,0.0,1.2537419444616111,0.0,0.034990712273852205,12.947768838159588,0.1197930564155302,-66.12285194224962,0.0561275969744982,6.666666666666667,23.12223738368597,-0.7704352485033573,0.2967441614172835,1.0459365440409938,6.602503357543557,-0.3624959267818369,20.727585608697662,-0.741445672845475,0.07280509461885917,Electronic Components,Technology,KOPN
2012Q4,2012,Q4,2013-03-18,2012-12-29,-3861454.0,35213101.0,-7076714.0,-0.06,-7720977.0,-0.21814355131583107,176208802.0,148733680.0,126967069.0,20176436.0,21122892.0,5789753.0,-142993595.0,199758336.75,172945426.75,2.3453894321634614,6.292839280435851,0.0018300845153013411,0.002168150482123484,-0.045833616993981176,2.3453894321634614,-0.025962203046411544,5.672841387925477,-12.932844515951764,1.3430605411632388,0.0,-4.779658475931529,0.0,0.1998373554574192,4.857285697037871,-0.021914081227338462,215.9603284730323,-0.21926433005715684,0.4545454545454546,-15.628680416064741,0.298118794042741,0.15372127247690243,-2.2645798498321286,0.42555086185505175,-0.22864417446862073,-1.767189806493937,0.13056982846277268,-0.0171084504809245,Electronic Components,Technology,KOPN
2012Q3,2012,Q3,2012-11-08,2012-09-29,-6722012.0,21940358.0,-5759775.0,-0.11,6105567.0,0.27828019032323903,180546703.0,152045416.0,131106634.0,20695146.0,21839919.0,19684989.0,-139132141.0,238441697.2,214323231.2,2.397612375995116,6.335139360698397,0.006340592107073813,0.007529151684520367,-0.04006634877349702,2.397612375995116,-0.044210553509880235,10.867721356233112,-8.867943749579737,1.5682268066536118,0.0,0.8044094411228779,0.0,0.12152178708021048,5.290659655167448,-0.03723143036292388,-97.17076209470699,0.27828019032323903,-0.22222222222222227,-17.493241121884015,-0.20022252871301777,0.17716946712876794,-0.11878345389219068,-0.2933084394670394,-0.2017517467810156,-1.823950235973273,-0.2835870608496998,0.03507290356942487,Electronic Components,Technology,KOPN
2012Q2,2012,Q2,2012-08-09,2012-06-30,-5197532.0,22848037.0,-4792816.0,-0.09,6928566.0,0.3032455698491735,181937983.0,156603250.0,133050948.0,18815639.0,19998013.0,19913736.0,-132408520.0,216990074.4,187012252.4,2.4826719908254016,7.071295744991706,0.006498774914966492,0.007550124279029969,-0.033961758070684675,2.4826719908254016,-0.03318917072282983,9.49709922125914,-10.437168756248157,1.3856039028564222,0.0,0.7994216153111601,0.0,0.1255814570616626,5.912035461564712,-0.028567602620943645,-102.8530340188936,0.3032455698491735,-2.0,-0.765452091110031,0.11838324255067934,0.2236733519451767,-0.11729084444974434,-1.3526622376384712,-1.0159083271188145,-2.493211756758703,-0.144106016808478,0.17767986805783642,Electronic Components,Technology,KOPN
2012Q1,2012,Q1,2012-05-10,2012-03-31,-2209213.0,25247485.0,-2377497.0,-0.03,7849206.0,0.3108906095003126,192988489.0,165071509.0,141790105.0,21105215.0,22422043.0,23012921.0,-126217486.0,261397605.92000002,58568624005986.92,2.5701881976517225,6.718249731168339,0.0,0.0,-0.019105513669072996,2.5701881976517225,-0.01338336950684809,10.353411673281517,-29.58039875738555,1.5835416269200036,0.0,0.7560221929237058,0.0,0.13082378711198678,5.556711173044198,-0.011447382232211787,-108.68060204782074,0.3108906095003126,-27.904779249613703,0.29649218366683094,0.4629293916031235,0.2504066635208481,-0.40579915418119356,-32.14200633072804,0.25558942675773483,-2.1164975617931123,0.2475220524362358,0.24435660155940692,Electronic Components,Technology,KOPN
2011Q4,2011,Q4,2012-03-15,2011-12-31,-66659.0,35212696.0,-3193798.0,-0.0010378906457277626,13209685.0,0.37513983592735983,194563529.0,165584725.0,146428257.0,22479790.0,23775460.0,21415517.0,-124008273.0,249194769.28,62323593099606.28,2.5781790478840665,6.513773349306199,0.0,0.0,0.0028883044535850627,2.5781790478840665,-0.000402567326183016,7.076844365452733,-934.5878624041765,1.504938147404599,0.0,1.0274330990935219,0.0,0.18098302482990017,5.4852071126998965,-0.00034260788927199196,37.00244905522984,0.37513983592735983,-1.1037890645727761,0.9757238064043143,1.0725908482795707,0.23289594300817262,0.25557775918603926,-1.0836316188970647,-14.05933110462512,-1.0393176408426532,0.2937597169960974,0.2780872130300169,Electronic Components,Technology,KOPN
2011Q3,2011,Q3,2011-11-03,2011-09-24,797055.0,29566450.0,-212081.0,0.01,10520802.0,0.3558358206683589,188751945.0,164484515.0,141549993.0,17957649.0,19241575.0,19354884.0,-123941614.0,224379819.88000003,185500403.88000003,2.558389420479109,7.8824345547682775,0.006802186859584414,0.007805756061596437,-0.0011752459676053649,2.558389420479109,0.004845775299881573,7.58900104273594,70.37777188525259,1.364139474649027,0.0,0.9840228440532116,0.0,0.15664182957161052,6.681002730368546,0.004222764432970478,39.23294098845479,0.3558358206683589,0.0,1.9507795236148064,0.985386509664121,0.21301530811667344,-0.14574528732152858,-0.005947689268467893,-1.4431649114008693,-0.4392163728349127,0.01495573186601309,0.2712481836687828,Electronic Components,Technology,KOPN
2011Q2,2011,Q2,2011-08-04,2011-06-25,801824.0,31430957.0,478560.0,0.01,12315767.0,0.3918355715354133,192014959.0,168352945.0,141447622.0,17510285.0,18794639.0,19114320.0,-124738669.0,312963821.54999995,281077764.54999995,2.6089654043911645,8.077973716589993,0.006688822614075604,0.0076289369336544725,0.002515138346304756,2.6089654043911645,0.004762756006436359,9.957183981066818,97.57871476471145,1.8589744393838787,0.0,1.000045515613425,0.0,0.1636901477035443,6.827534160637591,0.004175841320779596,896.9115209136371,0.3918355715354133,-0.6666666666666666,-0.5477149484977072,0.7569263546993448,0.23229255769022744,-0.05174924622032233,-0.6118404013734765,-0.778237568843157,1.5026854921321395,0.27676922401619863,0.29669781688473557,Electronic Components,Technology,KOPN
2011Q1,2011,Q1,2011-05-05,2011-03-26,2065707.0,34934492.0,2157985.0,0.03,12987880.0,0.3717781269010581,193607043.0,168493415.0,141747770.0,19388367.0,20342827.0,22039589.0,-125540493.0,281605262.7,244566083.7,2.602743813175193,7.310970026511258,0.004929882638618679,0.005664672414645996,0.012181388399908536,2.602743813175193,0.012259867841126017,8.060951986936006,34.08097841320187,1.6713131649684942,0.0,0.9957813641624623,0.0,0.18044019194074465,6.080434571926558,0.010669586023272924,-412.3534791674598,0.3717781269010581,-0.5807713806595863,27.1098764850853,0.9859959495980821,0.22408631406722967,0.04532753670732788,-0.5582009512645351,-0.3859801622981232,1.2748037080999153,0.2534185547221217,0.2765412582090637,Electronic Components,Technology,KOPN
2010Q4,2010,Q4,2011-03-10,2010-12-25,4675671.0,33140493.0,3514520.0,0.07156,12424699.0,0.3749099025171412,192096398.0,165835919.0,152624762.0,20526406.0,21471023.0,21462871.0,-127606200.0,280566000.0,230731453.0,2.5357174159021407,7.435532649992405,0.0,0.0,0.021284842608561658,2.5357174159021407,0.02819456139655728,8.465957341069126,15.001376273052575,1.6918288974537536,0.0,0.9651921217809117,0.0,0.17252011669682635,6.257146916026118,0.024340232553449543,142.12529919076022,0.3749099025171412,2.578,0.539787726517757,0.41847481814546356,0.20864398260477057,0.18485072760179735,2.4361944335024606,0.9128294638828611,16.17571568842927,0.18463822265129287,0.2473455723802237,Electronic Components,Technology,KOPN
2010Q3,2010,Q3,2010-11-03,2010-09-25,1360712.0,31602131.0,1837341.0,0.02,10486299.0,0.33182252804407397,185960018.0,161506677.0,152872771.0,19213421.0,20147667.0,18844185.0,-132281871.0,227434076.07999998,63171289099854.08,2.4428308125848894,7.956561770025234,0.0,0.0,0.010126765461026931,2.4428308125848894,0.008425112975360145,7.196795560400657,41.78585844763624,1.4082023127749697,0.0,1.1205489651051506,0.0,0.16994045999715918,6.82818837936253,0.007317228803451719,-319.72176295775637,0.33182252804407397,-0.3333333333333333,-0.7366203894700387,0.29612012685438793,0.18562519997644117,0.25819785034999604,-0.2687398866172572,3.484608966461976,4.590684366128704,0.10494101063441909,0.19937062167639863,Electronic Components,Technology,KOPN
2010Q2,2010,Q2,2010-08-03,2010-06-26,1860777.0,30189157.0,-739489.0,0.03,8334380.0,0.2760719684885537,185300770.0,162866689.0,156942356.0,17405845.0,18329717.0,17531074.0,-133642583.0,238519780.46,72165162348566.45,2.4445047932524835,9.016646764348414,0.0,0.0,-0.004193748917315496,2.4445047932524835,0.01142515397976808,7.900842691963874,32.04572343435027,1.4645092985220567,0.0,1.246630811095772,0.0,0.1629197601283578,7.820788763774468,0.010041928050271999,-48.58938094521223,0.2760719684885537,0.4999999999999999,0.036470178683371615,0.49736157610907455,0.22921802854180204,0.052847396639581566,0.7944003371292518,-32.00848100700799,1.5984021510572213,0.3990485818340751,0.2048612886677886,Electronic Components,Technology,KOPN
2010Q1,2010,Q1,2010-05-04,2010-03-27,1036991.0,25453985.0,-22403.0,0.02,7916038.0,0.31099405456552287,185107228.0,164106441.0,155088128.0,15897680.0,16811184.0,17192488.0,-135503360.0,247041261.10999998,188085264.10999998,2.464506914247431,9.755393742986397,0.004934999080640979,0.005566533491516034,-0.0001478225185720589,2.464506914247431,0.006319014620516936,9.705406092994869,59.55723364764014,1.5053721207079251,0.0,1.0200936013449595,0.0,0.13750940616970397,8.526288678599645,0.0056021097134035195,142.82483529323343,0.31099405456552287,-0.7481108312342569,-0.06869823537489483,0.41627122564731345,0.24790584158776935,-0.3225009318135038,-0.8053722967488258,-1.0050908747155798,1.3185062321055867,0.4225666947708462,0.19899230363121195,Electronic Components,Technology,KOPN
2009Q4,2009,Q4,2010-03-08,2009-12-26,5328075.0,32970776.0,4400619.0,0.0794,11684205.0,0.35438064909360945,183224468.0,160186536.0,152217064.0,18019045.0,18922178.0,16453869.0,-136540351.0,287316400.0,232483656.0,2.386213853716669,8.447565561881886,0.0,0.0,0.028045516769188393,2.386213853716669,0.03326169060800466,8.714274726199953,13.481247917869025,1.793636389015866,0.0,1.293712196201392,0.0,0.17994745112317642,7.426119863733067,0.029079494994085617,36.3230664475692,0.35438064909360945,-0.38923076923076927,1.7940847916030647,0.8622962831234144,0.19957161838126153,0.03159381626686486,-0.37455723372248834,0.029552420593486235,2.8564475204413036,0.8566669933177907,0.14109738879914666,Electronic Components,Technology,KOPN
2009Q3,2009,Q3,2009-11-05,2009-09-26,8518885.0,31978990.0,4274303.0,0.13,11326362.0,0.3541813546956924,178661094.0,153386397.0,149438783.0,20302826.0,21196917.0,15537285.0,-141868426.0,308577837.2,258473128.2,2.316370535570012,7.360491736470578,0.0,0.0,0.027288054491469087,2.316370535570012,0.055538725510320186,9.649392841987817,9.055699108510094,2.0117679483663733,0.0,1.329230171165683,0.0,0.17899246715683942,6.424757715994808,0.04768181370254007,2888.4401415306274,0.3541813546956924,1.5999999999999999,9.04221926772935,0.476524230098872,0.11749170139574247,0.2876606241623396,1.3143867471519401,0.7428371981698653,10.866289149193854,1.0849237726114247,0.09826631412142593,Electronic Components,Technology,KOPN
2009Q2,2009,Q2,2009-08-06,2009-06-27,3680839.0,28229291.0,2452497.0,0.05,8796077.0,0.3115939752082332,160589749.0,140619183.0,137143098.0,16228231.0,17113280.0,12754260.0,-150387311.0,258811876.95999998,202963661.95999998,2.10810429740952,8.450896342306194,0.0,0.0,0.01567401118285365,2.10810429740952,0.02617593788750714,9.168203231175731,17.57832093172236,1.8405161475017247,0.0,1.5236645638398465,0.0,0.1757851368209063,7.501927474411721,0.022920759406629375,53.39010074959314,0.3115939752082332,0.6666666666666669,2.6551165106596115,0.2586293997968783,0.00709990716952631,0.28121488287896196,0.7530309091775016,4.319244740631666,1.0085374117042374,0.5264966112827321,-0.0042791551930265615,Electronic Components,Technology,KOPN
2009Q1,2009,Q1,2009-05-06,2009-03-28,2099700.0,21475700.0,-738872.0,0.03,6865419.0,0.31968313023556855,157714708.0,140768247.0,133481921.0,16070454.0,16946461.0,13364978.0,-155841862.0,145165774.98,90864302.97999999,2.065475599543415,8.306045429705968,0.0,0.0,-0.004687968213290472,2.065475599543415,0.014916005880218143,6.7595363587682815,17.284109037005287,1.0312394881212097,0.0,1.0931765843535246,0.0,0.136168023086344,7.368305525158156,0.013313279570602889,21.322484158594428,0.31968313023556855,0.13765642775881676,1.6382376251401347,-0.012581185209602993,-0.03823003122331777,-0.28005767156861716,0.15865078462901874,-1.2211994921409683,26.140281046825454,0.15967990272271773,-0.02859420867991644,Electronic Components,Technology,KOPN
2008Q4,2008,Q4,2009-03-10,2008-12-27,1812194.0,29092363.0,3340297.0,0.02637,9536068.0,0.3277859553725491,159677495.0,138481936.0,134257161.0,17416075.0,18283040.0,13269486.0,-157757433.0,144851500.0,86902051.0,2.0172168390386016,7.708807007319387,0.0,0.0,0.02444219507244426,2.0172168390386016,0.013086139985795692,4.979021470342578,19.982890904616173,1.0459956307947629,0.0,1.4737793913042299,0.0,0.18219451025330777,6.868407893282499,0.011349088360886423,24.843237109734968,0.3277859553725491,0.3185,4.010761736785381,0.40568598287635116,-0.080728338543138,-0.15556661465740299,0.20949687112895649,0.037784099205824,-0.4314629080897269,0.18625722388677934,-0.038498146984721524,Electronic Components,Technology,KOPN
2008Q3,2008,Q3,2008-11-06,2008-09-27,1498304.0,30708532.0,3218682.0,0.02,11292860.0,0.3677434010847539,160295328.0,136396004.0,130416322.0,19956952.0,20814875.0,13987264.0,-159569627.0,212811449.58,170784132.58,2.012501927904964,6.534881779542287,0.0,0.0,0.020007528483584426,2.012501927904964,0.010984955248395694,6.930043076627695,35.5087234599921,1.5602469525426859,0.0,1.388096485488513,0.0,0.19157471638849013,5.714462809751709,0.009347147036000949,17.499647812221777,0.3677434010847539,2.0,1.5080725326339746,0.7993078233320076,-0.08787691408054434,0.5763043057384302,1.8949089534257963,2.373352369021551,-0.7170904384272214,0.2286259724450847,-0.02323444242114124,Electronic Components,Technology,KOPN
2008Q2,2008,Q2,2008-08-06,2008-06-28,-1674253.0,25839469.0,-2343668.0,-0.02,7164137.0,0.27725558137436956,157986740.0,136276297.0,124988163.0,17431160.0,18280041.0,16799098.0,-161067931.0,194389445.18,161897965.18,2.012007246730082,7.170386996619846,0.0,0.0,-0.020402438433462754,2.012007246730082,-0.01228572420044551,7.52296593943165,-29.026294887929126,1.4264362142155949,0.0,1.11168659174439,0.0,0.16355466920831457,6.094659448940862,-0.010597427353713357,-29.800588161257533,0.27725558137436956,-3.0,-0.7144794785657732,0.3327179378924085,-0.09717315546547811,-0.18892592592173285,-2.7619357316874247,-52.568329866745906,-1.9173480842703592,0.2606945459633794,0.011736850778154057,Electronic Components,Technology,KOPN
2008Q1,2008,Q1,2008-06-23,2008-03-29,950235.0,29165172.0,-43751.0,0.01,8832901.0,0.30285784016634637,164005501.0,138119280.0,129634606.0,21690303.0,22530142.0,16919219.0,-159393678.0,184935542.60999998,155217580.60999998,2.038903009548425,5.976615725469579,0.0,0.0,-0.0002668399892230043,2.038903009548425,0.006879814317016422,6.3409721228457006,48.65521229222245,1.3389553045020217,0.0,1.2017263326398222,0.0,0.17783044972375653,5.077968666458924,0.005793921509986424,-59.053518775984614,0.30285784016634637,1.415458937198068,1.4351133645035672,0.655252344689814,-0.08485336413264223,0.2619735241187803,2.3755168592011593,0.9356936766649078,-0.16115000045111086,0.5951188125713225,0.032400826849907936,Electronic Components,Technology,KOPN
2007Q4,2007,Q4,2008-03-31,2007-12-29,281508.0,28929096.0,-680353.0,0.00414,6999276.0,0.2419458941959334,161053977.0,137484409.0,127145743.0,19214402.0,20020199.0,16732060.0,-160343913.0,204918900.0,174170840.0,2.032890862043472,6.617210517402519,0.0,0.0,-0.004620843487865271,2.032890862043472,0.0020475630804071753,7.083487849049967,181.98319408329425,1.4904882778381074,0.0,1.310646746425724,0.0,0.1796236053208422,5.643252649757198,0.0017479108882856088,-601.286087775564,0.2419458941959334,1.414,1.0191105021703277,0.7992949783930374,-0.10104261224939616,0.06596184071055229,1.7270952144805356,-0.004842897526710522,1.0416451614419517,0.6219285931456708,0.02195290567763011,Electronic Components,Technology,KOPN
2007Q3,2007,Q3,2008-03-17,2007-09-29,-387168.0,29220507.0,-677074.0,-0.01,6566160.0,0.22471068007136222,164553528.0,137577542.0,130528382.0,22602540.0,23399937.0,17786230.0,-160625422.0,257354957.73,238032547.73,2.036760587957763,5.774943081618261,0.0,0.0,0.00033058651726051573,2.036760587957763,-0.0028141802388067087,8.80734060261172,-166.17783347926482,1.8706175004202357,0.0,1.2737014533152895,0.0,0.1775744789865581,4.865044813547504,-0.002352839253619649,-41.46394933004829,0.22471068007136222,0.7999999999999999,-1.678424762407293,0.38384366159635813,-0.0911199924033598,1.1395460988285895,0.8771522736481587,0.8362410075422486,0.6416859316481279,0.32261923020859734,-0.017401136898583316,Electronic Components,Technology,KOPN
2007Q2,2007,Q2,2008-03-17,2007-06-30,-3151609.0,21870028.0,-4134576.0,-0.05,3068950.0,0.14032675221083393,162901356.0,137001829.0,129427448.0,21837455.0,22626452.0,15173852.0,-160238248.0,263352308.7,240576864.7,2.0288682325874747,5.926855853852933,0.0,0.0,-0.030621130848603784,2.0288682325874747,-0.02300413814183459,12.04169965854639,-20.890306245159216,1.9222539627554898,0.0,1.2390445089355029,0.0,0.13425319799056798,5.114812738022814,-0.019346732755250975,-103.6809908170195,0.14032675221083393,0.0,-0.9955102246625082,0.07803228653335609,-0.12498666787079303,0.05848564761131526,0.044626798935984785,0.07092564171129002,-0.39989039916028063,-0.036776223598245436,-0.03075335921051883,Electronic Components,Technology,KOPN
2007Q1,2007,Q1,2008-03-17,2007-03-31,-3298825.0,18129481.0,-4450210.0,-0.05,2899378.0,0.15992614460391888,162031182.0,138679241.0,129929328.0,18185344.0,18965941.0,12119000.0,-157086639.0,228041826.48,204649564.48,2.0554818465335774,7.144727534436522,0.0,0.0,-0.03254238060487388,2.0554818465335774,-0.0237874463128912,12.578508258454834,-17.282049402438748,1.6443832893489803,0.0,1.256712847594686,0.0,0.11188884001352283,6.323742789798202,-0.020359198515258626,-85.07407603555892,0.15992614460391888,-0.17041198501872662,-0.06190196702468542,0.056989126927465716,-0.21195378265175505,-0.42014017218731653,-0.1446268904781352,0.04631006918318919,-0.012910924043118919,-0.15797252176908047,-0.042883531619235415,Electronic Components,Technology,KOPN
