Quarters,Year,Quarter,FillingDate,Date,NetIncome,Revenue,OperatingIncome,EPSDiluted,GrossProfit,GrossProfitRatio,TotalAssets,CommonStockEquity,CurrentAssets,CurrentLiability,TotalLiability,Inventory,RetainedEarnings,MarketCap,EnterpriseValue,bookValuePerShare,currentRatio,debtToAssets,debtToEquity,roic,shareholdersEquityPerShare,roe,priceToSalesRatio,peRatio,pbRatio,payoutRatio,inventoryTurnover,dividendYield,assetTurnover,quickRatio,returnOnAssets,priceToFreeCashFlowsRatio,grossProfitMargin,epsdilutedGrowth,fiveYNetIncomeGrowthPerShare,fiveYRevenueGrowthPerShare,fiveYShareholdersEquityGrowthPerShare,grossProfitGrowth,netIncomeGrowth,operatingIncomeGrowth,threeYNetIncomeGrowthPerShare,threeYRevenueGrowthPerShare,threeYShareholdersEquityGrowthPerShare,Industry,Sector,Symbol
2018Q2,2018,Q2,2018-06-30,2018-06-30,0.0,0.0,0.0,0.0,0.0,0.0,334464947.0,327184363.0,0.0,0.0,7280584.0,0.0,3115220.0,0.0,0.0,0.0,0.0,0.0,0.0,,0.0,0.0,0.0,0.0,0.0,0.0,0.0,,0.0,0.0,0.0,0.0,0.0,0.0,0.0,0.0,0.0,0.0,0.0,0.0,0.0,0.0,0.0,Asset Management,Financial Services,GF
2022Q4,2022,Q4,2022-12-31,2022-12-31,,,,,,,162488359.0,161355306.0,9880.0,749823.0,1133053.0,0.0,-38797997.0,0.0,0.0,0.0,0.013176442973875168,0.0,0.0,,0.0,,0.0,0.0,0.0,0.0,0.0,,,0.013176442973875168,,0.0,0.0,0.0,0.0,0.0,0.0,0.0,0.0,0.0,0.0,0.0,0.0,Asset Management,Financial Services,GF
2022Q2,2022,Q2,2022-06-30,2022-06-30,,,,,,,174930012.0,165405127.0,232523.0,0.0,9524885.0,0.0,-36170003.0,0.0,0.0,0.0,0.0,0.0,0.0,,0.0,,0.0,0.0,0.0,0.0,0.0,,,0.0,,0.0,0.0,0.0,0.0,0.0,0.0,0.0,0.0,0.0,0.0,0.0,0.0,Asset Management,Financial Services,GF
2021Q2,2021,Q2,2021-06-30,2021-06-30,,,,,,,359486098.0,358481143.0,0.0,0.0,1004955.0,0.0,177336206.0,0.0,-165125.0,0.0,0.0,0.0,0.0,,0.0,,0.0,0.0,0.0,0.0,0.0,,,0.0,,0.0,0.0,0.0,0.0,0.0,0.0,0.0,0.0,0.0,0.0,0.0,0.0,Asset Management,Financial Services,GF
2020Q4,2020,Q4,2020-12-31,2020-12-31,,,,,,,385466772.0,337610207.0,0.0,0.0,47856565.0,0.0,162536893.0,0.0,0.0,0.0,0.0,0.0,0.0,,0.0,,0.0,0.0,0.0,0.0,0.0,,,0.0,,0.0,0.0,0.0,0.0,0.0,0.0,0.0,0.0,0.0,0.0,0.0,0.0,Asset Management,Financial Services,GF
2020Q2,2020,Q2,2020-06-30,2020-06-30,,,,,,,305320286.0,281010106.0,0.0,0.0,24310180.0,0.0,100905865.0,0.0,0.0,0.0,0.0,0.0,0.0,,0.0,,0.0,0.0,0.0,0.0,0.0,,,0.0,,0.0,0.0,0.0,0.0,0.0,0.0,0.0,0.0,0.0,0.0,0.0,0.0,Asset Management,Financial Services,GF
2019Q4,2019,Q4,2019-12-31,2019-12-31,,,,,,,298572404.0,285175592.0,0.0,0.0,13396812.0,0.0,103128921.0,0.0,0.0,0.0,0.0,0.0,0.0,,0.0,,0.0,0.0,0.0,0.0,0.0,,,0.0,,0.0,0.0,0.0,0.0,0.0,0.0,0.0,0.0,0.0,0.0,0.0,0.0,Asset Management,Financial Services,GF
2019Q2,2019,Q2,2019-06-30,2019-06-30,,,,,,,263593955.0,262581164.0,0.0,0.0,1012791.0,0.0,75453225.0,0.0,0.0,0.0,0.0,0.0,0.0,,0.0,,0.0,0.0,0.0,0.0,0.0,,,0.0,,0.0,0.0,0.0,0.0,0.0,0.0,0.0,0.0,0.0,0.0,0.0,0.0,Asset Management,Financial Services,GF
2018Q4,2018,Q4,2018-12-31,2018-12-31,,,,,,,270274189.0,210586929.0,0.0,0.0,59687260.0,0.0,32485642.0,0.0,-7974.0,0.0,0.0,0.0,0.0,,0.0,,0.0,0.0,0.0,0.0,0.0,,,0.0,,0.0,0.0,0.0,0.0,0.0,0.0,0.0,0.0,0.0,0.0,0.0,0.0,Asset Management,Financial Services,GF
