Quarters,Year,Quarter,FillingDate,Date,NetIncome,Revenue,OperatingIncome,EPSDiluted,GrossProfit,GrossProfitRatio,TotalAssets,CommonStockEquity,CurrentAssets,CurrentLiability,TotalLiability,Inventory,RetainedEarnings,MarketCap,EnterpriseValue,bookValuePerShare,currentRatio,debtToAssets,debtToEquity,roic,shareholdersEquityPerShare,roe,priceToSalesRatio,peRatio,pbRatio,payoutRatio,inventoryTurnover,dividendYield,assetTurnover,quickRatio,returnOnAssets,priceToFreeCashFlowsRatio,grossProfitMargin,epsdilutedGrowth,fiveYNetIncomeGrowthPerShare,fiveYRevenueGrowthPerShare,fiveYShareholdersEquityGrowthPerShare,grossProfitGrowth,netIncomeGrowth,operatingIncomeGrowth,threeYNetIncomeGrowthPerShare,threeYRevenueGrowthPerShare,threeYShareholdersEquityGrowthPerShare,Industry,Sector,Symbol
2023Q1,2023,Q1,2023-05-08,2023-03-31,-80100000.0,1293700000.0,-14200000.0,-1.25,1293700000.0,1.0,13403700000.0,2646900000.0,588400000.0,15000000.0,10756800000.0,0.0,1266300000.0,3495321156.0,4822221156.0,41.39234924139829,39.22666666666667,0.10351619328991249,0.5241981185537798,-0.0027134783308207736,41.39234924139829,-0.030261815708942538,2.7018019293499265,-10.909242059925093,1.3205338909667912,-0.2421972534332085,0.0,0.005550276822688622,0.09651812559218723,139.45333333333335,-0.00597596186127711,-728.1919075,1.0,-0.4367816091954023,-2.199127351577281,0.5035414740371688,0.03296354442278146,-0.055762353112911466,-0.44324324324324327,-1.2103703703703703,-2.301848825328477,0.09654445979517184,-0.26790859314350013,Insurance—Property & Casualty,Financial Services,KMPR
2022Q4,2022,Q4,2023-02-09,2022-12-31,-55500000.0,1376700000.0,67500000.0,-0.87,1370100000.0,0.9952059272,13364000000.0,2443200000.0,692000000.0,167600000.0,10920800000.0,0.0,1380100000.0,3143294520.0,4317794520.0,38.24186350822767,4.128878281622912,0.10377880873989824,0.5676571709233792,0.01292084043871776,38.24186350822767,-0.022716110019646366,2.2832095009806057,-14.158984324324326,1.2865481827111984,-0.3567567567567568,0.0,0.0062991233796316345,0.10301556420233463,54.31026252983293,-0.004152948219096079,-71.60124191343964,0.9952059272172586,0.2689075630252101,-2.2113933886157127,0.5926629440685107,-0.06986916182718135,2282.5,0.27165354330708663,-0.6136233543216943,-1.4643085817773307,0.11915773142926891,-0.3583515336647851,Insurance—Property & Casualty,Financial Services,KMPR
2022Q3,2022,Q3,2022-11-02,2022-09-30,-76200000.0,600000.0,174700000.0,-1.19,600000.0,1.0,13457800000.0,2437600000.0,703900000.0,165100000.0,11020200000.0,0.0,1455600000.0,2634566528.0,3771766528.0,38.17530319735391,4.263476680799515,0.10301832394596443,0.5687561535936987,0.03885276963164973,38.17530319735391,-0.031260255989497866,4390.944213333333,-8.643590971128608,1.0808034657039711,-0.26115485564304464,0.0,0.007553424743123436,4.4583810132413915e-05,54.04663840096911,-0.005662143886816567,-31.551694946107784,1.0,-0.01709401709401711,-2.2851066099828348,-0.9993007766189049,-0.05832541093073433,-0.999577017976736,-0.020080321285140562,3.087216248506571,-1.6163190454324015,-0.9994960353750029,-0.34689273285003563,Insurance—Property & Casualty,Financial Services,KMPR
2022Q2,2022,Q2,2022-08-01,2022-06-30,-74700000.0,1418500000.0,-83700000.0,-1.17,1418500000.0,1.0,13953000000.0,2850000000.0,9580000000.0,400100000.0,11103000000.0,0.0,1551900000.0,3056767240.0,4093967240.0,44.65992641297739,23.944013996500875,0.09931914283666594,0.4862456140350877,-0.01510831566175007,44.65992641297739,-0.026210526315789472,2.1549293197039128,-10.23014471218206,1.0725499087719297,-0.27041499330655955,0.0,0.006608288565667826,0.10166272486203684,23.944013996500875,-0.005353687379058267,-38.44990238993711,1.0,0.214765100671141,-2.6402618394659445,0.6656854956497996,0.1264079462974531,0.03133633851970336,0.2120253164556962,0.26449912126537783,-1.6242335699020274,0.13481511051183673,-0.2105897004334014,Insurance—Property & Casualty,Financial Services,KMPR
2022Q1,2022,Q1,2022-05-02,2022-03-31,-94800000.0,1375400000.0,-113800000.0,-1.49,1375400000.0,1.0,14614700000.0,3394500000.0,10115900000.0,0.0,11220200000.0,0.0,1647300000.0,3604068798.0,4691968798.0,53.25232140588011,0.0,0.09478128186004502,0.4080718809839446,-0.017842653230175278,53.25232140588011,-0.027927529827662396,2.6203786520285006,-9.504400838607594,1.0617377516570923,-0.2088607594936709,0.0,0.00549379079860728,0.09411072413391995,0.0,-0.006486619636393494,-105.38212859649123,1.0,0.10240963855421684,-253.1788380655657,0.6983749406117448,0.3764930432929176,-0.06568847225052646,0.10396975425330812,0.16812865497076024,-1.6206905574217618,0.13121044796860953,0.03959194359269877,Insurance—Property & Casualty,Financial Services,KMPR
2021Q4,2021,Q4,2022-02-10,2021-12-31,-105800000.0,1472100000.0,-136800000.0,-1.66,1472100000.0,1.0,14916500000.0,4007700000.0,10218300000.0,0.0,10908800000.0,0.0,1762500000.0,3742253934.0,4715953934.0,62.96010029125939,0.0,0.07521201354205075,0.2799361229632957,-0.01914215290021847,62.96010029125939,-0.026399181575467227,2.5421193764010597,-8.842755042533081,0.9337659839808369,-0.18714555765595464,0.0,0.005290929036137397,0.09868937083095901,0.0,-0.007092816679515972,128.15938130136988,1.0,-0.4067796610169492,-3.7276792170114885,0.8424310064686563,0.6320984361954426,0.01988360814742968,-0.4050464807436919,0.0,-17.556513046733706,0.36785089599630055,0.3365268593352554,Insurance—Property & Casualty,Financial Services,KMPR
2021Q3,2021,Q3,2021-10-28,2021-09-30,-75300000.0,1443400000.0,0.0,-1.18,1443400000.0,1.0,14977200000.0,4151200000.0,0.0,0.0,10826000000.0,0.0,1888400000.0,4249720799.0000005,5252020799.0,65.24161494685524,0.0,0.07492054589642924,0.27030738099826557,0.0,65.24161494685524,-0.018139333204856428,2.944243313703755,-14.109298801460826,1.0237330889863174,-0.2602921646746348,0.0,0.004612067692685144,0.09637315386053467,0.0,-0.0050276420158641135,82.51885046601943,1.0,-0.21649484536082472,-2.711679775159724,0.8100688961688942,0.6084656925735952,-0.032119627170924696,-0.20287539936102236,0.0,-1.82892613159793,0.2252261218428374,0.3751973333487465,Insurance—Property & Casualty,Financial Services,KMPR
2021Q2,2021,Q2,2021-07-29,2021-06-30,-62600000.0,1491300000.0,0.0,-0.97,1491300000.0,1.0,14950700000.0,4306200000.0,0.0,0.0,10644500000.0,0.0,1985900000.0,4757445520.0,5774645520.0,66.89055684656584,0.0,0.0750667192840469,0.26062421624634247,0.0,66.89055684656584,-0.014537178951279551,3.1901331187554485,-18.99938306709265,1.1047897264409456,-0.3226837060702875,0.0,0.004245976105260791,0.09974783789387788,0.0,-0.0041870949186325725,58.87927623762376,1.0,-1.5243243243243243,-13.424281806489294,0.8876258657594264,0.6238944101022389,0.12169988717562993,-1.5081168831168832,0.0,-2.3331681516957214,0.6096004643516534,0.6855851377938037,Insurance—Property & Casualty,Financial Services,KMPR
2021Q1,2021,Q1,2021-04-29,2021-03-31,123200000.0,1329500000.0,0.0,1.85,1329500000.0,1.0,14203700000.0,4339100000.0,0.0,0.0,9864600000.0,0.0,2140000000.0,5215649112.0,5790849112.0,66.3221479382373,0.0,0.07903574420749523,0.2587172455117421,0.0,66.3221479382373,0.02839298472033371,3.923015503572772,10.583703555194804,1.2020117333087508,0.17045454545454544,0.0,0.004026344477753281,0.09360237121313461,0.0,0.008673796264353655,39.692915616438356,1.0,0.26712328767123295,46.90375281876644,0.7017302741330875,0.6633826055461635,-0.03972553268327916,0.2635897435897436,0.0,0.8026851580343568,0.5102420490531383,0.6550971922003272,Insurance—Property & Casualty,Financial Services,KMPR
2020Q4,2020,Q4,2021-02-10,2020-12-31,97500000.0,1384500000.0,0.0,1.46,1384500000.0,1.0,14341900000.0,4563400000.0,0.0,0.0,9778500000.0,0.0,2071200000.0,5025757620.0,5992457620.0,69.76182468584706,0.0,0.08177438135811851,0.2570013586361047,0.0,69.76182468584706,0.02136564842003769,3.630016338028169,12.886558,1.1013186702896964,0.20102564102564102,0.0,0.0038999095224970283,0.09653532656063701,0.0,0.006798262433847677,26.52114839050132,1.0,-0.20218579234972683,15.594847067706551,0.7568483151743792,0.7932402385493161,0.028985507246376812,-0.2027800490596893,0.0,1.0784811858727936,0.5643242915449963,0.6967694174618793,Insurance—Property & Casualty,Financial Services,KMPR
2020Q3,2020,Q3,2020-11-02,2020-09-30,122300000.0,1345500000.0,0.0,1.83,1345500000.0,1.0,14090400000.0,4347500000.0,0.0,0.0,9742900000.0,0.0,1993500000.0,4368175875.0,5188975875.0,66.5136737425894,0.0,0.08324816896610458,0.2698102357676826,0.0,66.5136737425894,0.028131109833237494,3.246507525083612,8.929222966067048,1.0047558079355952,0.16026165167620604,0.0,0.0044869988207606225,0.0954905467552376,0.0,0.008679668426730257,-226.33035621761658,1.0,-0.04188481675392662,1.5480479586394327,0.7264204074760438,0.6955894628409444,0.0819395303956256,-0.03013481363996828,0.0,1.0149391464229687,0.5317916054857037,0.6407004304652522,Insurance—Property & Casualty,Financial Services,KMPR
2020Q2,2020,Q2,2020-08-03,2020-06-30,126100000.0,1243600000.0,0.0,1.91,1243600000.0,1.0,13489400000.0,4187900000.0,0.0,0.0,9301500000.0,0.0,1891600000.0,4732481152.0,5120881152.0,64.174900701221,0.0,0.05765267543404451,0.18570166431863225,0.0,64.174900701221,0.03011055660354832,3.8054689224831137,9.38239720856463,1.1300368089018362,0.15622521808088818,0.0,0.004162721280289634,0.092190905451688,0.0,0.009348080715228253,25.974100724478596,1.0,1.0105263157894737,2.3655346525372396,0.6181405750041881,0.6496773249330766,0.013363754889178618,0.9703125,0.0,1.7077179579058386,0.4280392246620419,0.618612566314036,Insurance—Property & Casualty,Financial Services,KMPR
2020Q1,2020,Q1,2020-05-07,2020-03-31,64000000.0,1227200000.0,0.0,0.95,1227200000.0,1.0,12932300000.0,3760800000.0,0.0,0.0,9171500000.0,0.0,1791200000.0,4946787483.0,5423587483.0,56.53986490448148,0.0,0.06016717830548317,0.2068974686236971,0.0,56.53986490448148,0.017017655817911082,4.030954598272491,19.323388605468754,1.3153551060944482,0.3125,0.0,0.0040430279385826615,0.09489417968961437,0.0,0.004948849005977282,117.22245220379146,1.0,-0.4864864864864865,2.697093421216526,0.9171451236972411,0.3900569241277724,-0.043715421179770904,-0.4867682437850842,0.0,165.44581420883327,0.4522176024505885,0.46147113693989184,Insurance—Property & Casualty,Financial Services,KMPR
2019Q4,2019,Q4,2020-02-14,2019-12-31,124700000.0,1283300000.0,0.0,1.85,1283300000.0,1.0,12989100000.0,3972300000.0,0.0,0.0,9016800000.0,0.0,1810300000.0,5165375000.0,6535475000.0,59.59939984996249,0.0,0.1160126567660577,0.37935201268786345,0.0,59.59939984996249,0.0313923923167938,4.02507207979428,10.355603448275863,1.3003486645016742,0.14995990376904572,0.0,0.003620259903685599,0.09879822312554372,0.0,0.009600357222594329,37.5390625,1.0,-0.03141361256544494,0.500930946039262,0.8048657105316173,0.49562366334157804,0.033086459507325715,-0.03333333333333333,0.0,2.0704619520264678,0.5339519471434685,0.5449798657136946,Insurance—Property & Casualty,Financial Services,KMPR
2019Q3,2019,Q3,2019-11-04,2019-09-30,129000000.0,1242200000.0,0.0,1.91,1242200000.0,1.0,12819900000.0,3894200000.0,0.0,0.0,8925700000.0,0.0,1704500000.0,5193216080.0,5975916080.0,58.451812003170105,0.0,0.07147481649622851,0.2352986492732782,0.0,58.451812003170105,0.033126187663704995,4.1806601835453225,10.064372248062016,1.3335771352267476,0.1263565891472868,0.0,0.0031387101458716887,0.09689623163987239,0.0,0.01006248098659116,48.58013171188026,1.0,0.03804347826086948,20.672104213367888,0.8170541617922557,0.46109532239028944,-0.02603104908264074,0.056511056511056514,0.0,7.072869041485264,0.4877453820533961,0.44107000343945985,Insurance—Property & Casualty,Financial Services,KMPR
2019Q2,2019,Q2,2019-08-05,2019-06-30,122100000.0,1275400000.0,0.0,1.84,1275400000.0,1.0,12616500000.0,3683700000.0,0.0,0.0,8932800000.0,0.0,1593700000.0,5781401028.0,6705301028.0,56.57378227456184,0.0,0.0815043791859866,0.27914868203165294,0.0,56.57378227456184,0.03314602166300187,4.533010058021013,11.837430442260443,1.56945490349377,0.13431613431613432,0.0,0.0028366826519338278,0.10108984266634963,0.0,0.009677802877184638,45.84774804123711,1.0,-0.2170212765957447,10.022622785172343,0.9737807090500258,0.4461286209259959,0.031626627841138885,-0.21377978106889892,0.0,22.959236260850332,0.5960910431755775,0.37343525192552934,Insurance—Property & Casualty,Financial Services,KMPR
2019Q1,2019,Q1,2019-04-29,2019-03-31,155300000.0,1236300000.0,0.0,2.35,1236300000.0,1.0,12182200000.0,3320100000.0,0.0,0.0,8862100000.0,0.0,1489700000.0,5040014400.0,6029214400.0,51.22425364498959,0.0,0.08998374677808606,0.3301707779886148,0.0,51.22425364498959,0.046775699527122676,4.076692065032759,8.113352221506762,1.518030902683654,0.1056020605280103,0.0,0.003253958956942662,0.10148413258688907,0.0,0.012748107895125675,63.23731994981179,1.0,22.5,2.775854429426905,0.9023696440358323,0.32109946353333546,0.12935050698821596,22.892307692307693,0.0,59.40828989468192,0.5973195362976675,0.28472215005021034,Insurance—Property & Casualty,Financial Services,KMPR
2018Q4,2018,Q4,2019-02-20,2018-12-31,6500000.0,1094700000.0,0.0,0.1,1094700000.0,1.0,11544900000.0,3050100000.0,0.0,0.0,8494800000.0,0.0,1355500000.0,4297972240.0,5580272240.0,47.10724655587818,0.0,0.1175757260781817,0.44503458902986787,0.0,47.10724655587818,0.002131077669584604,3.9261644651502694,165.3066246153846,1.4091250254090029,2.4153846153846152,0.0,0.0036528853895063784,0.09482108983187382,0.0,0.0005630191686372337,23.55053282191781,1.0,-0.9285714285714285,-0.8992245186018839,0.5987409702430487,0.2723985323192512,-0.08446934849878732,-0.9295010845986985,0.0,0.11770281304643278,0.40339774078864915,0.21090023708055664,Insurance—Property & Casualty,Financial Services,KMPR
2018Q3,2018,Q3,2018-11-05,2018-09-30,92200000.0,1195700000.0,0.0,1.4,1195700000.0,1.0,11772600000.0,3063800000.0,0.0,0.0,8708800000.0,0.0,1365100000.0,5019834492.0,6050734492.0,47.44163863958725,0.0,0.0954504527462073,0.36676676023239113,0.0,47.44163863958725,0.030093348129773483,4.198239100108723,13.61126489154013,1.6384341314707227,0.17136659436008678,0.0,0.0031475141312288504,0.10156634897983453,0.0,0.007831744899172655,37.79995852409638,1.0,0.9178082191780821,0.14796288696116763,0.64166660009542,0.33098696691615476,0.6116727321741474,1.452127659574468,0.0,0.9441957352164929,0.5527910256186278,0.2093985800348954,Insurance—Property & Casualty,Financial Services,KMPR
2018Q2,2018,Q2,2018-07-30,2018-06-30,37600000.0,741900000.0,0.0,0.73,741900000.0,1.0,8840500000.0,2045700000.0,0.0,0.0,6794800000.0,0.0,1289400000.0,3899749935.0000005,4201649935.0000005,39.68387911518742,0.0,0.10766359368813981,0.46526861221097915,0.0,39.68387911518742,0.018380016620227795,5.256436089769512,25.929188397606385,1.9063156547880922,0.32978723404255317,0.0,0.0031796910588319555,0.08392059272665574,0.0,0.004253153102200102,36.54873416119963,1.0,-0.2843137254901961,0.2339354112970837,0.4056827539897869,0.13844241537479565,0.07056277056277056,-0.30111524163568776,0.0,0.2703696081394196,0.22203649557299907,0.020112143943908197,Insurance—Property & Casualty,Financial Services,KMPR
2018Q1,2018,Q1,2018-04-30,2018-03-31,53800000.0,693000000.0,0.0,1.02,693000000.0,1.0,8371000000.0,2063800000.0,0.0,0.0,6307200000.0,0.0,1264900000.0,2935671000.0,3412571000.0,40.07145214841854,0.0,0.0707561820571019,0.2869948638433957,0.0,40.07145214841854,0.026068417482314178,4.236177489177489,13.641593866171004,1.4224590561100883,0.23234200743494424,0.0,0.004257970324331303,0.08278580814717477,0.0,0.006426950185163063,56.56398843930636,1.0,0.43661971830985924,0.03977880394784815,0.26997321688797543,0.07225812424675185,-0.004596380350474002,0.45799457994579945,0.0,3.0137994694304036,0.3981888097631355,-0.014826094599514218,Insurance—Property & Casualty,Financial Services,KMPR
2017Q4,2017,Q4,2018-02-13,2017-12-31,36900000.0,696200000.0,0.0,0.71,696200000.0,1.0,8376200000.0,2115600000.0,0.0,0.0,6260600000.0,0.0,1243000000.0,3545339070.0000005,4091939070.0000005,41.114499099235665,0.0,0.07071225615434207,0.27996785781811306,0.0,41.114499099235665,0.01744186046511628,5.092414636598679,24.019912398373986,1.6758078417470221,0.33604336043360433,0.0,0.0034975498126332944,0.08311644898641389,0.0,0.0044053389365105895,51.08557737752162,1.0,-0.22826086956521746,20.91611645528137,0.3168660587374113,0.10440654077592505,0.008547008547008548,-0.22641509433962265,0.0,-0.4247160951591826,0.2682717467972622,0.03175229807773909,Insurance—Property & Casualty,Financial Services,KMPR
2017Q3,2017,Q3,2017-10-30,2017-09-30,47700000.0,690300000.0,0.0,0.92,690300000.0,1.0,8301000000.0,2082400000.0,0.0,0.0,6218600000.0,0.0,1218800000.0,2722440400.0,3177040400.0,40.53980392004174,0.0,0.07134080231297434,0.2843834037648867,0.0,40.53980392004174,0.02290626200537841,3.94385107924091,14.268555555555556,1.3073570879754128,0.259958071278826,0.0,0.004554736992589443,0.08315865558366461,0.0,0.005746295627032888,51.3668,1.0,0.29577464788732405,-0.02629500898685337,0.2135513573085106,0.07210633095815709,0.008620689655172414,0.30327868852459017,0.0,9.393636199157697,0.3096401579321338,0.013356401594189457,Insurance—Property & Casualty,Financial Services,KMPR
2017Q2,2017,Q2,2017-08-01,2017-06-30,36600000.0,684400000.0,0.0,0.71,684400000.0,1.0,8211400000.0,2033400000.0,0.0,0.0,6178000000.0,0.0,1184800000.0,1979647320.0,2410847320.0,39.64809246931923,0.0,0.0721070706578659,0.29118717419101015,0.0,39.64809246931923,0.017999409855414577,2.892529690239626,13.522181147540984,0.9735651224550016,0.33879781420765026,0.0,0.0062637419679380055,0.08334754122317753,0.0,0.004457218013980564,44.58665135135135,1.0,72.0,17.367507455603363,0.29736148927584943,0.09230522431169991,0.05066011667178385,123.0,0.0,3.194873650850679,0.34471734268955717,0.013477250058000406,Insurance—Property & Casualty,Financial Services,KMPR
2017Q1,2017,Q1,2017-05-04,2017-03-31,-300000.0,651400000.0,0.0,-0.01,651400000.0,1.0,8306800000.0,1983600000.0,0.0,0.0,6323200000.0,0.0,1160700000.0,2045796690.0,3037496690.0,38.68695280761257,0.0,0.13383011508643522,0.5604456543657995,0.0,38.68695280761257,-0.00015124016938898973,3.140615121277249,-1704.830575,1.031355459770115,-41.0,0.0,0.006012327647279554,0.07841768189916695,0.0,-3.6114990128569364e-05,53.41505718015666,1.0,-1.0166666666666666,-1.0080338414125232,0.24437964283773067,0.08641594459831689,0.013536642290337637,-1.0096153846153846,0.0,-1.009220426092041,0.26708205931048845,-0.002243879352733093,Insurance—Property & Casualty,Financial Services,KMPR
2016Q4,2016,Q4,2017-02-13,2016-12-31,31200000.0,642700000.0,0.0,0.6,642700000.0,1.0,8210500000.0,1975200000.0,0.0,0.0,6235300000.0,0.0,1172800000.0,2268275180.0,3263975180.0,38.57616605406756,0.0,0.13536325436940502,0.5626771972458485,0.0,38.57616605406756,0.015795868772782502,3.52929077330014,18.17528189102564,1.148377470635885,0.3942307692307692,0.0,0.005422622487982256,0.07827781499299677,0.0,0.0038000121795262166,37.063319934640525,1.0,2.8749999999999996,0.4361735629136205,0.2252406183064104,0.04209610764089738,0.003121585765568909,2.914110429447853,0.0,-0.38831129329539815,0.18693142968995724,0.04196828849837359,Insurance—Property & Casualty,Financial Services,KMPR
2016Q3,2016,Q3,2016-11-03,2016-09-30,-16300000.0,640700000.0,0.0,-0.32,640700000.0,1.0,8390300000.0,2073600000.0,0.0,0.0,6316700000.0,0.0,1155500000.0,2010136700.0,2949936700.0,40.561396645312726,0.0,0.1324028938178611,0.5357349537037037,0.0,40.561396645312726,-0.007860725308641976,3.13740705478383,-30.830317484662576,0.9693946277006174,-0.7607361963190185,0.0,0.006168734693516118,0.07636198944018688,0.0,-0.0019427195690261373,41.275907597535934,1.0,-5.0,-5.079915763450951,0.27147544970341614,0.09878797360677936,0.021524234693877552,-5.075,0.0,-1.2563735270146692,0.1112354927765945,0.13796006720938123,Insurance—Property & Casualty,Financial Services,KMPR
2016Q2,2016,Q2,2016-08-04,2016-06-30,4000000.0,627200000.0,0.0,0.08,627200000.0,1.0,8305900000.0,2105200000.0,0.0,0.0,6200700000.0,0.0,1184400000.0,1583316546.0,2534016546.0,41.19144473337677,0.0,0.13370014086372337,0.527503325099753,0.0,41.19144473337677,0.0019000570017100513,2.5244205133928572,98.957284125,0.7520979222876687,3.075,0.0,0.007768503418393507,0.07551258743784539,0.0,0.0004815853790678915,42.6769958490566,1.0,3.0,10.410511527617171,0.11667035532796434,0.15924356731226386,0.026010142319646656,2.9047619047619047,0.0,-0.8675944881794605,0.19864198440764197,0.181691126992069,Insurance—Property & Casualty,Financial Services,KMPR
2016Q1,2016,Q1,2016-05-05,2016-03-31,-2100000.0,611300000.0,0.0,-0.04,611300000.0,1.0,8169700000.0,2041100000.0,0.0,0.0,6128600000.0,0.0,1192700000.0,1513732655.0,2104232655.0,39.871853725716186,0.0,0.09191279973560841,0.36788986330900003,0.0,39.871853725716186,-0.001028856988878546,2.476251684933748,-180.20626845238095,0.7416259149478223,-5.809523809523809,0.0,0.008059547344573866,0.07482526898172516,0.0,-0.00025704738240082254,19.94377674571805,1.0,-1.4444444444444446,-1.0460103388741666,0.10219414165427217,0.14308733303520282,-0.009238249594813614,-1.4565217391304348,0.0,-1.040833128065059,0.1270687149833845,0.06691713911008318,Insurance—Property & Casualty,Financial Services,KMPR
2015Q4,2015,Q4,2016-02-12,2015-12-31,4600000.0,617000000.0,0.0,0.09,617000000.0,1.0,8036100000.0,1992400000.0,0.0,0.0,6043700000.0,0.0,1209000000.0,1907758750.0,2496658750.0,38.90266523479449,0.0,0.09340351663120171,0.37673158000401524,0.0,38.90266523479449,0.002308773338687011,3.0919914910858997,103.68254076086956,0.9575179431840997,2.6956521739130435,0.0,0.006499773621795733,0.07677853685245331,0.0,0.0005724169684299598,41.56337145969499,1.0,-0.8767123287671234,-0.9133554467458253,0.058964426496118306,0.11693759871148858,0.0025999350016249595,-0.8786279683377308,0.0,1.7449626702703258,0.17255744084518918,0.04499285848582665,Insurance—Property & Casualty,Financial Services,KMPR
2015Q3,2015,Q3,2015-11-05,2015-09-30,37900000.0,615400000.0,0.0,0.73,615400000.0,1.0,8075600000.0,2024600000.0,0.0,0.0,6051000000.0,0.0,1218600000.0,1825509365.9999998,2428809366.0,39.22746348703203,0.0,0.09292188815691713,0.37064111429418156,0.0,39.22746348703203,0.018719747110540353,2.9663785602859924,12.041618509234826,0.9016642131779117,0.32981530343007914,0.0,0.006847403926165341,0.07620486403487048,0.0,0.00469314973500421,21.451343901292596,1.0,0.280701754385965,0.2641511322248491,0.08756316366321687,0.09568404558165586,0.010177281680892974,0.2760942760942761,0.0,-0.23001594345679854,0.07674108455923884,0.037400477684246404,Insurance—Property & Casualty,Financial Services,KMPR
2015Q2,2015,Q2,2015-08-06,2015-06-30,29700000.0,609200000.0,0.0,0.57,609200000.0,1.0,8055100000.0,2012300000.0,0.0,0.0,6042800000.0,0.0,1204700000.0,1994118254.9999998,2650518255.0,38.90148681277681,0.0,0.09313354272448511,0.3728072355016648,0.0,38.90148681277681,0.014759230731004323,3.273339223571897,16.785507196969697,0.9909646946280375,0.4208754208754209,0.0,0.006268434667130612,0.07562910454246378,0.0,0.0036871050638725778,40.69629091836734,1.0,1.192307692307692,-0.05848741510209849,0.12083141885141926,0.16590099622248008,0.2203525641025641,1.2,0.0,13.77745289058684,0.14494570117746466,0.07173623326192807,Insurance—Property & Casualty,Financial Services,KMPR
2015Q1,2015,Q1,2015-05-07,2015-03-31,13500000.0,499200000.0,0.0,0.26,499200000.0,1.0,7885000000.0,2109900000.0,0.0,0.0,5775100000.0,0.0,1189300000.0,2020964288.0,2683264288.0,40.67449607501427,0.0,0.09511731135066583,0.3554670837480449,0.0,40.67449607501427,0.006398407507464809,4.048406025641025,37.4252645925926,0.9578483757524053,0.9111111111111111,0.0,0.006086203538100322,0.06331008243500318,0.0,0.0017121116043119849,77.43158191570882,1.0,-0.7903225806451613,-0.6629855373639483,-0.09181945459691543,0.2837641012413787,-0.10809362158299089,-0.7935779816513762,0.0,-0.6426566922205893,-0.05739529098606162,0.14223059371328536,Insurance—Property & Casualty,Financial Services,KMPR
2014Q4,2014,Q4,2015-02-12,2014-12-31,65400000.0,559700000.0,0.0,1.24,559700000.0,1.0,7833400000.0,2090700000.0,0.0,0.0,5742700000.0,0.0,1202700000.0,1894521983.0,2820021983.0,39.8491955635439,0.0,0.12786274159368857,0.4790739943559573,0.0,39.8491955635439,0.03128138900846606,3.3848883026621404,7.242056509938838,0.9061663476347636,0.1926605504587156,0.0,0.006650754181298935,0.07145045574080221,0.0,0.008348865116041566,60.335095,1.0,12.777777777777777,0.1735282772074486,-0.08898257481717925,0.29706887236681634,0.036865505742867725,12.914893617021276,0.0,1.9379874491022795,0.04132967965622037,0.07648571221896587,Insurance—Property & Casualty,Financial Services,KMPR
2014Q3,2014,Q3,2014-11-06,2014-09-30,4700000.0,539800000.0,0.0,0.09,539800000.0,1.0,7905300000.0,2104500000.0,0.0,0.0,5800800000.0,0.0,1155600000.0,1796470995.0,2455270995.0,40.005474733534456,0.0,0.09511340493086916,0.35728201473033977,0.0,40.005474733534456,0.002233309574720836,3.3280307428677287,95.55696781914894,0.8536331646471845,2.6808510638297873,0.0,0.007013750867711616,0.06828330360644125,0.0,0.0005945378417011372,75.16615041841004,1.0,-0.4705882352941177,-0.9105978413733733,-0.1504947495690941,0.31308905553656824,-0.004976958525345622,-0.4946236559139785,0.0,0.14325742843401704,0.04104311718738594,0.08372832671473772,Insurance—Property & Casualty,Financial Services,KMPR
2014Q2,2014,Q2,2014-08-07,2014-06-30,9300000.0,542500000.0,0.0,0.17,542500000.0,1.0,7969800000.0,2138600000.0,0.0,0.0,5831200000.0,0.0,1183400000.0,2015007190.0,2704907190.0,39.1208509782042,0.0,0.09431855253582273,0.35149163003834283,0.0,39.1208509782042,0.004348639296736182,3.7142989677419354,54.16685994623656,0.9422085429720377,1.4301075268817205,0.0,0.006600472725856626,0.06806946221988004,0.0,0.001166905066626515,61.24641914893617,1.0,-0.7301587301587301,-0.7477875511015187,-0.19238928269875785,0.43488240743639833,-0.021817526144969346,-0.7350427350427351,0.0,21.455083460620305,-0.09700832308951275,0.10097121229443173,Insurance—Property & Casualty,Financial Services,KMPR
2014Q1,2014,Q1,2014-05-08,2014-03-31,35100000.0,554600000.0,0.0,0.63,554600000.0,1.0,7944200000.0,2144700000.0,0.0,0.0,5799500000.0,0.0,1231500000.0,2166606293.0,2853006293.0,38.773956888899335,0.0,0.09458472848115607,0.35035203058702846,0.0,38.773956888899335,0.016365925304238357,3.9066106978002164,15.431668753561254,1.01021415256213,0.3789173789173789,0.0,0.006138632590042052,0.06981193826942927,0.0,0.004418317766420785,63.53684143695015,1.0,-0.36363636363636365,8.039009048005592,-0.0955068527110273,0.5393164241171001,-0.053583617747440276,-0.3641304347826087,0.0,-0.2882709698311226,-0.07454566425785203,0.11161169671846628,Insurance—Property & Casualty,Financial Services,KMPR
2013Q4,2013,Q4,2014-02-14,2013-12-31,55200000.0,586000000.0,0.0,0.99,586000000.0,1.0,7656400000.0,2051500000.0,0.0,0.0,5604900000.0,0.0,1215800000.0,2265258912.0,2805658912.0,37.02239931856408,0.0,0.07926701844208767,0.29583231781623204,0.0,37.02239931856408,0.0269071411162564,3.865629542662116,10.259324782608697,1.1041963987326346,0.2427536231884058,0.0,0.005915438596892716,0.07653727600438849,0.0,0.007209654667990178,85.4814683773585,1.0,-0.1951219512195122,7.25051476280443,0.051233018875299116,0.39498047152154986,-0.07818153216926223,-0.21255349500713266,0.0,-0.03902358427083622,-0.07042584672470854,0.06295313043050578,Insurance—Property & Casualty,Financial Services,KMPR
2013Q3,2013,Q3,2013-10-31,2013-09-30,70100000.0,635700000.0,0.0,1.23,635700000.0,1.0,7745900000.0,2009100000.0,0.0,0.0,5736800000.0,0.0,1184400000.0,1893890880.0,2424490880.0,35.64395431272155,0.0,0.07832530758207568,0.3019760091583296,0.0,35.64395431272155,0.03489124483599622,2.979221142048136,6.754247075606277,0.9426563535911602,0.19400855920114124,0.0,0.007180983943488866,0.08206922371835422,0.0,0.009049949005280214,139.25668235294117,1.0,1.0847457627118644,2.9746693348429925,0.021562497120651614,0.2366188975390996,0.07947019867549669,1.061764705882353,0.0,1.140972733401434,0.02868531298102121,-0.004408937253838829,Insurance—Property & Casualty,Financial Services,KMPR
2013Q2,2013,Q2,2013-08-01,2013-06-30,34000000.0,588900000.0,0.0,0.59,588900000.0,1.0,7820800000.0,2005000000.0,0.0,0.0,5815800000.0,0.0,1151700000.0,2010864240.0,2553264240.0,34.85804690623968,0.0,0.07824007774140752,0.3051870324189526,0.0,34.85804690623968,0.016957605985037406,3.41461069791136,14.785766470588237,1.00292480798005,0.4088235294117647,0.0,0.006912450738096571,0.07529920212765957,0.0,0.004347381342062193,-254.53977721518987,1.0,-0.41000000000000003,12.822180496879291,-0.1826226438453738,-0.011361016840146086,-0.043838285435947394,-0.4178082191780822,0.0,-0.030687536329150483,-0.025600267675154043,0.04471666622795084,Insurance—Property & Casualty,Financial Services,KMPR
2013Q1,2013,Q1,2013-05-02,2013-03-31,58400000.0,615900000.0,0.0,1.0,615900000.0,1.0,8056200000.0,2172400000.0,0.0,0.0,5883800000.0,0.0,1158000000.0,1874708625.0,2388808625.0,37.37108746699237,0.0,0.07591668528586679,0.2815319462345793,0.0,37.37108746699237,0.026882710366415024,3.043852289332684,8.02529377140411,0.8629665922482047,0.23972602739726026,0.0,0.00746782716700842,0.0764504356892828,0.0,0.007249075246394082,25.096501004016066,1.0,32.333333333333336,1.8703889028230545,-0.02961209451800651,0.09694855977903108,0.03234998323835065,29.736842105263158,0.0,0.3009579212261039,-0.00013019255729388829,0.17950227154620213,Insurance—Property & Casualty,Financial Services,KMPR
2012Q4,2012,Q4,2013-02-15,2012-12-31,1900000.0,596600000.0,0.0,0.03,596600000.0,1.0,8009100000.0,2161700000.0,0.0,0.0,5847400000.0,0.0,1118200000.0,1712976500.0,2228076500.0,37.22768526013054,0.0,0.07633816533692925,0.2828329555442476,0.0,37.22768526013054,0.0008789378729703474,2.8712311431444855,225.3916447368421,0.7924210112411527,7.368421052631579,0.0,0.008172908384907791,0.07449026732092245,0.0,0.00023723015070357468,-50.5302802359882,1.0,-0.968421052631579,-0.8887046858750925,-0.08683371878103671,0.041521597839136344,-0.07589838909541512,-0.9658273381294964,0.0,-0.9691956405173084,-0.12260046985556385,0.21174018843581355,Insurance—Property & Casualty,Financial Services,KMPR
2012Q3,2012,Q3,2012-11-08,2012-09-30,55600000.0,645600000.0,0.0,0.95,645600000.0,1.0,8120800000.0,2204500000.0,0.0,0.0,5916300000.0,0.0,1130800000.0,1789800790.0,2082300790.0,37.81323059981441,0.0,0.07526352083538568,0.2772510773418009,0.0,37.81323059981441,0.02522113858017691,2.7723060563816606,8.04766542266187,0.811885139487412,0.25359712230215825,0.0,0.007877971715500249,0.07949955669392178,0.0,0.006846616096936263,41.720298135198135,1.0,22.749999999999996,-0.03667401023868546,-0.021976354251225527,0.05659535010174362,0.06027262276235835,23.17391304347826,0.0,-0.045692976044321786,-0.08323106093673499,0.2411336094826048,Insurance—Property & Casualty,Financial Services,KMPR
2012Q2,2012,Q2,2012-08-06,2012-06-30,2300000.0,608900000.0,0.0,0.04,608900000.0,1.0,8006800000.0,2148700000.0,0.0,0.0,5858100000.0,0.0,1101600000.0,1820298525.0,2181798525.0,36.297631455807505,0.0,0.07631013638407354,0.2843579838972402,0.0,36.297631455807505,0.0010704146693349466,2.9894868204959764,197.85853532608695,0.847162714664681,6.217391304347826,0.0,0.007855854302799042,0.07604785931957836,0.0,0.00028725583254233904,1654.8168409090908,1.0,-0.9444444444444444,-0.9586664709469852,-0.12974059846028682,0.04645434159388408,-0.003763089005235602,-0.9472477064220184,0.0,-0.9423983162191123,-0.16291014750012922,0.33133179634987103,Insurance—Property & Casualty,Financial Services,KMPR
2012Q1,2012,Q1,2012-05-07,2012-03-31,43600000.0,611200000.0,0.0,0.72,611200000.0,1.0,7970400000.0,2131800000.0,0.0,0.0,5838600000.0,0.0,1126200000.0,1812733396.0,2294833396.0,35.60970639280924,0.0,0.0766335441132189,0.2865184351252463,0.0,35.60970639280924,0.020452200018763488,2.9658596138743456,10.394113509174312,0.8503299540294588,0.33256880733944955,0.0,0.007998969970981876,0.07668372980026096,0.0,0.005470239887584061,32.60311863309352,1.0,0.6969804724409447,-0.3256510765251839,-0.11699664409051472,0.02975118842804306,-0.003424099135822599,0.7165354330708661,0.0,9.07865868340063,-0.07900531297217174,0.41369646810877647,Insurance—Property & Casualty,Financial Services,KMPR
2011Q4,2011,Q4,2012-02-17,2011-12-31,25400000.0,613300000.0,0.0,0.4242830201601251,613300000.0,1.0,8085900000.0,2216100000.0,0.0,0.0,5869800000.0,0.0,1208200000.0,1748677097.0,2108077097.0,37.01785830617532,0.0,0.07551416663574866,0.2755290826226253,0.0,37.01785830617532,0.011461576643653265,2.851258922224034,17.21138875,0.7890786052073463,0.5708661417322834,0.0,0.008291982564920617,0.07584808122781632,0.0,0.003141270606858853,-117.3608789932886,1.0,4.303537752001564,-0.5382682382963303,-0.10097203686963745,0.08650067291236092,0.03458164642375169,4.404255319148936,0.0,3.6621916669606747,0.018364467671370586,0.3948093690614217,Insurance—Property & Casualty,Financial Services,KMPR
2011Q3,2011,Q3,2011-11-02,2011-09-30,4700000.0,592800000.0,0.0,0.08,592800000.0,1.0,8200600000.0,2220100000.0,0.0,0.0,5980500000.0,0.0,1200500000.0,1440987944.0,1645387944.0,36.91467109179367,0.0,0.08235982732970758,0.30422053060672943,0.0,36.91467109179367,0.002117021755776767,2.4308163697705805,76.64829489361702,0.649064431331922,3.0851063829787235,0.0,0.010062540814706497,0.07228739360534595,0.0,0.0005731287954539912,-46.037953482428115,1.0,9.0,-0.9384652265506678,-0.14206894074955903,0.11050777206131229,-0.1027697896170728,10.4,0.0,1.124084165314531,-0.10718173508206455,0.2807047015055738,Insurance—Property & Casualty,Financial Services,KMPR
2011Q2,2011,Q2,2011-08-03,2011-06-30,-500000.0,660700000.0,0.0,-0.01,660700000.0,1.0,8181900000.0,2136200000.0,0.0,0.0,6045700000.0,0.0,1210500000.0,1783721829.0,2270121829.0,35.53303714152169,0.0,0.07457925420745792,0.2856474112910776,0.0,35.53303714152169,-0.0002340604812283494,2.6997454654154684,-891.8609145000001,0.8349975793465032,-29.0,0.0,0.008129070219502259,0.08075141470807515,0.0,-6.111050000611105e-05,-34.30234286538462,1.0,-1.0112359550561798,-1.0081538037364688,-0.03292049112588889,0.13042501950157415,0.005019774870702769,-1.009242144177449,0.0,0.8336624045430124,-0.12262127178678069,0.007782960493035616,Insurance—Property & Casualty,Financial Services,KMPR
2011Q1,2011,Q1,2011-05-04,2011-03-31,54100000.0,657400000.0,0.0,0.89,657400000.0,1.0,8230000000.0,2116500000.0,0.0,0.0,6113500000.0,0.0,1225600000.0,1873736579.322,2406236579.322,34.88084643528132,0.0,0.07411907654921021,0.2882116702102528,0.0,34.88084643528132,0.02556106780061422,2.8502229682415576,8.658671808327172,0.8852995886236712,0.27171903881700554,0.0,0.00784528634506303,0.07987849331713244,0.0,0.006573511543134873,25.59749425303279,1.0,-0.14144006359300473,-0.07125866596350133,-0.019283761261623348,0.09600465832979473,-0.047660437490945964,-0.13990461049284578,0.0,1.5474047906068829,-0.0077121549335271945,0.02385284599626247,Insurance—Property & Casualty,Financial Services,KMPR
2010Q4,2010,Q4,2011-02-03,2010-12-31,62900000.0,690300000.0,0.0,1.0366195326147862,690300000.0,1.0,8358500000.0,2113400000.0,0.0,0.0,6245100000.0,0.0,1198800000.0,1489038180.678,1981638180.678,34.829757078348,0.0,0.07295567386492792,0.2885397936973597,0.0,34.829757078348,0.02976246806094445,2.157088484250326,5.918275757861685,0.7045699728768808,0.21462639109697934,0.0,0.009066255100223877,0.08258658850272178,0.0,0.007525273673506012,-875.9048121635294,1.0,0.7872750562323901,-0.17799777546405357,0.034701248036360904,0.10976771522288792,0.024487978628673197,0.7619047619047619,0.0,2.525916761930573,0.011119817608104309,-0.025565409422858756,Insurance—Property & Casualty,Financial Services,KMPR
2010Q3,2010,Q3,2010-11-01,2010-09-30,35700000.0,673800000.0,0.0,0.58,673800000.0,1.0,8540900000.0,2200300000.0,0.0,0.0,6340600000.0,0.0,1154600000.0,1498955680.5422,1911255680.5422,35.801802212249704,0.0,0.06578931962673723,0.25537426714538924,0.0,35.801802212249704,0.016225060219061036,2.2246299800270113,10.49688851920308,0.6812505933473617,0.38095238095238093,0.0,0.009072983395400075,0.07889098338582586,0.0,0.0041798873655001225,146.95643926884316,1.0,-0.04918032786885251,0.7602618140483145,8.514105859483903e-05,0.17435031164854561,0.03454629203132197,-0.05555555555555555,0.0,-0.4132460633370058,-0.03170843199483309,0.0003910573806147605,Insurance—Property & Casualty,Financial Services,KMPR
2010Q2,2010,Q2,2010-08-02,2010-06-30,37800000.0,651300000.0,0.0,0.61,651300000.0,1.0,8507900000.0,2068200000.0,0.0,0.0,6439700000.0,0.0,1137900000.0,1586821120.0,2050721120.0,33.36602931022244,0.0,0.0660327460360371,0.27163717242046226,0.0,33.36602931022244,0.018276762402088774,2.436390480577307,10.494848677248678,0.767247422879799,0.36507936507936506,0.0,0.008696632421932977,0.07655238072849939,0.0,0.00444292951257067,64.76820897959183,1.0,-0.20779220779220783,-0.4603336357843229,-0.08072616620616098,0.05624049403556605,-0.01527063804052011,-0.2157676348547718,0.0,-0.3512521359989408,-0.11101728239984911,-0.03806323352140911,Insurance—Property & Casualty,Financial Services,KMPR
2010Q1,2010,Q1,2010-05-03,2010-03-31,48200000.0,661400000.0,0.0,0.77,661400000.0,1.0,8512000000.0,1977600000.0,0.0,0.0,6534400000.0,0.0,1121200000.0,1750791177.5832,2162491177.5832,31.683777444534165,0.0,0.06597744360902255,0.28398058252427183,0.0,31.683777444534165,0.024372977346278316,2.647098847268219,9.080867103647304,0.8853110728070388,0.2842323651452282,0.0,0.0078250337192763,0.07770206766917294,0.0,0.005662593984962406,68.65847755228235,1.0,-0.2750990045248868,-0.2199717226635426,-0.02721125534363276,0.059253761831928174,-0.09508824736626077,-0.2730015082956259,0.0,-0.28497408382082423,-0.08352681020492986,-0.0837776892205149,Insurance—Property & Casualty,Financial Services,KMPR
2009Q4,2009,Q4,2010-02-01,2009-12-31,66300000.0,730900000.0,0.0,1.0622140193024954,730900000.0,1.0,8573500000.0,1917600000.0,0.0,0.0,6655900000.0,0.0,1086700000.0,1376290377.5832,1793990377.5832,30.722497789056792,0.0,0.06548084212981863,0.2927617855652899,0.0,30.722497789056792,0.034574468085106384,1.8830077679343276,5.189631891339367,0.7177150488022528,0.1870286576168929,0.0,0.009009726582390779,0.08525106432612119,0.0,0.007733131159969674,58.81582810184615,1.0,0.06221401930249537,-0.006100123387391266,0.05717995121365928,0.03356496860158967,-0.026245670130562216,0.06763285024154589,0.0,0.1559688395113652,0.0276252407144172,-0.09827267030761014,Insurance—Property & Casualty,Financial Services,KMPR
2009Q3,2009,Q3,2009-11-02,2009-09-30,62100000.0,750600000.0,0.0,1.0,750600000.0,1.0,8757800000.0,1893200000.0,0.0,0.0,6864600000.0,0.0,1033000000.0,1211108600.0,1670408600.0,30.46668812359189,0.0,0.06408002009637123,0.29642932600887384,0.0,30.46668812359189,0.03280160574688358,1.6135206501465493,4.875638486312399,0.6397150855694063,0.1996779388083736,0.0,0.010238553338651878,0.08570645595925917,0.0,0.007090821895909932,21.062758260869565,1.0,0.49253731343283574,0.21872718523117934,0.06881301044807878,0.06950739757887436,-0.01663828114764837,0.4821002386634845,0.0,-0.21310527694573003,0.05136869230756839,-0.08346754963399255,Insurance—Property & Casualty,Financial Services,KMPR
2009Q2,2009,Q2,2009-08-03,2009-06-30,41900000.0,763300000.0,0.0,0.67,763300000.0,1.0,8724900000.0,1693600000.0,0.0,0.0,7031300000.0,0.0,983200000.0,746660764.0,1210560764.0,27.26415124713852,0.0,0.06431019266696467,0.33130609352857815,0.0,27.26415124713852,0.024740198393953708,0.978200922311018,4.455016491646778,0.4408719674067076,0.29832935560859186,0.0,0.016741203773766263,0.08748524338387832,0.0,0.00480234730484017,13.333227928571429,1.0,8.444444444444445,-0.258768664711296,0.11292616693374787,-0.0029110338728424207,0.10848097589311646,8.482142857142858,0.0,-0.33870537842436427,0.08129415412187088,-0.13263595840429834,Insurance—Property & Casualty,Financial Services,KMPR
2009Q1,2009,Q1,2009-05-04,2009-03-31,-5600000.0,688600000.0,0.0,-0.09,688600000.0,1.0,8882100000.0,1564700000.0,0.0,0.0,7317400000.0,0.0,950800000.0,868412436.0,1468112436.0,25.189075021491288,0.0,0.0749710091082064,0.42557678788266123,0.0,25.189075021491288,-0.0035789608231609894,1.261127557362765,-38.76841232142857,0.5550025154981786,-5.232142857142857,0.0,0.033739728711116704,0.07752671102554576,0.0,-0.0006304815302687428,32.64708406015038,1.0,0.43528909090909096,-1.126972835121859,0.005541326770567985,-0.10776307937677763,0.10193630980956953,0.43434343434343436,0.0,-1.093906992368313,0.0034438602365599574,-0.20852426520679795,Insurance—Property & Casualty,Financial Services,KMPR
2008Q4,2008,Q4,2009-02-04,2008-12-31,-9900000.0,624900000.0,0.0,-0.159373581333651,624900000.0,1.0,8818800000.0,1648600000.0,0.0,0.0,7170200000.0,0.0,985800000.0,990164108.0,1366764108.0,26.539725877440105,0.0,0.06359141833356012,0.34016741477617374,0.0,26.539725877440105,-0.006005095232318331,1.58451609537526,-25.00414414141414,0.6006090670872255,-2.95959595959596,0.0,0.02959105441539596,0.07085998094978908,0.0,-0.0011226017145189822,-21.90628557522124,1.0,0.7470260613751571,-1.2426700902908117,-0.09500627695865713,-0.013560396871436295,-0.09290172739149369,0.7480916030534351,0.0,-1.1263775515188985,-0.0850444009403939,-0.15437449410297666,Insurance—Property & Casualty,Financial Services,KMPR
2008Q3,2008,Q3,2008-11-03,2008-09-30,-39300000.0,688900000.0,0.0,-0.63,688900000.0,1.0,9210600000.0,1798600000.0,0.0,0.0,7412000000.0,0.0,1031900000.0,1556256062.3999999,2063756062.3999999,28.82371794871795,0.0,0.06086465593989534,0.31168686756366065,0.0,28.82371794871795,-0.02185032803291449,2.2590449446944403,-9.89984772519084,0.8652596810852885,-0.7480916030534351,0.0,0.01889149267290912,0.07479425878878683,0.0,-0.004266823008273077,30.756048664031617,1.0,-11.599999999999998,-1.984074519230769,-0.016431648489150272,0.11685687894647542,-0.05175498967653131,-12.551724137931034,0.0,-2.908508164393426,0.0070582066561769834,-0.05454083134493419,Insurance—Property & Casualty,Financial Services,KMPR
2008Q2,2008,Q2,2008-08-04,2008-06-30,-2900000.0,726500000.0,0.0,-0.05,726500000.0,1.0,9433800000.0,2045000000.0,0.0,0.0,7388800000.0,0.0,1107100000.0,1599060000.0,2170360000.0,35.258620689655174,0.0,0.06714155483474316,0.30973105134474327,0.0,35.258620689655174,-0.0014180929095354523,2.201046111493462,-137.85,0.7819364303178484,-10.172413793103448,0.0,0.0184483383988093,0.07701032457758274,0.0,-0.00030740528737094276,80.35477386934673,1.0,-1.1428571428571428,-1.1470588237885462,0.12889511127299477,0.3321438765832974,0.03504772759652372,-1.1288888888888888,0.0,-1.0442477877237852,0.09587104516325909,0.11615267702364007,Insurance—Property & Casualty,Financial Services,KMPR
2008Q1,2008,Q1,2008-05-05,2008-03-31,22500000.0,701900000.0,0.0,0.35,701900000.0,1.0,9278600000.0,2190100000.0,0.0,0.0,7088500000.0,0.0,1139700000.0,2271857132.76,2778157132.76,34.068222373636544,0.0,0.060386265169314335,0.25583306698324276,0.0,34.068222373636544,0.010273503492991188,3.2367247937882895,25.24285703066667,1.0373303195105248,1.3422222222222222,0.0,0.013293089413290294,0.07564718815338521,0.0,0.002424934796197702,51.75073195353076,1.0,0.19047618518518522,0.7500000077777776,0.05166155984624487,0.33016952158138024,-0.029586616894787778,0.19047619047619047,0.0,-0.6464646427586287,0.0023435878653811455,0.13897065371624734,Insurance—Property & Casualty,Financial Services,KMPR
2007Q4,2007,Q4,2008-02-04,2007-12-31,18900000.0,723300000.0,0.0,0.29400000130666665,723300000.0,1.0,9405000000.0,2297800000.0,0.0,0.0,7107200000.0,0.0,1185300000.0,3085071543.431428,3542071543.431428,35.743555714415805,0.0,0.05955342902711324,0.24375489598746627,0.0,35.743555714415805,0.008225258943337106,4.265272422827911,40.807824648563866,1.3426196985949288,1.560846560846561,0.0,0.00956217694944866,0.07690590111642744,0.0,0.0020095693779904307,217.25855939657944,1.0,-0.6999999986666667,6.323783807445045,0.12580546099720782,0.3286829964857184,-0.016453630677182484,-0.7060653188180405,0.0,-0.7249080131566323,0.01577249571106942,0.20248318653434377,Insurance—Property & Casualty,Financial Services,KMPR
2007Q3,2007,Q3,2007-10-29,2007-09-30,64300000.0,735400000.0,0.0,0.98,735400000.0,1.0,9582000000.0,2324400000.0,0.0,0.0,7257600000.0,0.0,1215000000.0,3252670839.49899,3763770839.49899,35.78780712613701,0.0,0.05845335003130871,0.24096541042849767,0.0,35.78780712613701,0.027663052830838065,4.422995430376652,12.646465161349106,1.3993593355270133,0.4618973561430793,0.0,0.009130957746888001,0.07674806929659779,0.0,0.006710498852014193,51.54787384309017,1.0,0.04255319148936174,4.666666661789667,0.2793468642912254,0.21008198853208432,-0.0597110343945787,0.03376205787781351,0.0,0.20731707180454706,0.0018720650617023975,0.25630079348503193,Insurance—Property & Casualty,Financial Services,KMPR
2007Q2,2007,Q2,2007-07-30,2007-06-30,62200000.0,782100000.0,0.0,0.94,782100000.0,1.0,9757600000.0,2295200000.0,0.0,0.0,7462400000.0,0.0,1229100000.0,3254251075.34,4061151075.34,34.68630212811919,0.0,0.0881364269902435,0.37469501568490765,0.0,34.68630212811919,0.027100034855350296,4.1609143016749774,13.079787280305467,1.4178507647873824,0.4855305466237942,0.0,0.009280169016106031,0.08015290645240633,0.0,0.006374518324178077,69.83371406309013,1.0,-0.12962962962962973,14.666666540041899,0.6560271746647195,0.26042423294186273,0.00903109276222423,-0.1408839779005525,0.0,0.03296703576949578,0.07050748233635062,0.2685276286137993,Insurance—Property & Casualty,Financial Services,KMPR
2007Q1,2007,Q1,2007-04-30,2007-03-31,72400000.0,775100000.0,0.0,1.08,775100000.0,1.0,9410900000.0,2318200000.0,0.0,0.0,7092700000.0,0.0,1242300000.0,3155433331.59,3608333331.59,34.58088399700601,0.0,0.05363992816840047,0.2177551548615305,0.0,34.58088399700601,0.031231127598999223,4.071001588943362,10.895833327313538,1.3611566437710294,0.4212707182320442,0.0,0.009665867345272439,0.08236194200342156,0.0,0.007693206813375979,30.340705111442308,1.0,0.17532467467532475,6.714285752088122,0.48428599754787005,0.16196661098945458,0.014661604922110223,0.17532467532467533,0.0,0.5211267658404014,0.04880486959048288,0.22490966514620436,Insurance—Property & Casualty,Financial Services,KMPR
