Quarters,Year,Quarter,FillingDate,Date,NetIncome,Revenue,OperatingIncome,EPSDiluted,GrossProfit,GrossProfitRatio,TotalAssets,CommonStockEquity,CurrentAssets,CurrentLiability,TotalLiability,Inventory,RetainedEarnings,MarketCap,EnterpriseValue,bookValuePerShare,currentRatio,debtToAssets,debtToEquity,roic,shareholdersEquityPerShare,roe,priceToSalesRatio,peRatio,pbRatio,payoutRatio,inventoryTurnover,dividendYield,assetTurnover,quickRatio,returnOnAssets,priceToFreeCashFlowsRatio,grossProfitMargin,epsdilutedGrowth,fiveYNetIncomeGrowthPerShare,fiveYRevenueGrowthPerShare,fiveYShareholdersEquityGrowthPerShare,grossProfitGrowth,netIncomeGrowth,operatingIncomeGrowth,threeYNetIncomeGrowthPerShare,threeYRevenueGrowthPerShare,threeYShareholdersEquityGrowthPerShare,Industry,Sector,Symbol
2023Q1,2023,Q1,2023-05-12,2023-03-31,-53000.0,8797000.0,5248000.0,-0.0134,13646000.0,1.55121064,1100012000.0,54609000.0,27613000.0,0.0,180129000.0,0.0,-37581000.0,34972940.52,154849940.52,13.772115608195934,0.0,0.1637518499798184,3.2985222216118224,0.01645711862208552,13.772115608195934,-0.000970535992235712,3.9755530885529162,-164.96670056603776,0.6404244816788441,-0.7735849056603774,0.0,0.0011723349363932753,0.007997185485249253,0.0,-4.818129256771744e-05,-112.81593716129034,1.551210639990906,-1.029777777777778,-1.0489535766089455,0.17383601721396602,-0.20540912702801353,0.2566534671700893,-1.0299435028248587,-0.5786092821583427,0.9504950642958301,0.31078884093001047,-0.15385552129562408,Banks—Regional,Financial Services,PNBK
2022Q4,2022,Q4,2023-03-29,2022-12-31,1770000.0,10859000.0,12454000.0,0.45,10859000.0,1.0,1043359000.0,59583000.0,934975000.0,0.0,983776000.0,0.0,-31337000.0,41693329.8,118393329.8,15.148221622730645,0.0,0.11040591014214667,1.9333199066847926,0.05207463004574603,15.148221622730645,0.02970645989627914,3.839518353439543,5.888888389830508,0.6997521071446554,0.8163841807909604,0.0,0.03465782193294622,0.01040773118360986,0.0,0.001696443889399526,5.691922156996586,1.0,-0.2372881355932203,2.0000002542373103,0.4896872768527549,-0.09222780130155381,0.1013184584178499,-0.23903697334479793,1.3591589316158363,2.1816578382357332,0.6711770662028675,-0.10224729551540333,Banks—Regional,Financial Services,PNBK
2022Q3,2022,Q3,2022-11-14,2022-09-30,2326000.0,9860000.0,5279000.0,0.59,9860000.0,1.0,1058991000.0,58004000.0,857237000.0,0.0,1000987000.0,0.0,-33107000.0,43806967.83,168216967.82999998,14.657583297976458,0.0,0.1469266499904154,2.682470174470726,0.02315194440652603,14.657583297976458,0.04010068271153713,4.442897345841785,4.7084015294496995,0.7552404632439143,0.0,0.0,0.0,0.009310749571998251,0.0,0.0021964303757066868,24.229517605088496,1.0,0.8437499999999999,1.2606889244596966,0.3090243806882341,-0.13876938928149338,0.16328456819254367,0.8387351778656127,0.5748806682577565,84.39740185391415,0.4437332474048442,-0.15665353580448546,Banks—Regional,Financial Services,PNBK
2022Q2,2022,Q2,2022-08-11,2022-06-30,1265000.0,8476000.0,3352000.0,0.32,8476000.0,1.0,1049180000.0,59802000.0,936383000.0,0.0,989378000.0,0.0,-35433000.0,48159854.2,141280854.2,15.111971414564623,0.0,0.12451342953544672,2.184492157452928,0.012789096726506327,15.111971414564623,0.02115313869101368,5.681908235016517,9.517757747035573,0.8053217986020534,0.07509881422924901,0.0,0.001972597333984454,0.008078690024590633,0.0,0.0012057035017823442,25.34729168421053,1.0,0.6,0.5222171021116853,0.2344366740619605,-0.1139777104038117,0.14001344989912576,0.58125,0.2391866913123845,1.761108599463821,0.15065447641381485,-0.12800760474772374,Banks—Regional,Financial Services,PNBK
2022Q1,2022,Q1,2022-05-13,2022-03-31,800000.0,7435000.0,2705000.0,0.2,7435000.0,1.0,975504000.0,62683000.0,133172000.0,0.0,912821000.0,0.0,-36698000.0,66983409.56,143346409.56,15.843075128169096,0.0,0.12370938509734455,1.92522693553276,0.010622674160829113,15.843075128169096,0.012762631016384028,9.009201016812375,20.9323154875,1.068605675542013,0.0,0.0,0.0,0.007621701192409257,0.0,0.0008200888976365038,-15.185538326909999,1.0,-0.5833333333333333,-0.5450251109643289,0.26080171901192933,-0.042957892159073155,-0.18645366013787065,-0.5778364116094987,0.20812862885216615,1.5274915253209156,0.0608542253068732,-0.08158888383203323,Banks—Regional,Financial Services,PNBK
2021Q4,2021,Q4,2022-03-24,2021-12-31,1895000.0,9139000.0,2239000.0,0.48,9139000.0,1.0,948481000.0,67344000.0,147208000.0,0.0,881137000.0,0.0,-37498000.0,61390109.35,135066109.35,17.05810937767942,0.0,0.12727824806190108,1.7926021620337371,0.03564114269422747,17.05810937767942,0.02813910667617011,6.717377103621841,8.098959017150396,0.9115898869980994,0.0,0.0,0.0,0.00963540650787944,0.0,0.0019979314293064386,16.480566268456375,1.0,0.4117647058823528,0.7880462413748941,0.4482865342844048,0.06125213177779265,0.27107093184979136,0.4323507180650038,0.0,5.331287808990446,0.3020319147220277,0.057829107643805784,Banks—Regional,Financial Services,PNBK
2021Q3,2021,Q3,2021-11-10,2021-09-30,1323000.0,7190000.0,0.0,0.34,7190000.0,1.0,952346000.0,66700000.0,789740000.0,0.0,885646000.0,0.0,-39393000.0,40565509.800000004,135044509.8,17.141347500087377,0.0,0.14778662376909232,2.110104947526237,0.0,17.141347500087377,0.019835082458770616,5.641934603616134,7.665440249433107,0.6081785577211395,0.0,0.0,0.0,0.0075497770768187195,0.0,0.001389200983676101,12.939556555023925,1.0,0.30769230769230776,0.6535187749106112,0.19640204632619407,0.08430157062495446,0.07683091208626629,0.2945205479452055,0.0,0.7264180761484862,0.0137815770351485,-0.028849062081024883,Banks—Regional,Financial Services,PNBK
2021Q2,2021,Q2,2021-08-16,2021-06-30,1022000.0,6677000.0,0.0,0.26,6677000.0,1.0,963054000.0,65862000.0,815742000.0,0.0,897192000.0,0.0,-40716000.0,35887920.970000006,40464920.97,16.755500005215264,0.0,0.12540106785289298,1.8336521818347453,0.0,16.755500005215264,0.015517293735386111,5.374857116968699,8.778845638454012,0.5448957057180165,0.0,0.0,0.0,0.00693315224276105,0.0,0.0010612073673958054,27.229075091047047,1.0,0.18181818181818185,0.6250000954011797,0.1358370153732568,0.018843784978823826,0.0203239608801956,0.19672131147540983,0.0,-0.037036989798014425,-0.11886140917035844,-0.059529944361387956,Banks—Regional,Financial Services,PNBK
2021Q1,2021,Q1,2021-05-14,2021-03-31,854000.0,6544000.0,0.0,0.22,6544000.0,1.0,886188000.0,63937000.0,789279000.0,0.0,822251000.0,0.0,-41738000.0,40681452.64,77197452.64,16.470890701212678,0.0,0.13630290638103879,1.889203434630965,0.0,16.470890701212678,0.01335689819666234,6.216603398533008,11.909090351288057,0.6362740297480333,0.0,0.0,0.0,0.007384437613689195,0.0,0.0009636781360162855,-40.19906387351779,1.0,1.6285714285714286,0.29411754912895327,0.11128975280208855,0.01543334606813654,-0.01785982290259643,1.61794500723589,0.0,-0.19426018761254302,-0.10804175510910846,-0.049701600448795735,Banks—Regional,Financial Services,PNBK
2020Q4,2020,Q4,2021-03-30,2020-12-31,-1382000.0,6663000.0,0.0,-0.35,6663000.0,1.0,880729000.0,63219000.0,792144000.0,0.0,817510000.0,0.0,-42592000.0,39248795.739999995,125425795.74,16.010602316635563,0.0,0.13717386392409014,1.9110235846818204,0.0,16.010602316635563,-0.021860516616839874,5.890559168542698,-7.099999229377713,0.6208386045334472,0.0,0.0,0.0,0.007565323726140504,0.0,-0.001569154643482842,5.510923299634933,1.0,-16.499999999999996,-3.527089747970363,0.19766754361943606,0.0005782468470148615,0.01958684009181331,-14.885057471264368,0.0,-3.3333335865895117,-0.08946665912451798,-0.040548783254546805,Banks—Regional,Financial Services,PNBK
2020Q3,2020,Q3,2020-11-13,2020-09-30,-87000.0,6535000.0,0.0,-0.02,6535000.0,1.0,922929000.0,64537000.0,835350000.0,0.0,858392000.0,0.0,-41210000.0,30102000.0,101301000.0,14.836091954022988,0.0,0.13092556415498918,1.8723367990455089,0.0,14.836091954022988,-0.0013480639013279203,4.606273909716909,-86.5,0.4664301098594605,0.0,0.0,0.0,0.007080718018395781,0.0,-9.426510598323382e-05,8.515417256011315,1.0,0.9375,-1.125,0.0250896563618846,-0.036138846671317525,0.08195364238410596,0.931924882629108,0.0,-1.0769230799605134,-0.21073521091396058,-0.1282808172065377,Banks—Regional,Financial Services,PNBK
2020Q2,2020,Q2,2020-08-13,2020-06-30,-1278000.0,6040000.0,0.0,-0.32,6040000.0,1.0,979544000.0,64172000.0,892815000.0,0.0,915372000.0,0.0,-41123000.0,23563125.0,78524125.0,16.06810641627543,0.0,0.12338087926627084,1.8833291778345695,0.0,16.06810641627543,-0.019915227825219723,3.9011796357615895,-4.609375,0.36718701302748863,0.0,0.0,0.0,0.006166134446232124,0.0,-0.001304688712298784,-181.25480769230768,1.0,-0.18518518518518512,-2.7777778809869376,-0.01764974087980575,0.02377189676378543,-0.10119047619047619,-0.1921641791044776,0.0,-2.5238093532338306,-0.128377332393848,-0.05791904670342967,Banks—Regional,Financial Services,PNBK
2020Q1,2020,Q1,2020-06-08,2020-03-31,-1072000.0,6720000.0,0.0,-0.27,6720000.0,1.0,999579000.0,64623000.0,914275000.0,0.0,934956000.0,0.0,-39845000.0,26283849.400000002,95005849.4,16.2763168168206,0.0,0.12092891107156113,1.8705104993578139,0.0,16.2763168168206,-0.016588521114773377,3.9112871130952382,-6.129629057835821,0.4067259242065518,0.0,0.0,0.0,0.0067228303115611674,0.0,-0.0010724515020823766,-6.089863160333643,1.0,0.29100535714285714,-4.857142816555504,0.2823933052853925,0.13316688751855515,0.02454642475987193,0.291005291005291,0.0,-1.607535328349372,0.13557128931005238,-0.01678680254690673,Banks—Regional,Financial Services,PNBK
2019Q4,2019,Q4,2020-04-29,2019-12-31,-1512000.0,6559000.0,0.0,-0.38082093104672865,6559000.0,1.0,979836000.0,66994000.0,890771000.0,0.0,912842000.0,0.0,-38773000.0,50661921.199999996,142157921.2,16.873490379989775,0.0,0.13359378508240155,1.9539063199689524,0.0,16.873490379989775,-0.022569185300176136,7.724031285256898,-8.376640410052909,0.7562157984297101,-0.025793650793650792,0.0,0.00076980894281601,0.0066939773594764836,0.0,-0.0015431153784919108,-4.8217303892642995,1.0,-56.32881016126961,0.3438037345106329,0.3646150480835246,0.1860628765064232,-0.031166912850812408,-57.0,0.0,-2.4185947747653667,0.0335475914564879,0.049766257198914365,Banks—Regional,Financial Services,PNBK
2019Q3,2019,Q3,2019-11-13,2019-09-30,27000.0,6770000.0,0.0,0.006882868616489875,6770000.0,1.0,971985000.0,68179000.0,880333000.0,0.0,903806000.0,0.0,-37222000.0,50052357.4102,130972357.4102,17.380262940876413,0.0,0.1346944654495697,1.9202540371668695,0.0,17.380262940876413,0.000396016368676572,7.393258110812408,463.4477537981481,0.7341315861218264,1.4444444444444444,0.0,0.0007791840787913084,0.006965128062675865,0.0,2.77782064538033e-05,34.51886717944828,1.0,1.016387782420214,-0.9984704735521683,0.3666072287095983,0.09828223954842667,-0.07702794819359236,1.0163141993957705,0.0,-0.9665266143934477,0.11743820456315328,0.09941452412483447,Banks—Regional,Financial Services,PNBK
2019Q2,2019,Q2,2019-08-14,2019-06-30,-1655000.0,7335000.0,0.0,-0.42,7335000.0,1.0,977767000.0,68290000.0,891948000.0,0.0,909477000.0,0.0,-37210000.0,60683330.4,140509330.4,17.330393586967666,0.0,0.1339194307028157,1.9174403280128862,0.0,17.330393586967666,-0.024234880656025772,8.273119345603272,-9.166666223564954,0.8886122477668765,-0.022960725075528703,0.0,0.0006262016232385294,0.007501787235609301,0.0,-0.0016926322937877837,-15.819429197080291,1.0,-6.25,-4.132849751436846,0.5385298762801447,0.5667858475151855,0.025587248322147652,-6.123839009287925,0.0,-3.625000126888224,0.24469686356141956,0.053801067817911816,Banks—Regional,Financial Services,PNBK
2019Q1,2019,Q1,2019-05-15,2019-03-31,323000.0,7152000.0,0.0,0.08,7152000.0,1.0,953108000.0,69649000.0,870748000.0,0.0,883459000.0,0.0,-35517000.0,62662000.0,126992000.0,17.250526315789475,0.0,0.12691321445208728,1.736737067294577,0.0,17.250526315789475,0.004637539663168172,8.761465324384787,48.5,0.8996826946546252,0.12074303405572756,0.0,0.0006223867734831318,0.007503871544462957,0.0,0.0003388912903889171,147.093896713615,1.0,1.0,-0.20000000000000004,0.23244149889767085,0.291400989096227,-0.0644865925441465,-0.009202453987730062,0.0,-0.5294118223583462,0.16770774044814335,0.0634980206012095,Banks—Regional,Financial Services,PNBK
2018Q4,2018,Q4,2019-04-01,2018-12-31,326000.0,7645000.0,0.0,0.04,7645000.0,1.0,951696000.0,69340000.0,869376000.0,0.0,882356000.0,0.0,-35790000.0,61275000.0,125821000.0,16.12558139534884,0.0,0.13763113431179705,1.8889962503605422,0.0,16.12558139534884,0.004701471012402653,8.015042511445388,46.99003067484662,0.8836890683588116,0.1165644171779141,0.0,0.00062015503875969,0.008033027353272474,0.0,0.0003425463593416385,240.2941176470588,1.0,-0.7999999999999999,-0.7477657475013099,0.13637437512333292,0.21787761255986826,0.07418856259659969,-0.576072821846554,0.0,-0.4526038748032873,0.2618724333522404,0.0077638331683663195,Banks—Regional,Financial Services,PNBK
2018Q3,2018,Q3,2018-11-14,2018-09-30,769000.0,7117000.0,0.0,0.2,7117000.0,1.0,915286000.0,68921000.0,832424000.0,0.0,846365000.0,0.0,-36078000.0,85474999.39,157249999.39,17.65054929238766,0.0,0.13220676378749374,1.7557348268307191,0.0,17.65054929238766,0.011157702296832606,12.009976027820711,27.787711115084523,1.240188032529998,0.05071521456436931,0.0,0.0004562737675147938,0.007775711635488798,0.0,0.0008401745465351813,98.70092308314088,1.0,-0.23076923076923075,1.3191794094753633,0.3863368138049754,0.6714368865936391,-0.037853183723131,-0.2577220077220077,0.0,0.23087233987519312,0.24368139463150093,0.14670890761312197,Banks—Regional,Financial Services,PNBK
2018Q2,2018,Q2,2018-08-14,2018-06-30,1036000.0,7397000.0,0.0,0.26,7397000.0,1.0,930235000.0,68361000.0,863454000.0,0.0,861874000.0,0.0,-36808000.0,77009332.59,132258332.59,17.816090905560724,0.0,0.1514563524270749,2.060970436359913,0.0,17.816090905560724,0.015154839747809424,10.410887196160607,18.58333315395753,1.1265097437135208,0.037644787644787646,0.0,0.0005064321256702376,0.007951754126645418,0.0,0.0011136970765451741,33.820523754940716,1.0,-0.03703703703703707,1.2652788016702814,0.5841871331467897,0.5872798302398846,0.003391209983722192,-0.027230046948356807,0.0,0.500000101561494,0.2521891390039202,0.13514391221774424,Banks—Regional,Financial Services,PNBK
2018Q1,2018,Q1,2018-05-15,2018-03-31,1065000.0,7372000.0,0.0,0.27,7372000.0,1.0,870417000.0,67605000.0,0.0,0.0,802812000.0,0.0,-37805000.0,75669952.19999999,155019952.2,17.33233551586676,0.0,0.16238423652111575,2.0907033503439094,0.0,17.33233551586676,0.01575327268693144,10.264507894736841,17.762899577464786,1.1192952030175283,0.03568075117370892,0.0,0.0005021808379046393,0.008469503697652965,0.0,0.0012235514701574074,72.41143751196171,1.0,0.8000000000000002,1.536263116571936,0.6955376674176575,0.3973787075338638,-0.00553082422770808,0.775,-1.0,2.9005854191354055,0.43201163501617357,0.20668753938512913,Banks—Regional,Financial Services,PNBK
2017Q4,2017,Q4,2018-03-30,2017-12-31,600000.0,7413000.0,1102000.0,0.15,7413000.0,1.0,852080000.0,66749000.0,0.0,0.0,785331000.0,0.0,-38832000.0,71400000.0,163528000.0,16.68725,0.0,0.16591047788940005,2.1179193695785705,0.0028829798479708627,16.68725,0.008988898710093035,9.63172804532578,29.750000000000004,1.0696789465010714,0.06333333333333334,0.0,0.0005322128851540616,0.00869988733452258,0.0,0.0007041592338747535,28.50299401197605,1.0,-0.42307692307692313,1.3989850872075522,0.5840983648911668,0.2939535850018998,-0.0004045307443365696,-0.4076999012833169,-0.3405146618791143,1.2584664649415693,0.5308671880252102,0.17297176163701364,Banks—Regional,Financial Services,PNBK
2017Q3,2017,Q3,2017-11-09,2017-09-30,1013000.0,7416000.0,1671000.0,0.26,7416000.0,1.0,826731000.0,66310000.0,0.0,0.0,760421000.0,0.0,-39394000.0,65728121.87615399,188712121.876154,17.019347797853985,0.0,0.18312607123719807,2.283154878600513,0.004653064224229006,17.019347797853985,0.015276730508218971,8.863015355468445,16.221155448211743,0.9912248812570351,0.0,0.0,0.0,0.00897026965240205,0.0,0.0012253078691859868,28.8281236298921,1.0,0.2380952380952382,54.37843997695122,0.2844759621969844,0.27787805677397687,0.1163630889658287,0.2599502487562189,0.20824295010845986,-0.9422222211563726,0.5072418217256639,0.07547552523610425,Banks—Regional,Financial Services,PNBK
2017Q2,2017,Q2,2017-08-11,2017-06-30,804000.0,6643000.0,1383000.0,0.21,6643000.0,1.0,773420000.0,65300000.0,0.0,0.0,708120000.0,0.0,-40368000.0,62979996.778571,193559996.778571,17.055972058504334,0.0,0.18285407669830106,2.1657427258805515,0.0038892624429792523,17.055972058504334,0.012312404287901991,9.480655845035526,19.58333233164521,0.9644716198862329,0.0,0.0,0.0,0.008589123632696335,0.0,0.001039538672390163,-557.3451042351417,1.0,-0.5227272727272727,1.3343865890092923,0.3764937583813483,0.2647922339666753,0.14495001723543605,-0.5352601156069364,-0.5174459176552687,0.5664249753460794,0.43410863143983613,0.5419762686159987,Banks—Regional,Financial Services,PNBK
2017Q1,2017,Q1,2017-05-12,2017-03-31,1730000.0,5802000.0,2866000.0,0.44,5802000.0,1.0,774761000.0,64441000.0,0.0,0.0,710320000.0,0.0,-41172000.0,58585526.300000004,143768526.3,16.55420905555644,0.0,0.1877340237828182,2.2570878788349034,0.008242412692362667,16.55420905555644,0.0268462624726494,10.097470923819374,8.46611651734104,0.90913434459428,0.0,0.0,0.0,0.007488761050181927,0.0,0.002232946676458934,-132.54643959276018,1.0,0.6390425263157894,2.1260154525409845,-0.03217307841269111,0.23976784750666952,-0.06750241080038573,0.6555023923444976,0.703923900118906,3.444186413325777,0.03699158387391094,0.2392736057266744,Banks—Regional,Financial Services,PNBK
2016Q4,2016,Q4,2017-03-31,2016-12-31,1045000.0,6222000.0,1682000.0,0.26844941051592125,6222000.0,1.0,756654000.0,62570000.0,0.0,0.0,694084000.0,0.0,-42902000.0,54692800.300000004,121879800.30000001,16.07356901050832,0.0,0.21076476170085667,2.548761387246284,0.004706232042009313,16.07356901050832,0.016701294550103885,8.790228270652523,13.084401985645933,0.8741058062969473,0.0,0.0,0.0,0.008223045143486983,0.0,0.0013810803881298453,-67.4387180024661,1.0,0.27833052626629173,1.3251749379053743,0.06947028398701871,0.2201453579210187,0.017664376840039256,0.28378378378378377,0.2627627627627628,-0.10686445859095485,0.021618076573463315,0.21394939952245257,Banks—Regional,Financial Services,PNBK
2016Q3,2016,Q3,2016-11-14,2016-09-30,814000.0,6114000.0,1332000.0,0.21,6114000.0,1.0,683086000.0,62582000.0,0.0,0.0,620504000.0,0.0,-43947000.0,52571775.04,152105775.04,15.808653205406397,0.0,0.21234222338036499,2.3177271419897094,0.003920435389876222,15.808653205406397,0.013006934901409351,8.59858930978083,16.146122555282556,0.8400462599469495,0.0,0.0,0.0,0.0089505567380974,0.0,0.0011916508316668765,157.87319831831832,1.0,0.31249999999999994,2.0878629976326657,-0.048676314816887216,0.1968878392614376,0.06534239414532149,0.3257328990228013,0.31750741839762614,1.333251191588348,0.17472443792352296,0.4970166456110702,Banks—Regional,Financial Services,PNBK
2016Q2,2016,Q2,2016-08-15,2016-06-30,614000.0,5739000.0,1011000.0,0.16,5739000.0,1.0,653055000.0,63110000.0,0.0,0.0,589945000.0,0.0,-43565000.0,50463508.75,142070508.75,16.445602605863193,0.0,0.2114584529633798,2.1881476786563145,0.0030516291922625793,16.445602605863193,0.009729044525431786,8.793083943195679,20.54703125,0.7996119275867533,0.0,0.0,0.0,0.008787927509934079,0.0,0.0009401964612475213,44.77684893522626,1.0,-0.058823529411764754,1.0855431414806878,-0.0025273362657996694,0.23066115636705378,-0.015102110863222927,-0.05972434915773354,-0.056022408963585436,1.157202251324252,0.22895133651961286,0.4651796205350341,Banks—Regional,Financial Services,PNBK
2016Q1,2016,Q1,2016-05-16,2016-03-31,653000.0,5827000.0,1071000.0,0.17,5827000.0,1.0,635755000.0,62306000.0,0.0,0.0,573449000.0,0.0,-44179000.0,49973699.76,128008699.75999999,16.22055328888861,0.0,0.22813977082366635,2.327881744936282,0.0031493100937076495,16.22055328888861,0.010480531569993259,8.576231295692466,19.13235059724349,0.8020688177703592,0.0,0.0,0.0,0.009165480413052199,0.0,0.0010271252290583637,144.01642582132564,1.0,0.2274434586466166,1.0726033069606216,0.054515253971282804,0.06931507621123477,0.07668144863266814,0.2274436090225564,0.3108935128518972,1.3338866266266272,0.36089512043362354,0.3077438853847291,Banks—Regional,Financial Services,PNBK
2015Q4,2015,Q4,2016-03-31,2015-12-31,532000.0,5412000.0,817000.0,0.13849925127096493,5412000.0,1.0,653531000.0,61464000.0,0.0,0.0,592067000.0,0.0,-44832000.0,55889110.800000004,112676110.80000001,16.001349586689077,0.0,0.21756733804517306,2.313337888845503,0.0026123122400577457,16.001349586689077,0.008655473122478198,10.3268866962306,26.263679887218046,0.9092983014447481,0.0,0.0,0.0,0.008281167993561132,0.0,0.0008140394258267779,23.443418959731545,1.0,-0.13437967955646918,1.1303335947438264,-0.05744164109098261,-0.08614664477466664,-0.0665746809244567,-0.15955766192733017,-0.2241215574548908,1.3683942389768442,0.2043194993001022,0.2407678714326806,Banks—Regional,Financial Services,PNBK
2015Q3,2015,Q3,2015-11-13,2015-09-30,633000.0,5798000.0,1053000.0,0.16,5798000.0,1.0,640725000.0,60896000.0,0.0,0.0,579829000.0,0.0,-45364000.0,66552037.5,137447037.5,15.392353870458136,0.0,0.20325880838113075,2.1386133736205992,0.0033118992931475593,15.392353870458136,0.010394771413557541,11.47844730941704,26.284374999999997,1.0928802794929058,0.0,0.0,0.0,0.009049124039174372,0.0,0.0009879433454290062,-20.130682849364792,1.0,-0.058823529411764754,1.0112219456953604,-0.8787918587517315,-0.7086847822807051,-0.016120821313422705,-0.08127721335268505,-0.07712532865907099,33.079041331484056,-0.011021481781887839,0.15571709837427672,Banks—Regional,Financial Services,PNBK
2015Q2,2015,Q2,2015-08-10,2015-06-30,689000.0,5893000.0,1141000.0,0.17,5893000.0,1.0,628901000.0,60077000.0,0.0,0.0,568824000.0,0.0,-45997000.0,59751231.8022,114906231.80219999,15.695006345718063,0.0,0.17212248032679228,1.8018209963879688,0.004093271944155651,15.695006345718063,0.011468615277061105,10.139357169896487,21.68041792532656,0.9945774889258785,0.0,0.0,0.0,0.009370314246598432,0.0,0.0010955619405916034,133.97137175381164,1.0,1.4285714285714286,1.0612272270027234,-0.8862864254667729,-0.7633588290940315,0.08148284088823637,1.3840830449826989,1.3285714285714285,1.000902450435041,0.22133948709710768,0.16386929282192159,Banks—Regional,Financial Services,PNBK
2015Q1,2015,Q1,2015-05-12,2015-03-31,289000.0,5449000.0,490000.0,0.07,5449000.0,1.0,647106000.0,59301000.0,0.0,0.0,587805000.0,0.0,-46686000.0,63703850.53,125993850.53,14.363565504868392,0.0,0.19818700491109648,2.162661675182543,0.0015409306367935847,14.363565504868392,0.004873442269101701,11.690925037621582,55.107137136678205,1.0742458058042865,0.0,0.0,0.0,0.008420567882232586,0.0,0.00044660380215915166,478.9763197744361,1.0,1.1206176836393988,1.0106461251210417,-0.9039926050928703,-0.7931626277544293,0.09023609443777511,1.1206176961602672,2.467065868263473,-0.5076239292376822,-0.14298019129841585,0.07570749099091686,Banks—Regional,Financial Services,PNBK
2014Q4,2014,Q4,2015-04-01,2014-12-31,-2396000.0,4998000.0,-334000.0,-0.5803460810047835,4998000.0,1.0,632624000.0,58735000.0,0.0,0.0,573889000.0,0.0,-46975000.0,67791135.82000001,122781135.82000001,14.226472065031702,0.0,0.20272389286527226,2.1835021707670044,-0.012813999133611077,14.226472065031702,-0.040793394058057375,13.563652625050022,-7.073365590567613,1.1541863594109136,0.0,0.0,0.0,0.007900427426085637,0.0,-0.0037873997824932346,3.8326060504296704,1.0,-1.1289657957788408,0.9343483616477575,-0.8915405522110673,-0.8110590409732166,0.031791907514450865,-1.1388100341811018,0.0,-6.026668377742234,-0.1899924907750147,0.07993214440384765,Banks—Regional,Financial Services,PNBK
2014Q3,2014,Q3,2014-11-14,2014-09-30,17261000.0,4844000.0,0.0,4.5,4844000.0,1.0,624255000.0,60701000.0,0.0,0.0,563554000.0,0.0,-44579000.0,66742537.199999996,149400537.2,15.82495128758755,0.0,0.2246646002034425,2.3104726446022306,0.0,15.82495128758755,0.28436104841765375,13.778393311312964,0.9666667226696019,1.0995294509151414,0.0,0.0,0.0,0.00775964950220663,0.0,0.027650559466884526,444.950248,1.0,44.0,1.1537943464009937,-0.869749261535593,-0.8099332649077452,0.0223723089911355,31.878095238095238,-1.0,66.57727463065,-0.22212804937876166,0.19812178222371568,Banks—Regional,Financial Services,PNBK
2014Q2,2014,Q2,2014-08-08,2014-06-30,525000.0,4738000.0,525000.0,0.1,4738000.0,1.0,552053000.0,43316000.0,0.0,0.0,508737000.0,0.0,-61840000.0,55608080.4,75927080.4,11.061111902722685,0.0,0.14536285465344814,1.8526179702650292,0.00424881033310673,11.061111902722685,0.012120232708468003,11.736614689742508,26.480038285714283,1.283776904607997,0.0,0.0,0.0,0.008582509288057488,0.0,0.0009509956471570665,-14.335674245939675,1.0,0.0,1.0136799329383153,-0.8870915435223711,-0.9021699624965113,0.03336968375136314,0.64576802507837,0.64576802507837,1.071676197410436,-0.1930276329504669,-0.1722723033537881,Banks—Regional,Financial Services,PNBK
2014Q1,2014,Q1,2014-05-09,2014-03-31,319000.0,4585000.0,319000.0,0.1,4585000.0,1.0,562488000.0,42612000.0,0.0,0.0,519876000.0,0.0,-62365000.0,40847950.0,69338950.0,13.357993730407523,0.0,0.15688868029184622,2.0709659250915236,0.0024377197004432217,13.357993730407523,0.00748615413498545,8.909040348964012,32.012499999999996,0.9586020369848869,0.0,0.0,0.0,0.008151285005191222,0.0,0.0005671232097395855,260.178025477707,1.0,-0.5,1.0432412820510484,-0.8959277564454095,-0.8900183359265593,-0.07260520267469964,-0.664139818909244,-0.495253164556962,1.0427078223916957,-0.0008729618531398573,-0.1193947685098593,Banks—Regional,Financial Services,PNBK
2013Q4,2013,Q4,2014-03-25,2013-12-31,949800.0,4943957.0,632000.0,0.2,4943957.0,1.0,541248126.0,41840688.0,0.0,0.0,499407438.0,0.0,-62683941.0,32864000.0,63246119.0,13.240724050632911,0.0,0.12055099475762435,1.559438984368517,0.008867937092421,13.240724050632911,0.022700391542318808,6.647307005299601,8.650242156243419,0.7854555355303909,0.0,0.0,0.0,0.009134363266137202,0.0,0.0017548328656938389,-7.836724104341174,1.0,1.3333333333333335,1.0248006806506849,-0.9141197314808581,-0.8931399996880055,-0.02096294201610514,1.4007682868991218,1.2666725177092493,1.2828485982335003,0.04665190976691067,-0.24380877789525607,Banks—Regional,Financial Services,PNBK
2013Q3,2013,Q3,2013-11-13,2013-09-30,-2369948.0,5049816.0,-2369948.0,-0.6,5049816.0,1.0,535856874.0,40561026.0,0.0,0.0,495295848.0,0.0,-63633741.0,53005358.400000006,79917307.4,10.560105160990666,0.0,0.09377130804521508,1.2388246786459494,-0.02609815460414695,10.560105160990666,-0.0584291925948816,10.496493020735807,-5.591405212266261,1.3068051680941208,0.0,0.0,0.0,0.00942381491218866,0.0,-0.0044227257594161235,5.4761855879712975,1.0,0.41049148307570177,0.8464944152140341,-0.9081627502442614,-0.9227735766026963,0.07970109363808384,0.39415889899129075,0.39415889899129075,0.9567240801068444,-0.8912642954819892,-0.8001397732924469,Banks—Regional,Financial Services,PNBK
2013Q2,2013,Q2,2013-08-12,2013-06-30,-3911831.0,4677050.0,-3911831.0,-1.017797,4677050.0,1.0,568803960.0,43139766.0,0.0,0.0,525664194.0,0.0,-61263793.0,51117605.7,69990322.7,11.224291121287788,0.0,0.07603322592901779,1.0025089148605952,-0.04528223359775272,11.224291121287788,-0.09067807646429979,10.929454613484996,-3.2668592853321123,1.1849300642938119,0.0,0.0,0.0,0.008222604498041821,0.0,-0.006877292134182751,-5.232023335180117,1.0,-1.0355940000000001,-2.272247052853244,-0.923585325235628,-0.9171444976250203,0.09164720262851458,-0.9989253778934443,-0.9776228775150438,0.6537950030528101,-0.9101173718631473,-0.8307659560611992,Banks—Regional,Financial Services,PNBK
2013Q1,2013,Q1,2013-05-14,2013-03-31,-1956967.0,4284397.0,-1978047.0,-0.5,4284397.0,1.0,608842590.0,47673443.0,0.0,0.0,561169147.0,0.0,-57351962.0,61496944.0,58692440.0,12.40346330055035,0.0,0.09567004831248747,1.2218123201212885,-0.018475645200566236,12.40346330055035,-0.04104941612880782,14.353698781882258,-7.856154958157189,1.2899622961991648,0.0,0.0,0.0,0.007036953508787879,0.0,-0.003214241303322752,-7.011451580556632,1.0,-0.3299502906918404,-2.6971819617624972,-0.9188864159337271,-0.9071452043373084,-0.04719442104411054,-0.3543014849124672,-0.36888971011092725,0.922563907279541,-0.9189143896968133,-0.8213883763776718,Banks—Regional,Financial Services,PNBK
2012Q4,2012,Q4,2013-03-22,2012-12-31,-1445001.0,4496612.0,-1445001.0,-0.3759539010588884,4496612.0,1.0,617855135.0,49567798.0,0.0,0.0,568287337.0,0.0,-55394995.0,48044487.5,35988846.5,12.896328116727231,0.0,0.09427452601814178,1.1751177649650686,-0.013402497841735587,12.896328116727231,-0.029152011150465066,10.684597092210758,-8.312189316824002,0.9692681425953197,0.0,0.0,0.0,0.007277777176683981,0.0,-0.002338737542417609,3.4357765735248655,1.0,-81.07592833074077,-1.2130027831223547,-0.9152363880774178,-0.9030927353811479,-0.20962147849570098,-81.16649098474342,-81.16649098474342,0.9574702227562221,-0.8951851642982929,-0.8287246064125958,Banks—Regional,Financial Services,PNBK
2012Q3,2012,Q3,2012-11-14,2012-09-30,18025.0,5689188.0,18025.0,0.004694967749934427,5689188.0,1.0,615348387.0,51132398.0,0.0,0.0,564215989.0,0.0,-53949994.0,61427472.0,85134350.0,13.31844435987859,0.0,0.11090952936876716,1.3347310642461947,0.00015098793689731206,13.31844435987859,0.00035251622660059873,10.797230114385393,851.9760332871012,1.20134150563406,0.0,0.0,0.0,0.009245474791502135,0.0,2.92923494735674e-05,-3.63714280165429,1.0,-0.9530503225006557,-0.9970656459485836,-0.8988626349944863,-0.9065709605025841,0.17589788690546931,-0.9477962940437092,-0.9477962940437092,1.0001604576751792,-0.8471599577555203,-0.8400378497230826,Banks—Regional,Financial Services,PNBK
2012Q2,2012,Q2,2012-08-13,2012-06-30,345282.0,4838165.0,345282.0,0.1,4838165.0,1.0,644267119.0,51758855.0,0.0,0.0,592508264.0,0.0,-53968019.0,61775796.809999995,57136262.809999995,13.485196699075972,0.0,0.09040970473614998,1.1253726536261284,0.0031387316726762165,13.485196699075972,0.006670974464176227,12.768435307601125,44.72850945748692,1.1935309776462404,0.0,0.0,0.0,0.007509563746648383,0.0,0.0005359298803513826,-245.74080024345028,1.0,0.0,-0.9182186940958328,-0.9047307941188996,-0.8994049048088298,-0.1812769951081361,-0.3670705552398585,-0.3670705552398585,1.009179537235403,-0.8823656184336601,-0.880730137221757,Banks—Regional,Financial Services,PNBK
2012Q1,2012,Q1,2012-05-15,2012-03-31,545530.0,5909404.0,545530.0,0.1,5909404.0,1.0,671127708.0,51237220.0,0.0,0.0,619890488.0,0.0,-54313301.0,70892768.825,35166571.825,13.352668476480542,0.0,0.10169152485654787,1.3320004481117438,0.004565669293658245,13.352668476480542,0.010647142838741056,11.99660216580217,32.48802486801826,1.3836185652734478,0.0,0.0,0.0,0.00880518555493763,0.0,0.000812855725515657,-97.88209158362869,1.0,-0.13384986264759455,-0.8707565239940721,-0.8831338809788362,-0.9032735723052807,0.03043058556679747,0.23138632254452948,0.0,1.0614751657832815,-0.8884903506259302,-0.8900621808556949,Banks—Regional,Financial Services,PNBK
2011Q4,2011,Q4,2012-03-29,2011-12-31,443021.0,5734888.0,0.0,0.1154534250905667,5734888.0,1.0,665816278.0,50549660.0,591699792.0,0.0,615266618.0,0.0,-54858831.0,67151472.5,69974096.5,13.173486999856928,0.0,0.08748359258347842,1.1522926168049399,0.0,13.173486999856928,0.008764074773203222,11.70929100969365,37.89406850916774,1.3284257995009263,0.0,0.0,0.0,0.008613319003294179,0.0,0.0006653802477325434,-35.63124959209348,1.0,0.7337840591994744,-0.9353028763007621,-0.879879638836757,-0.9037918252574312,-0.07918371855836692,0.7342156667018974,-1.0,1.0095263237957555,-0.9179623444860454,-0.8936826400481114,Banks—Regional,Financial Services,PNBK
2011Q3,2011,Q3,2011-11-10,2011-09-30,255459.0,6228048.0,255459.0,0.06659042945859939,6228048.0,1.0,628426705.0,50669989.0,0.0,0.0,577756716.0,0.0,-55301852.0,69436523.2,84496048.2,13.208132530748601,0.0,0.09268861354324527,1.1495561998247128,0.0023454252354953046,13.208132530748601,0.005041623356184269,11.149002576730302,67.95270787093037,1.3703678364721967,0.0,0.0,0.0,0.00991054000482045,0.0,0.00040650564014462116,-35.49251302539243,1.0,1.0350475944518944,-0.9667047852707003,-0.9039527572766988,-0.9300652686680457,0.08281864492237077,1.0356022158027296,1.0356022158027296,1.0165667709625097,-0.8865964725991379,-0.9034084585752742,Banks—Regional,Financial Services,PNBK
2011Q2,2011,Q2,2011-08-12,2011-06-30,-7175368.0,5751700.0,-7175368.0,-1.9,5751700.0,1.0,648205954.0,51264968.0,0.0,0.0,596940986.0,0.0,-55557311.0,76341812.8,75040935.8,13.363225548136315,0.0,0.08986032855847541,1.1362145003192043,-0.06552071531839042,13.363225548136315,-0.13996630213443223,13.272912843159412,-2.6598570554151366,1.4891614250105452,0.0,0.0,0.0,0.0088732600564789,0.0,-0.011069580517922858,24.271356092461687,1.0,0.17391304347826084,-2.1690007903506316,-0.914240878316668,-0.8663602113056056,0.04221876609865318,0.201192349919255,0.201192349919255,-3.338002760797913,-0.9058521400177328,-0.9013553057225083,Banks—Regional,Financial Services,PNBK
2011Q1,2011,Q1,2011-05-13,2011-03-31,-8982598.0,5518707.0,-8982598.0,-2.3,5518707.0,1.0,709714310.0,58192815.0,0.0,0.0,651521495.0,0.0,-48381943.0,84394147.728,-4406647.272,15.169105579583512,0.0,0.08207246095967827,1.000948312948944,-0.07714303614243855,15.169105579583512,-0.15435922802497182,15.292376951340232,-2.348823461987278,1.4502503054371918,0.0,0.0,0.0,0.007775955651788957,0.0,-0.012656639260944309,-87.41449330051955,1.0,-1.1643963065498835,-2.9512399212924882,-0.9087578859417537,-0.8401093772405869,-0.03762881051825193,-1.2034414767913237,-1.2034414767913237,-8.804966243366705,-0.8953195979470587,-0.8864410556271388,Banks—Regional,Financial Services,PNBK
2010Q4,2010,Q4,2011-03-23,2010-12-31,-4076622.0,5734489.0,-4076622.0,-1.0626519704546498,5734489.0,1.0,784324854.0,67172188.0,734936634.0,0.0,717152666.0,0.0,-39399345.0,80561712.0,2032054.0,17.509756346786673,0.0,0.07426514626297945,0.8671445985948828,-0.03250371463324549,17.509756346786673,-0.06068913521173376,14.048629616344193,-4.940469830168213,1.1993313661302798,0.0,0.0,0.0,0.007311369735071535,0.0,-0.005197619301759371,-28.13923876873188,1.0,0.9256886733947798,-1.724473426766555,-0.9001329915442294,-0.81446294984012,-0.004188857347718052,0.39966512433400386,0.39966512433400386,-1.6020627171570163,-0.8916963923723197,-0.8684259134575824,Banks—Regional,Financial Services,PNBK
2010Q3,2010,Q3,2010-11-10,2010-09-30,-6790580.0,5758611.0,-6790580.0,-14.3,5758611.0,1.0,787774580.0,25164999.0,0.0,7000000.0,762609581.0,0.0,-35322723.0,9382558.4,-26109949.599999994,52.83745212819565,0.0,0.08282572407959647,2.5928075737257132,-0.0751062355535845,52.83745212819565,-0.26984225193094585,1.6293092900353923,-0.3454255159353104,0.37284159637757186,0.0,0.0,0.0,0.00730997311439016,14.84206257142857,-0.008619953185085003,16.465915197335285,1.0,-3.931034482758621,-13.961624751724939,-0.34234696425346417,-0.5684357344861315,-0.10693040286223406,-3.849801132285418,-3.849801132285418,-9.911108261802655,-0.17478578295526623,-0.6293446690591563,Banks—Regional,Financial Services,PNBK
2010Q2,2010,Q2,2010-08-05,2010-06-30,-1400177.0,6448110.0,-1400177.0,-2.9,6448110.0,1.0,816470436.0,31588299.0,0.0,7000000.0,784882137.0,0.0,-28532144.0,7953742.399999999,-17481797.599999994,66.32407321866496,0.0,0.07991471230686423,2.065574977620669,-0.014459216372984267,66.32407321866496,-0.044325811909023655,1.233499800716799,-1.4201315976480118,0.25179394433362806,0.0,0.0,0.0,0.007897542538821332,13.429969285714286,-0.0017149145128385274,-14.917527818883267,1.0,0.5606060606060606,-3.0999071922939354,-0.2130886996333828,-0.17090391613386272,-0.015161489072419524,0.552882806876815,0.5182710456256627,-3.672608631714559,0.023237933769929275,-0.5052444092747339,Banks—Regional,Financial Services,PNBK
2010Q1,2010,Q1,2010-05-10,2010-03-31,-3131566.0,6547378.0,-2906566.0,-6.6,6547378.0,1.0,814749260.0,33074120.0,0.0,7000000.0,781675140.0,0.0,-27131966.0,7906115.200000001,19273390.200000003,69.44376322773542,0.0,0.08008353392060767,1.9727811352199243,-0.031850065885479284,69.44376322773542,-0.09468327501986447,1.2075238668059185,-0.6311630666573849,0.2390423448908089,0.0,0.0,0.0,0.008036064985195568,8.202985428571429,-0.003843594776631034,-33.17311447620727,1.0,0.25337513716883525,-6.4793138911897,-0.2025469240099491,-0.14556219648038887,0.2316385094780088,0.2561848299581487,0.6179286194082333,-6.9774231623191225,0.04321733824877004,-0.4969509536967688,Banks—Regional,Financial Services,PNBK
2009Q4,2009,Q4,2010-03-15,2009-12-31,-4210140.0,5315990.0,-7607390.0,-8.83978062955622,5315990.0,1.0,866416921.0,35861310.0,810658266.0,7000000.0,830555611.0,0.0,-24000400.0,7382216.0,-24905377.0,75.2958603487083,115.80832371428572,0.07530785516595422,1.8194538905578184,-0.041639488984743345,75.2958603487083,-0.11740061921887404,1.3886813180611701,-0.4383592944652672,0.20585461044228445,-0.00021566978770302174,0.0,0.00012299829753017251,0.006135602700215501,14.433669142857143,-0.004859254128071213,-2.2543974274602734,1.0,0.6983010024042245,-9.786069584826608,-0.2914101690944224,-0.08790955356962839,0.15122080309279645,0.6978870304416415,-0.7405634130225084,-5.953585226387999,-0.10290531127918497,-0.4501017619784909,Banks—Regional,Financial Services,PNBK
2009Q3,2009,Q3,2009-11-09,2009-09-30,-13935648.0,4617698.0,-4370648.0,-29.3,4617698.0,1.0,937437779.0,39654394.0,898243798.0,7000000.0,897783385.0,0.0,-19790260.0,10001712.0,-75272573.0,83.25997329257231,128.32054257142858,0.06960248611870805,1.645416646639462,-0.1328439463450186,83.25997329257231,-0.3514275870663917,2.1659519526829167,-0.1794267478627474,0.2522220362263007,-6.508488159287606e-05,0.0,9.068447481791117e-05,0.004925871458824576,22.03025314285714,-0.014865677821162358,-3.3451559896973455,1.0,-1.9897959183673468,-30.2598515134209,-0.3466470366645754,0.06060495880680058,-0.08923030193654767,-2.0054081892109243,0.4754922591375323,-15.62992575671045,-0.4263951442441752,-0.5591531316507983,Banks—Regional,Financial Services,PNBK
2009Q2,2009,Q2,2009-08-07,2009-06-30,-4636857.0,5070105.0,-8332857.0,-9.8,5070105.0,1.0,980835542.0,53496392.0,939774433.0,7000000.0,927339150.0,0.0,-5853704.0,13484746.5,-66565916.5,113.06457796592616,134.25349042857144,0.06652287484092823,1.2196710387496787,-0.039049060944284425,113.06457796592616,-0.08667606966839932,2.659658231930108,-0.7270413180738591,0.25206833574869875,0.0,0.0,0.0,0.005169169328490749,21.278291142857142,-0.0047274561345371805,-4.66793079909139,1.0,-3.260869565217392,-10.799993236802782,-0.26107187614301874,0.4476368408102108,-0.22604900244819903,-3.227002600821725,-5.149886970916506,-7.124995773001738,-0.387067686691835,0.13070951723138022,Banks—Regional,Financial Services,PNBK
2009Q1,2009,Q1,2009-05-11,2009-03-31,-1096961.0,6550938.0,-1354961.0,-2.3,6550938.0,1.0,970459307.0,57611701.0,937301772.0,7000000.0,912847606.0,0.0,-1216847.0,14135332.0,12709380.0,121.45655226209048,133.90025314285714,0.06723414318288361,1.132547709362027,-0.008928566414140957,121.45655226209048,-0.019040593854363023,2.157756950226059,-3.221475512803099,0.2453552274042386,-0.19458668083915473,0.0,0.015100741885652207,0.006750347956629984,10.133051,-0.0011303523930241415,-14.828660867521851,1.0,0.8102217867243863,-3.890750206903673,-0.00982958088181982,0.5417405349114055,-0.2419121584160524,0.8091817292924809,0.842989014360951,-2.9271678370629024,-0.12404633493410774,0.2802181168502383,Banks—Regional,Financial Services,PNBK
2008Q4,2008,Q4,2009-03-31,2008-12-31,-5748721.0,8641397.0,-8629721.0,-12.119410127756462,8641397.0,1.0,913358978.0,58774144.0,853028386.0,7000000.0,854584834.0,0.0,-119886.0,32492290.0,93454057.0,123.90720580174559,121.861198,0.0714374102314895,1.1101480269963608,-0.046352375588669066,123.90720580174559,-0.09781037389502431,3.7600737473350665,-1.4130225662369074,0.5528330621029546,-0.03706476623234977,0.0,0.006557709536631613,0.009461117926406368,1.3085008571428571,-0.006294043348200383,107.32135012567835,1.0,-2.0298525319391154,-10.58046806119801,0.2548561115489846,0.6173462130838147,0.27091740401786174,-2.011248862018499,-2.927810159111039,-9.262526988858315,0.21711304500221468,0.3129467368189832,Banks—Regional,Financial Services,PNBK
2008Q3,2008,Q3,2008-11-10,2008-09-30,-1909082.0,6799338.0,-2197082.0,-4.0,6799338.0,1.0,904760691.0,64946082.0,838246900.0,7000000.0,839814609.0,0.0,5842288.0,55806977.5,152974039.5,136.74212395752843,119.74955714285714,0.11522162825705698,1.6051468662882542,-0.01128338519547037,136.74212395752843,-0.029394875583102918,8.207707500347828,-7.308090681804135,0.8592816653666652,-0.11208528496942509,0.0,0.0038342875673566088,0.007515067871134999,1.6817665714285714,-0.0021100408306753016,-32.618282014669376,1.0,-5.999999999999999,-4.09193279302455,-0.03088034598165846,0.7749314532573496,-0.13796916950837018,-5.818006304275954,-5.890675119479831,-4.654109622284395,-0.22133593546729946,0.11687850026072708,Banks—Regional,Financial Services,PNBK
2008Q2,2008,Q2,2008-08-08,2008-06-30,396239.0,7887581.0,449239.0,0.8,7887581.0,1.0,904427013.0,67097296.0,842551024.0,7000000.0,837329717.0,0.0,7965383.0,75533097.5,176809493.5,135.4682646239948,120.364432,0.11465159544057095,1.545427404406878,0.0023200186969715366,135.4682646239948,0.005905439170007685,9.576205619948626,47.656274054295515,1.1257249099874307,0.5396591451119148,0.0,0.0028309973650954804,0.008721080735787356,1.0836314285714286,0.00043811053219835664,17.59204468331193,1.0,1.6666666666666667,-0.46666617226913454,0.009571747607086258,0.6764088100951448,0.14283799657159366,1.6298990488959095,1.2166361568484263,-0.42857139148636364,-0.07439695312925398,0.6934455656485159,Banks—Regional,Financial Services,PNBK
2008Q1,2008,Q1,2008-05-12,2008-03-31,150667.0,6901749.0,202667.0,0.3,6901749.0,1.0,885652831.0,67086514.0,809924772.0,7000000.0,818566317.0,0.0,7783119.0,77844565.0,117421161.0,133.57913516505616,115.70353885714286,0.0567355494627217,0.7490029963399201,0.0012840808289366588,133.57913516505616,0.0022458612173528645,11.278962042809729,129.16658093676782,1.160360858815827,1.417749075776381,0.0,0.002744032290500949,0.007792837959098671,2.242991857142857,0.0001701197068719131,-24.395396923740336,1.0,-0.8300301320009521,-0.8000001408473502,-0.07483185195412842,0.7436841140676376,-0.004319149967511521,-0.8300300191892676,-0.8424581769901736,-0.7499993117520297,-0.20282194284528893,0.6435610275350829,Banks—Regional,Financial Services,PNBK
2007Q4,2007,Q4,2008-03-17,2007-12-31,886433.0,6931688.0,1286433.0,1.7650187267409099,6931688.0,1.0,807530254.0,66835367.0,730713906.0,7000000.0,740694887.0,0.0,7846060.0,80205013.1,140192767.1,133.07906447932493,104.38770085714286,0.07770359028554737,0.9388442499313275,0.00684063873722312,133.07906447932493,0.013262933081522542,11.570776569862923,22.620156599539953,1.2000384930930355,0.24097478320414514,0.0,0.0026632749219013597,0.008583812142845116,1.0480377142857142,0.0010977087181677282,50.16425144854295,1.0,0.10313670421306861,0.8876646793208322,0.05201086171251478,0.7486035894328427,0.02189462070331982,0.19670998008707685,0.06253112804311466,0.7542943656109953,-0.12378997282344753,0.6120427174794338,Banks—Regional,Financial Services,PNBK
2007Q3,2007,Q3,2007-11-09,2007-09-30,740725.0,6783173.0,1210725.0,1.6,6783173.0,1.0,769487414.0,65994618.0,699767686.0,0.0,703492796.0,0.0,7173235.0,92544304.7,128773225.7,142.55144258704448,0.0,0.056203648315942434,0.6553261661428209,0.006780549693527118,142.55144258704448,0.011224021328527123,13.643217517819464,31.23436656653954,1.402300786103497,0.28807317155489554,0.0,0.002305738864122667,0.008815183817938313,0.0,0.0009626213327512593,237.97712064678217,1.0,0.45454545454545453,0.1428574514352121,0.10272777763014249,0.8824263370735826,0.05535764322851232,0.3862194932525372,0.3847159429472671,0.6000004320092969,-0.012644886375097397,0.8158877659208924,Banks—Regional,Financial Services,PNBK
2007Q2,2007,Q2,2007-08-14,2007-06-30,534349.0,6427369.0,874349.0,1.1,6427369.0,1.0,755904036.0,65119785.0,649213922.0,0.0,690784251.0,0.0,6646119.0,106772685.60000001,103405237.60000001,134.0542167930634,0.0,0.010911437969885373,0.1266588948351104,0.007283155679294394,134.0542167930634,0.00820563212854588,16.612191644823877,49.95456415189324,1.6396351062891257,0.3991361451036682,0.0,0.0019974958839098452,0.00850289017374687,0.0,0.0007069005780516827,276.24675456389457,1.0,0.0,-0.08333367642982019,0.07835531594242315,0.7975111673324258,0.03892924177875424,0.034719868943629106,0.0,0.09999958828421573,-0.08760284009950363,0.7163803764790161,Banks—Regional,Financial Services,PNBK
2007Q1,2007,Q1,2007-05-15,2007-03-31,516419.0,6186532.0,0.0,1.1,6186532.0,1.0,724149291.0,64808596.0,615566342.0,0.0,659340695.0,0.0,6325153.0,105631200.0,110856695.0,138.0457109263172,0.0,0.02243736229799057,0.25070748330977577,0.0,138.0457109263172,0.007968371973372175,17.074380282846676,51.136383440578285,1.629894898510068,0.41299409975233287,0.0,0.002019081483501087,0.008543172073615964,0.0,0.0007131388602022397,-32.37172356094108,1.0,-0.38358835163759586,0.37500085090444246,0.25437056606955,0.970856592918995,0.059123851537506385,-0.3835885903628983,-1.0,0.3749966628822928,-0.055213288665393635,0.7523193622893175,Banks—Regional,Financial Services,PNBK
