Year,Date,FillingDate,NetIncome,Revenue,OperatingIncome,EPSDiluted,GrossProfit,GrossProfitRatio,TotalAssets,CommonStockEquity,CurrentAssets,CurrentLiability,TotalLiability,Inventory,RetainedEarnings,EnterpriseValue,bookValuePerShare,currentRatio,debtToAssets,debtToEquity,roic,shareholdersEquityPerShare,roe,priceToSalesRatio,peRatio,pbRatio,payoutRatio,inventoryTurnover,dividendYield,assetTurnover,quickRatio,returnOnAssets,priceToFreeCashFlowsRatio,grossProfitMargin,epsdilutedGrowth,fiveYNetIncomeGrowthPerShare,fiveYRevenueGrowthPerShare,fiveYShareholdersEquityGrowthPerShare,grossProfitGrowth,netIncomeGrowth,operatingIncomeGrowth,threeYNetIncomeGrowthPerShare,threeYRevenueGrowthPerShare,threeYShareholdersEquityGrowthPerShare,Industry,Sector,Price,MarketCap,AvgVolume,Symbol
2022,2022-12-31,2023-03-24,-15210676.0,0.0,-15972180.0,-7.46,0.0,0.0,22635052.0,20217716.0,22635052.0,2417336.0,2417336.0,0.0,-145596539.0,197577.4542999994,9.91603572726546,9.36363500977936,0.0,0.0,-0.7707166233989436,9.91603572726546,-0.7523439343989202,0.0,-0.6778977774755047,0.5100122810262049,0.0,0.0,0.0,0.0,9.317135061075499,-0.6719965123119664,-0.6888372587916692,0.0,0.39741518578352186,0.9092642018314582,0.0,-0.9922483766829674,0.0,0.3687396939714664,0.352753140795637,0.9151950347900627,0.0,-0.933941563286595,Biotechnology,Healthcare,2.86,5834457,8236,DFFN
2021,2021-12-31,2022-03-18,-24095727.0,0.0,-24677107.0,-12.38,0.0,0.0,37839151.0,34911467.0,37823573.0,2927684.0,2927684.0,0.0,-130005111.0,-7623958.25,17.932201047944407,12.919281247566335,0.0,0.0,-0.6940621263813038,17.932201047944407,-0.690195201479216,0.0,-1.2321520637248256,0.8504254418755878,0.0,0.0,0.0,0.0,12.745076996014598,-0.6367935422229742,-2.047306008244914,0.0,0.06069802731411221,0.9906381800885532,0.0,-0.973363371140792,0.0,-0.6986399165446272,-0.544738247595735,0.9563097970121838,0.0,-0.925514709379441,Biotechnology,Healthcare,2.86,5834457,8236,DFFN
2020,2020-12-31,2021-03-17,-14185306.0,0.0,-15974944.0,-13.18,0.0,0.0,27729551.0,24814182.0,18776420.0,2435783.0,2915369.0,0.0,-105909384.0,24429967.25,23.047820114262997,7.70857666713332,0.005379171123254033,0.0060111592636823575,-0.5689393927183236,23.047820114262997,-0.5716612379162851,0.0,-3.0169529124010435,1.7246750366383226,0.0,0.0,0.0,0.0,7.601496110285686,-0.5115591666089364,-3.1577932407062868,0.0,0.8501761964306013,0.9986268049487003,0.0,-0.9965202944171362,0.0,-0.2022078450060804,-0.38289699714226255,0.8397519482411909,0.0,-0.9819829189084857,Biotechnology,Healthcare,2.86,5834457,8236,DFFN
2019,2019-12-31,2020-03-17,-11799379.0,0.0,-11551796.0,-87.97,0.0,0.0,24110523.0,20134262.0,14649813.0,1721421.0,3976261.0,0.0,-91724078.0,-10840621.45,150.1100574069932,8.5103022444829,0.010246272965542888,0.012269781728279885,-0.5762534843499568,150.1100574069932,-0.5860348395188262,0.0,-0.26185145421636175,0.15345407494945681,0.0,0.0,0.0,0.0,8.235840622369542,-0.4893871028844957,-0.3134070828103009,0.0,0.689459192318554,0.9883179579986846,0.0,-0.9925034695640979,0.0,0.35767550127083514,0.3906877596229202,0.933459206718143,0.0,-0.777025370366187,Biotechnology,Healthcare,2.86,5834457,8236,DFFN
2018,2018-12-31,2019-03-19,-18369810.0,0.0,-18958746.0,-283.28,0.0,0.0,18201992.0,15611559.0,8914231.0,804044.0,2590433.0,0.0,-79924699.0,-1538995.0,240.74821885698424,11.086745252747361,0.0,0.0,-1.1861679550484634,240.74821885698424,-1.1766800484179702,0.0,-0.3512380911941931,0.4132948541526186,0.0,0.0,0.0,0.0,9.938724746406914,-1.009219760122958,-0.5989313286331076,0.0,-2.5308488096721917,0.9109116765023589,-1.0,-0.9711121087828258,0.0,-12.46249005143208,-2.670602682463953,0.9704753266800183,0.0,-0.9636524010918182,Biotechnology,Healthcare,2.86,5834457,8236,DFFN
2017,2017-12-31,2018-04-02,-1364518.0,0.0,11348447.0,-80.23,0.0,0.0,26145815.0,21229944.0,9666414.0,2690807.0,4915871.0,0.0,-61554889.0,6340992.0,1279.2205350686913,3.5923847381101655,0.02103587132395758,0.025906804087660336,0.2937698009850025,1279.2205350686913,-0.06427327363652019,0.0,-10.76384481553193,0.691827543209723,0.0,0.0,0.0,0.0,3.30624530113085,-0.05218877284949809,-1.1492375145322702,0.0,0.9393134852198118,0.9985836225363681,-1.0,1.0082093810137076,0.0,0.9243473513522684,-0.3822874809442269,0.9890815401914208,0.0,-0.9361154352944324,Biotechnology,Healthcare,2.86,5834457,8236,DFFN
2016,2016-12-31,2017-03-31,-18036619.0,0.0,18371729.0,-1322.04,0.0,0.0,17484384.0,9184684.0,1603696.0,4438422.0,8299700.0,0.0,-60189237.0,24002033.0,673.2158616140146,0.3613212083033114,0.1389811617040669,0.26457088779537763,1.5504099384457262,673.2158616140146,-1.963771317554311,0.0,-1.2821075280239607,2.5177659895539137,0.0,0.0,0.0,0.0,0.3498657856328218,-1.031584469890389,-2.147038566853682,0.0,0.862213008907941,0.9898537884474754,-1.0,2.092473623889925,0.0,0.24261450611350702,1.7710456342191507,0.5842382171123559,-1.0,-0.9192193958139528,Biotechnology,Healthcare,2.86,5834457,8236,DFFN
2015,2015-12-31,2016-03-25,-23814318.0,0.0,-23827032.0,-9594.81,0.0,0.0,19917848.0,16439520.0,12175225.0,1203802.0,3478328.0,0.0,-99111049.0,7852535.0,6623.497179693795,10.11397638482076,0.0,0.0,-1.4489883709204217,6623.497179693795,-1.4486017839936933,0.0,-0.7816726055308407,1.1323323308709743,0.0,0.0,0.0,0.0,9.9734632439554,-1.1956270577022177,-1.9334611020655577,0.0,-0.27415362387355674,0.9111809763031563,-1.0,26.839453111505346,0.0,-0.6592078325491904,-0.6304453771081588,0.8347126805567403,-1.0,1.0425062063191508,Biotechnology,Healthcare,2.86,5834457,8236,DFFN
2014,2014-12-31,2015-04-03,-14352824.0,0.0,-14613818.0,-7530.34,0.0,0.0,42778751.0,38165625.0,24170817.0,2338600.0,4613126.0,0.0,-75290374.0,25289613.0,20023.93756558237,10.335592662276575,0.0,0.0,-0.32008532663864125,20023.93756558237,-0.3760667878490134,0.0,-3.2867051111335304,1.2360206337509212,0.0,0.0,0.0,0.0,9.357687077738818,-0.3355129279019857,-5.19472210463907,0.0,-1.368172941150572,0.9136504807168941,0.0,2.164268540231212,-1.0,-4.824182441617465,-1.1639226628633434,0.9422072814466418,-1.0,33.494218992956036,Biotechnology,Healthcare,2.86,5834457,8236,DFFN
2013,2013-12-31,2014-04-15,-2464350.0,71667.0,-6753392.0,-3179.81,71667.0,1.0,18344052.0,6458757.0,2998283.0,8878318.0,11878894.0,0.0,-60937550.0,19049538.0,8333.88,0.3377084488300599,0.10177696836009842,0.2890652179668627,-0.8132566903225374,8333.88,-0.3815517443991158,243.31282180082883,-7.075902367764319,2.69982289161831,0.0,0.0,0.0,0.00390682494794498,0.028945122263023242,-0.13434054809700713,-14.71978592471911,1.0,0.9452222318691981,0.8938384351820087,-0.832029435112641,-0.5955787984625469,-0.4834401285867708,0.6402311595276661,-0.004316839481027499,0.9705645750610801,-0.8044178354051302,34.028423082628684,Biotechnology,Healthcare,2.86,5834457,8236,DFFN
2012,2012-12-31,2013-04-16,-6849815.0,374542.0,-6724364.0,-58049.28,138739.0,0.3704230767,2446297.0,-18387260.0,461638.0,20852636.0,20852636.0,0.0,-56717225.0,20507010.0,-155824.2372881356,0.02213811241897667,1.636801663902625,-0.21776507212058785,0.4675164860061426,-155824.2372881356,0.3725304912205516,44.89483155427162,-2.4548108233580033,-0.9144918818790836,0.0,0.0,0.0,0.15310569403469815,0.018416808311428827,-2.8000749704553454,-3.900954950988091,0.37042307671769786,0.5544920194371288,-14.285679776443684,0.0,-11.238246408618501,1.079820658246142,0.5506842509330278,0.5907101342573385,0.3343555796452614,0.0,-25.624014644545788,Biotechnology,Healthcare,2.86,5834457,8236,DFFN
2011,2011-12-31,2012-05-21,-15244992.0,570476.0,-16429344.0,-130299.08,-1738134.0,-3.0468135382,3673552.0,-72099.0,185951.0,3786217.0,3786217.0,0.0,-42053664.0,44465470.0,-616.2307692307693,0.0491126102914862,0.18753484366084922,-9.555181070472544,-25.63961225507682,-616.2307692307693,211.4452627636999,76.90945806659701,-2.8779942947821815,-608.5382598926476,0.0,0.0,0.0,0.1552927520829976,0.02600194336457736,-4.149932272634224,-3.611266261809767,-3.0468135381681263,-0.2061767795537614,-17.964020676595524,0.0,0.9698262062226556,-9.21206317125332,-0.660266858224571,-1.151294835272064,-3.3501873812090803,7.856602978278065,-1.0299040528681307,Biotechnology,Healthcare,2.86,5834457,8236,DFFN
2010,2010-12-31,2011-04-26,-9182254.0,40189.0,-7636956.0,-108026.52,-170204.0,-4.2350892035,5575537.0,20223.0,613150.0,4930314.0,5555314.0,0.0,-26483387.0,41029813.0,237.91764705882352,0.12436327584815085,0.04121809253530198,11.363942046185036,-33.349663062209224,237.91764705882352,-454.0500420313504,1015.2031650451617,-4.4433534511243105,2017.504821243139,0.0,0.0,0.0,0.007208094933277279,0.0,-1.6468824437897194,-20.45356789431521,-4.235089203513399,-0.2387277078017477,-2321368.3033482963,0.0,5113.584711946826,0.0,-0.34989553373645804,-1.1277202281134282,-27.44580959074654,0.0,1.018685763141459,Biotechnology,Healthcare,2.86,5834457,8236,DFFN
2009,2009-12-31,2010-04-15,-6802196.0,0.0,-3589267.0,-87207.64,0.0,0.0,4283068.0,493595.0,44827.0,3164473.0,3789473.0,0.0,-18073782.0,133663995.0,6328.141025641025,0.014165707844560532,0.4760594508422467,4.130906917614643,-2.834463533378873,6328.141025641025,-13.780925657674814,0.0,-19.35036861625275,266.66599134918306,0.0,0.0,0.0,0.0,0.0,-1.5881597023442076,-124.38668975006426,0.0,-1.911529313727192,-62375.41271255062,-1.0,29318.98972902098,-1.0,-2.110949109412431,-2.6215239134975223,-11.692396190524933,0.0,1.3098579815155897,Biotechnology,Healthcare,2.86,5834457,8236,DFFN
2008,2008-12-31,2009-04-15,-2186534.0,40189.0,-991093.0,-29952.52,15510.0,0.3859264973,6362332.0,1504306.0,219163.0,3858026.0,4858026.0,9482.0,-13607367.0,89352998.0,20606.931506849316,0.05680703033105531,0.3617066823925567,1.5298071004170695,-0.5208597636538116,20606.931506849316,-1.4535167711888406,2166.0777824777924,-39.81300999664309,57.86887774162969,0.0,2.6027209449483233,0.0,0.0063167090305881555,0.0028421270359505093,-0.3436686422525577,-172.05751556477912,0.3859264973002563,-6.887181971866591,-21422.93443403028,437.3843990796233,95471.97699252803,0.0,-34.985221026299335,-16.76152329749104,-643645.2386492764,0.0,442820.9601184058,Biotechnology,Healthcare,2.86,5834457,8236,DFFN
TTM,,,,,,,,,,,,,,,,-8811129.0,7.98090881324406,8.657333966781597,0.0,0.0,-1129.5132843849467,7.98090881324406,-384.0133463025419,0.0,-0.0006967042077723989,0.35835517820400636,0.0,0.0,0.0,0.0,8.296301383394562,-454.9447333170116,-0.3836585440752906,0.0,,,,,,,,,,,Biotechnology,Healthcare,2.86,5834457,8236,DFFN
