Quarters,Year,Quarter,FillingDate,Date,NetIncome,Revenue,OperatingIncome,EPSDiluted,GrossProfit,GrossProfitRatio,TotalAssets,CommonStockEquity,CurrentAssets,CurrentLiability,TotalLiability,Inventory,RetainedEarnings,MarketCap,EnterpriseValue,bookValuePerShare,currentRatio,debtToAssets,debtToEquity,roic,shareholdersEquityPerShare,roe,priceToSalesRatio,peRatio,pbRatio,payoutRatio,inventoryTurnover,dividendYield,assetTurnover,quickRatio,returnOnAssets,priceToFreeCashFlowsRatio,grossProfitMargin,epsdilutedGrowth,fiveYNetIncomeGrowthPerShare,fiveYRevenueGrowthPerShare,fiveYShareholdersEquityGrowthPerShare,grossProfitGrowth,netIncomeGrowth,operatingIncomeGrowth,threeYNetIncomeGrowthPerShare,threeYRevenueGrowthPerShare,threeYShareholdersEquityGrowthPerShare,Industry,Sector,Symbol
2023Q4,2023,Q4,2023-03-31,2023-03-31,31134000000.0,956156000000.0,88562000000.0,0.0,646384000000.0,0.6760235777,13957750000000.0,6354122000000.0,2397956000000.0,2481940000000.0,7603079000000.0,986457000000.0,1541146000000.0,0.0,3848811000000.0,0.0,0.9661619539553736,0.3139718794218266,0.6896847432265228,0.005360156994548865,0.0,0.004899811492445377,0.0,0.0,0.0,0.33465022162266334,0.3140248383862652,,0.0685035911948559,0.4977545790792686,0.0022305887410220128,0.0,0.6760235777425441,-1.0,1.0,-1.0,-1.0,-0.15014107691781778,-0.7386486690674658,-0.3974964283284577,-1.0,-1.0,-1.0,Drug Manufacturers—Specialty & Generic,Healthcare,TAK
2023Q3,2023,Q3,2022-12-31,2022-12-31,119127000000.0,1096551000000.0,146990000000.0,37.93,760578000000.0,0.693609326,13504705000000.0,6175978000000.0,2595946000000.0,2236809000000.0,7328207000000.0,927286000000.0,1507720000000.0,6343707757295.999,9945469757296.0,1986.4530878905698,1.1605577409604486,0.3174377374403958,0.694125367674561,0.015621494171091963,1986.4530878905698,0.019288766896514205,5.785146114768943,13.312909242438742,1.0271584123674014,1.0827939929654906,0.36231863739989606,0.020333534414735066,0.08119770109750639,0.6734951441987224,0.008821147888828375,19.36389175163993,0.6936093259684228,0.9214792299898684,-0.12088492461577185,0.12872236497350037,0.4680365272734765,0.09143273704119323,0.929432153153445,0.40743790574312033,4.704848073919156,0.2787176066544889,0.27025600272294154,Drug Manufacturers—Specialty & Generic,Healthcare,TAK
2023Q2,2023,Q2,2022-09-30,2022-09-30,61742000000.0,1002307000000.0,104438000000.0,19.74,696862000000.0,0.6952580397,14588847000000.0,6712929000000.0,2745616000000.0,2391720000000.0,7875358000000.0,953450000000.0,1530200000000.0,5816155139116.98,9754663139116.98,2162.103430350417,1.1479671533457094,0.32467576087404304,0.7056003422649041,0.008723485571547573,2162.103430350417,0.009197475498400177,5.802768152988037,23.550237841003618,0.8664109420965097,0.18033105503547017,0.3203576485395144,0.0019143230766176544,0.06870364738214062,0.6817708594651548,0.004232137056478829,32.24318752836715,0.6952580397024065,-0.4156305506216697,0.10815788940827191,0.1639878104977721,0.6190721081917102,0.025425886168429758,-0.4120593444683566,-0.50489708071413,0.15096200059562873,0.24042872106316654,0.38478733652328095,Drug Manufacturers—Specialty & Generic,Healthcare,TAK
2023Q1,2023,Q1,2022-06-30,2022-06-30,105014000000.0,972465000000.0,210942000000.0,33.78,679583000000.0,0.6988251505,14065426000000.0,6316832000000.0,2549515000000.0,2166942000000.0,7748043000000.0,927511000000.0,1459764000000.0,5937062084553.601,9893325084553.602,2017.8361398090656,1.176549718451163,0.32720331399845265,0.7285699540529177,0.013049622342135964,2017.8361398090656,0.016624472520402632,6.1051678821896935,14.133977575736568,0.9398796872472784,1.2271982783247948,0.31577199623508506,0.021706527262918083,0.06913868090451011,0.673126461160474,0.0074661087406808725,-420.02561616933855,0.698825150519556,10.357340720221607,-0.6385382095464611,0.08122015577698753,0.5626716286888278,0.20299552671315202,10.232,7.809193324510152,6.052043916889502,0.13829448326536797,0.289104279499741,Drug Manufacturers—Specialty & Generic,Healthcare,TAK
2022Q4,2022,Q4,2022-03-31,2022-03-31,-11375000000.0,873289000000.0,-30979000000.0,-3.61,564909000000.0,0.646875204,13178018000000.0,5683019000000.0,2593642000000.0,2145730000000.0,7494495000000.0,853167000000.0,1479716000000.0,5485028339724.159,8980744339724.16,1815.4730947978549,1.2087457415425054,0.32974693159472085,0.7646307358817558,-0.0006501510377735511,1815.4730947978549,-0.0020015769787150106,6.280885640062063,-120.55007340053098,0.9651610068036302,-0.9354725274725275,0.36145326764865493,0.0019400082079676425,0.06626861490096614,0.7453766317290619,-0.0008631798803128058,16.94159685608878,0.6468752039702779,-1.196623093681917,0.8882552306467422,0.0457445243957514,0.4952513143040052,-0.08869329831631147,-1.1967312348668282,-1.2797428233445607,0.7955732029919793,0.21027878593433932,0.09481052024124327,Drug Manufacturers—Specialty & Generic,Healthcare,TAK
2022Q3,2022,Q3,2021-12-31,2021-12-31,57820000000.0,901294000000.0,110741000000.0,18.36,619889000000.0,0.6877766855,12698026000000.0,5331330000000.0,2477893000000.0,1809254000000.0,7366696000000.0,811324000000.0,1466926000000.0,4909314502380.825,8539848502380.825,1703.1240216667668,1.3695661305709426,0.342956850143479,0.8168458902375205,0.009156674633423107,1703.1240216667668,0.010845323774742888,5.446962370082154,21.226714382483678,0.9208423606081081,2.273452092701487,0.3468466358692705,0.026775836002409587,0.07097906398994615,0.8334998844827758,0.004553463664352239,16.414775033957,0.6877766855210398,0.2627235213204952,-0.3028521818604434,-0.033179621435248545,0.34214065316112874,0.0893918172024681,0.2579409973022365,0.13665616307594405,-0.23261605954909156,-0.09540994190953712,0.3107554876925984,Drug Manufacturers—Specialty & Generic,Healthcare,TAK
2022Q2,2022,Q2,2021-09-30,2021-09-30,45964000000.0,844820000000.0,97427000000.0,14.54,569023000000.0,0.6735434767169338,12560273000000.0,5323935000000.0,2456353000000.0,1918750000000.0,7235912000000.0,783476000000.0,1551150000000.0,5717690899043.76,9341168899043.76,1693.5941025050483,1.280183973941368,0.33688431772143806,0.7947803645236089,0.007632120428705239,1693.5941025050483,0.00863346378195827,6.767939796694869,31.098745208444434,1.073959561685813,0.20757549386476373,0.3520171645334382,0.0016686806209820926,0.06726127688466645,0.7926608469055375,0.00365947459899956,30.14673945779207,0.6735434767169338,-0.6674671240708977,-0.07808427862206505,0.0071489260783585955,0.45416715670913654,-0.19667983832599928,-0.6661630981087127,-0.6080216614631948,-0.5262730165128118,-0.02118507293615856,0.22543607866968626,Drug Manufacturers—Specialty & Generic,Healthcare,TAK
2022Q1,2022,Q1,2021-07-30,2021-06-30,137684000000.0,949603000000.0,248552000000.0,43.725,708339000000.0,0.7459317209402245,12657235000000.0,5238258000000.0,2476458000000.0,1706782000000.0,7418591000000.0,779148000000.0,1503811000000.0,5878366467947.819,9629307467947.82,1673.2986253305385,1.4509515567893263,0.3480903214643641,0.8410927831351568,0.015918737459303937,1673.2986253305385,0.026284310547514077,6.190341087747005,10.673655740586813,1.1221987286513606,0.9589494785160222,0.30965105474184623,0.022460661600448555,0.07502452154834764,0.9045132887504087,0.01087788920723997,47.190778125233365,0.7459317209402245,-0.30140597539543057,-0.30901020105636495,0.09288991887034978,0.44661679580593416,0.37055074415472844,-0.3014439517397437,0.6510694831938355,-0.1208095810792855,0.054700654295234574,0.2807125289021635,Drug Manufacturers—Specialty & Generic,Healthcare,TAK
2021Q4,2021,Q4,2021-06-29,2021-03-31,197098000000.0,770274000000.0,150540000000.0,62.59,516828000000.0,0.6709664353204184,12912293000000.0,5173037000000.0,2712893000000.0,1773176000000.0,7735116000000.0,753881000000.0,1509906000000.0,6322844810716.28,9991993810716.281,1652.4645599518033,1.5299626207437953,0.35898898824554243,0.8960637629307503,0.023119066974121978,1652.4645599518033,0.038101022668115464,8.208565796997277,8.019925126987946,1.222269396239826,0.04402885874032207,0.336188337416648,0.001372483472201007,0.0596543154651153,1.023888209630629,0.015264368613692394,21.878204340164707,0.6709664353204184,1.1358130011943355,3.940531546285986,-0.07093294613851019,0.3259631578522483,-0.11443067385638722,1.1340421615651968,0.051690291391006074,2.82291766219662,-0.04020086237341494,0.2939417804069768,Drug Manufacturers—Specialty & Generic,Healthcare,TAK
2021Q3,2021,Q3,2021-02-04,2020-12-31,92359000000.0,836753000000.0,143141000000.0,29.305,583611000000.0,0.697471057767346,12286137000000.0,4635353000000.0,2616598000000.0,1804958000000.0,7646709000000.0,739352000000.0,1306568000000.0,5868220074178.717,10001633074178.717,1482.5007867689765,1.4496725131554307,0.38669990412771726,1.0249592641596013,0.012838933958373632,1482.5007867689765,0.01992491186755356,7.013085192618033,15.88426702914366,1.265970482545497,1.4392208664017583,0.34238360077473246,0.022651672622997773,0.06810545902263665,0.8217592874737252,0.007517334374506812,33.65924489898428,0.697471057767346,21.80544747081712,-0.21896622120599957,-0.142851696693038,0.10675417864539076,0.08217796262884926,21.878127322269012,1.9633977185682048,-0.3222737749689855,-0.14356359480545405,0.09560367670178627,Drug Manufacturers—Specialty & Generic,Healthcare,TAK
2021Q2,2021,Q2,2020-10-29,2020-09-30,4037000000.0,788935000000.0,48303000000.0,1.285,539293000000.0,0.6835708898705216,12414747000000.0,4662402000000.0,2585136000000.0,1709661000000.0,7748248000000.0,743482000000.0,1337065000000.0,5892742364931.2,10169908364931.2,1491.214681856853,1.5120752008731555,0.39533902704581897,1.052683573831686,-0.004342858205376213,1491.214681856853,0.0008658627033876529,7.469236838182106,364.92087967124104,1.2638855175789647,2.1399554124349764,0.3357741007852241,0.0014660406759698656,0.06354821407153928,0.8282273503343646,0.00032517779057438705,28.6423912554072,0.6835708898705216,-0.9512241412032644,-0.9321142389018783,-0.13627711290405686,0.1024379306551448,-0.04342003504962999,-0.9510731902413012,-0.7112532504408644,-0.928047524338288,-0.09018114096126799,0.11668297863488467,Drug Manufacturers—Specialty & Generic,Healthcare,TAK
2021Q1,2021,Q1,2020-07-31,2020-06-30,82511000000.0,801850000000.0,167285000000.0,26.345,563772000000.0,0.7030891064413544,12613852000000.0,4686763000000.0,2474763000000.0,2031544000000.0,7923088000000.0,759378000000.0,1330054000000.0,6007521964795.323,10492691964795.324,1503.2563269093616,1.2181685456972629,0.4023320552674948,1.082827742729897,0.01085350956347824,1503.2563269093616,0.01760511466016097,7.492077027867211,18.20218505652375,1.2818062199422766,1.6133000448425059,0.31351711532333043,0.022158054648833102,0.06356900334647973,0.6971032869580969,0.006541300785834494,57.00601575946371,0.7030891064413544,46.89999999999999,0.6899744574367429,-0.0953631315725853,0.08985952345347001,0.07688516793022629,46.86020881670534,3.6922396034504956,-0.7148321749510077,-0.10482743127465655,0.1641658935350997,Drug Manufacturers—Specialty & Generic,Healthcare,TAK
2020Q4,2020,Q4,2020-05-13,2020-03-31,1724000000.0,771702000000.0,-62136000000.0,0.55,523521000000.0,0.678397878974008,12821094000000.0,4723483000000.0,2469432000000.0,2175898000000.0,8093608000000.0,759599000000.0,1369972000000.0,5084466434959.316,9540156434959.316,1515.0340874498695,1.1349024632588476,0.39725970342312444,1.078294131682066,8.467465354458394e-05,1515.0340874498695,0.00036498490626514377,6.588639701541938,737.3066175985088,1.0764231468514476,4.82830626450116,0.3267263385022887,0.001637143268911481,0.06019002746567493,0.6610406370151543,0.00013446590439162212,41.48756005482739,0.678397878974008,1.0531914893617023,1.003849066104626,-0.1125613204840747,0.11288798617943238,-0.09697589617450521,1.0535054777939852,-2.16118181308516,1.0170044425123517,-0.07217392410231008,0.24780516823193366,Drug Manufacturers—Specialty & Generic,Healthcare,TAK
2020Q3,2020,Q3,2020-01-10,2019-12-31,-32221000000.0,859317000000.0,53511000000.0,-10.34,579742000000.0,0.6746544057664401,13031494000000.0,4872072000000.0,2520325000000.0,2127365000000.0,8155275000000.0,801341000000.0,1378447000000.0,6692277172449.337,11345751172449.336,1563.8210594024956,1.1847167740373654,0.4007025595069913,1.07177254359131,-0.006851520160839016,1563.8210594024956,-0.0066134080120326625,7.787902686027784,-51.92480969281941,1.3735998097830526,-4.141615716458211,0.34888393330679446,0.01994044725902456,0.06594155666265127,0.6771527217943324,-0.0024725484276783612,103.21535476802704,0.6746544057664401,-1.5999419785320568,-1.8877413497121271,-0.11292784358540524,-0.018346808257223048,0.07491406131220125,-1.5984139365574623,0.3230887152606073,-1.3903448470491795,-0.0738200608254406,0.2323634634896003,Drug Manufacturers—Specialty & Generic,Healthcare,TAK
2020Q2,2020,Q2,2019-10-31,2019-09-30,53844000000.0,811048000000.0,40444000000.0,17.235,539338000000.0,0.6649890018839822,12880141000000.0,4865714000000.0,2374440000000.0,1634634000000.0,8010457000000.0,840840000000.0,1477589000000.0,5782270777919.999,10263363777920.0,1561.3252470799641,1.4525820458891716,0.3901052014880893,1.0326562555875665,-0.09298859661199932,1561.3252470799641,0.011066001824192708,7.129381710971483,26.847331076443055,1.1883704586664976,0.14972884629670902,0.323141144569716,0.001394261927474117,0.06296887588420033,0.8339297971288986,0.004180389019033255,30.94738216204065,0.6649890018839822,3.595632530120482,-0.031523092658555615,-0.07087088568456162,-0.004111948927653879,-0.016755723033786727,3.6061955469506293,3.0993310358808026,0.08938386048609785,-0.024681906263587825,0.3405974264354134,Drug Manufacturers—Specialty & Generic,Healthcare,TAK
2020Q1,2020,Q1,2019-07-31,2019-06-30,-20660000000.0,849121000000.0,9866000000.0,-6.64,548529000000.0,0.6459962714383463,13550424000000.0,4870365000000.0,2932156000000.0,2006623000000.0,8675973000000.0,902522000000.0,1405026000000.0,5953957898932.8,11012860898932.8,1565.3009394958501,1.461239106698169,0.417156540636662,1.1606210212170955,0.0007681876563032596,1565.3009394958501,-0.004241981863782283,7.011907488959523,-72.04692520489834,1.2224870002418298,-6.42541142303969,0.33305780911711846,0.02229592520696094,0.06266379561259486,0.699541468427303,-0.001524675537828189,76.5211533381246,0.6459962714383463,0.626454240644479,-1.3132065186523771,0.045695739673601944,0.03241778017291692,0.2834810564935794,0.6264554856440298,1.1241771658003046,-1.1043201601897195,-0.016773238966989727,0.35324956065042135,Drug Manufacturers—Specialty & Generic,Healthcare,TAK
2019Q4,2019,Q4,2019-04-25,2019-03-31,-55308000000.0,717211000000.0,-79451000000.0,-17.7756,427376000000.0,0.5958860084410306,13872322000000.0,5159582000000.0,3050658000000.0,2510931000000.0,8708734000000.0,986744000000.0,1569365000000.0,7099360740944.639,12148218740944.639,1658.2532422120062,1.214950948472897,0.41456296934283965,1.1146156801074196,-0.003551026386432026,1658.2532422120062,-0.010719473011573418,9.898566448290167,-32.0901168951356,1.375956567982569,-0.12992695450929342,0.29372866721256985,0.001012203811331305,0.05170086161494809,0.587227606015458,-0.003986931675893913,97.34085723807657,0.5958860084410306,-1.74219624217119,-5.452561663681059,-0.10292315211583378,0.05735686020106515,0.18423444392720179,-2.464491870995075,-1.7064571774078816,0.1698026429618475,-0.12964078993502307,0.3306080861584661,Drug Manufacturers—Specialty & Generic,Healthcare,TAK
2019Q3,2019,Q3,2019-01-28,2018-12-31,37766000000.0,499402000000.0,112464000000.0,23.95,360888000000.0,0.7226402777722156,5767223000000.0,2038682000000.0,2670072000000.0,871707000000.0,3724645000000.0,223398000000.0,1614904000000.0,2911685851347.8853,5162595851347.885,1299.3453299706403,3.0630383833099883,0.4419428553395629,1.2502111658414603,0.019501563200801052,1299.3453299706403,0.018524713515889187,5.830344795070675,19.2745184249582,1.4282197279163131,1.703066250066197,0.6200324085264863,0.02208960831754076,0.08659314890372714,2.73026831263257,0.006548385592164548,46.949801689018905,0.7226402777722156,-0.2208848405985686,-0.30302591577754295,0.09540333117287043,-0.13898604269163028,0.12768337572572228,-0.22012968240201544,0.5387899187258846,-0.36356425195513625,0.019464132664657123,-0.029979689533562656,Drug Manufacturers—Specialty & Generic,Healthcare,TAK
2019Q2,2019,Q2,2018-09-30,2018-09-30,48426000000.0,430777000000.0,73086000000.0,30.74,320026000000.0,0.7429041011938892,4274839000000.0,2168358000000.0,1107943000000.0,844192000000.0,2102678000000.0,233304000000.0,1648094000000.0,3221678758921.154,3905132758921.154,1382.033817988766,1.3124301106857208,0.2340518555201728,0.4614247278355327,0.016684623242750395,1382.033817988766,0.022333028033193782,7.4787622341052415,16.631968152031728,1.485768843946043,0.13377111469045555,0.4747068202859788,0.002010752928752367,0.10077034480128959,0.955090785034684,0.011328145925495674,59.432891673052445,0.7429041011938892,-0.38204844708010854,0.13850977526211677,0.037743462651779365,-0.043936591330486746,-0.02799747299874865,-0.38107410342271414,-0.2607868918782239,0.6227655103927612,-0.06018376953629848,0.02172176879440124,Drug Manufacturers—Specialty & Generic,Healthcare,TAK
2019Q1,2019,Q1,2018-06-30,2018-06-30,78242000000.0,449834000000.0,98870000000.0,49.745,329244000000.0,0.7319233317179226,4159577000000.0,2043500000000.0,1043548000000.0,733444000000.0,2093003000000.0,221424000000.0,1593297000000.0,3085003706623.585,3848494706623.585,1306.537249826784,1.422805285747787,0.23920004365828546,0.4868955223880597,0.02706791551890999,1306.537249826784,0.03828823097626621,6.858093667049589,9.857249644128425,1.5096666046604281,0.8303724342424784,0.5446112435869643,0.021059942281595218,0.10814416946723189,0.9685020260578858,0.018810085737083364,592.3586226235763,0.7319233317179226,2.448389636465702,1.7165354332174951,0.10677345642901795,-0.06742175899836973,0.1350462472980753,2.448389485375787,2.2282292727769635,2.1944444450302103,0.011627284348838808,-0.05276163553690312,Drug Manufacturers—Specialty & Generic,Healthcare,TAK
2018Q4,2018,Q4,2018-03-31,2018-03-31,-54020000000.0,400963000000.0,-80498000000.0,-34.34504,290071000000.0,0.7234358282435037,4106463000000.0,1997424000000.0,1078808000000.0,737509000000.0,2089054000000.0,212944000000.0,1557307000000.0,3472433042477.5176,4163573042477.5176,1277.077983703457,1.4627726576896012,0.24002700133910862,0.4934665849614303,-0.020607572463149898,1277.077983703457,-0.027044833745864673,8.660233095017539,-16.07012700146944,1.7384556521186876,-0.12108478341355054,0.5207566308513036,0.001883693629217719,0.09764193662526607,1.0901019512982215,-0.013154873184051579,34.530957065209996,0.7234358282435037,-1.7932795934865458,-6.111849649973209,0.09946180770084725,-0.06644723681268039,-0.1613148520805866,-1.7933733789598907,-1.9153949373422183,0.7595859776994814,-0.08086324546391475,-0.06190576353955644,Drug Manufacturers—Specialty & Generic,Healthcare,TAK
2018Q3,2018,Q3,2017-12-31,2017-12-31,68089000000.0,488151000000.0,87938000000.0,43.295,345864000000.0,0.7085184707191012,4410559000000.0,2113885000000.0,1265978000000.0,878170000000.0,2276475000000.0,225101000000.0,1609841000000.0,4212091058251.209,4910305058251.209,1353.1360092108382,1.4416092556111004,0.2581230633123828,0.538566194471317,0.03349756266400866,1353.1360092108382,0.03221036149080957,8.62866420073135,15.465387427672638,1.9925828785630293,0.945615297625167,0.6321029226880378,0.015285994321958464,0.11067780750693959,1.121838596171584,0.015437725694180716,64.58776444454817,0.7085184707191012,1.4275301373703393,2.5988742622789816,0.22677326833840158,0.03605564892706453,0.11101688381774728,1.4293206793206794,1.2334027530857927,2.7412017171721135,0.004954646049684651,-0.15059956871828836,Drug Manufacturers—Specialty & Generic,Healthcare,TAK
2018Q2,2018,Q2,2017-09-30,2017-09-30,28028000000.0,433177000000.0,39374000000.0,17.835,311304000000.0,0.7186531140850045,4375954000000.0,2085734000000.0,1221996000000.0,838769000000.0,2270258000000.0,234300000000.0,1614365000000.0,4089909542122.413,4796372542122.413,1335.3966258891342,1.456892183664394,0.25991086743599223,0.5453034758986525,0.009732262063024293,1335.3966258891342,0.013437955175492176,9.441659049585766,36.48056891432151,1.9608969993884229,0.2666262309119452,0.5201579172001707,0.0018271797757468174,0.09899030017225958,1.110583486037276,0.006405003343270976,110.90077122813561,0.7186531140850045,-0.806551331417105,-0.12080234591434386,0.1267503788580225,0.10235124299031967,-0.04908177852718009,-0.8064217585590066,-0.798056161046288,0.005885649922672109,-0.00985351514979818,-0.14822004854366844,Drug Manufacturers—Specialty & Generic,Healthcare,TAK
2018Q1,2018,Q1,2017-06-30,2017-06-30,144789000000.0,448240000000.0,194975000000.0,92.195,327372000000.0,0.7303498126003927,4345924000000.0,2014570000000.0,1270818000000.0,939624000000.0,2309139000000.0,234679000000.0,1586328000000.0,3681292848971.9663,4393837848971.9663,1291.2732929707997,1.352475032566218,0.2634300553806279,0.5682835543068744,0.04513478337157948,1291.2732929707997,0.0718709203452846,8.212771838684558,6.356306157532627,1.8273342941530781,0.4385208821112101,0.515035431376476,0.017247473266825533,0.1031403218279933,1.0232220547793585,0.033316045103411844,78.42883908500504,0.7303498126003927,3.8538846355171894,0.6733681926181014,0.13890001761759696,0.07777137776826928,0.16172577520067566,3.8538849686600702,4.167080876500496,3.377594337986518,0.10089484115210366,-0.14832127606410345,Drug Manufacturers—Specialty & Generic,Healthcare,TAK
2017Q4,2017,Q4,2017-03-31,2017-03-31,-50734000000.0,416205000000.0,-61563000000.0,-32.30509,281798000000.0,0.6770653884504031,4355784000000.0,1894261000000.0,1260662000000.0,1366091000000.0,2406817000000.0,226294000000.0,1511817000000.0,3416393834780.782,4241828834780.782,1214.159170054235,0.9228243213665854,0.26284361207993784,0.6043992881656751,-0.016250052923674523,1214.159170054235,-0.026783004031651392,8.208440155165801,-16.834833813521417,1.8035496875989014,-0.15074703354752236,0.5939485801656252,0.0022386177852620863,0.09555225878969205,0.6009233645489209,-0.011647501345337602,39.80883051480753,0.6770653884504031,-2.2253021050635313,-0.40876230859099416,0.10456105529960934,-0.04739259646144017,-0.11260096676166334,-2.2262290327258665,-2.112168948946779,-10.80436919810608,0.03822018955767021,-0.22581214065930688,Drug Manufacturers—Specialty & Generic,Healthcare,TAK
2017Q3,2017,Q3,2016-12-31,2016-12-31,41374000000.0,465045000000.0,55354000000.0,26.365,317555000000.0,0.6828478964401294,4142031000000.0,1981581000000.0,1656260000000.0,957948000000.0,2097623000000.0,222910000000.0,1546995000000.0,3073667115553.811,3490400115553.811,1268.960907826924,1.7289664992254277,0.23560881123294344,0.4924850409849509,0.014760103581156309,1268.960907826924,0.02087928780100334,6.60939718855984,18.57245562160905,1.5511185843797508,1.5269976313626916,0.661657171055583,0.020554600620313637,0.11227463048924549,1.2895386805964415,0.009988819494590939,-277.53201946309804,0.6828478964401294,0.6681429927238215,0.6768196862437302,0.10605042160338007,0.045029649648181846,0.15334885393323722,0.6701247325717515,5.054249152356994,-0.23280729677945347,0.024896645692486147,-0.15912034490294485,Drug Manufacturers—Specialty & Generic,Healthcare,TAK
2017Q2,2017,Q2,2016-09-30,2016-09-30,24773000000.0,416795000000.0,9143000000.0,15.805,275333000000.0,0.660595736513154,3801818000000.0,1819158000000.0,1484302000000.0,808837000000.0,1922774000000.0,237923000000.0,1573629000000.0,3084885470231.0537,3417006470231.0537,1164.6488470677255,1.8351064553179441,0.25021318748030547,0.5229149969381439,0.015608388078948189,1164.6488470677255,0.013617838582465075,7.401445483345658,31.131528985498864,1.6957765461994252,0.3008113672143059,0.594570512308604,0.0024156488375050938,0.10963044522383765,1.465530137716252,0.006516093090200531,80.67169116713006,0.660595736513154,-0.7506114398422091,-0.5831853819102807,0.22014839126417227,-0.07491217739067171,-0.07795117377180938,-0.7510926683211591,-0.9402156499905188,-0.4149760232969299,0.008548751237462196,-0.19431917501772794,Drug Manufacturers—Specialty & Generic,Healthcare,TAK
2017Q1,2017,Q1,2016-06-30,2016-06-30,99527000000.0,434005000000.0,152933000000.0,63.375,298610000000.0,0.6880335480005991,3817012000000.0,1808683000000.0,1473528000000.0,822761000000.0,1947729000000.0,242201000000.0,1549977000000.0,2766973912580.859,3139707912580.859,1156.6979107264658,1.7909550890234223,0.25003955973939823,0.527678979677478,0.037105901525899175,1156.6979107264658,0.05502733204215443,6.3754424778075345,6.950309746553345,1.5298280088776524,0.6371135470776774,0.5590191617705955,0.02291673214253587,0.1137028125664787,1.4259171253863516,0.02607458399397225,76.11823368217817,0.6880335480005991,3.972729690568743,0.329503916671397,0.22670111966425457,-0.11834843600707468,0.06207941498669778,3.972729988052569,5.172569027611044,2.4564213960823973,0.0680990541653654,-0.1743738625909366,Drug Manufacturers—Specialty & Generic,Healthcare,TAK
2016Q4,2016,Q4,2016-03-31,2016-03-31,-33480000000.0,414121000000.0,-36652000000.0,-21.31879,281156000000.0,0.6789223439526129,3824085000000.0,1948692000000.0,1373787000000.0,857213000000.0,1812882000000.0,254010000000.0,1523127000000.0,3192743304748.4653,3509541304748.4653,1246.2371598833947,1.6026203522345088,0.2008909320791771,0.39422545994954566,-0.013021849573960267,1246.2371598833947,-0.017180755091107267,7.70968703530723,-23.840675812040512,1.6384032493326115,-0.23195937873357228,0.523463643163655,0.0024323909750119514,0.10829283344904729,1.1556019332417964,-0.008755035518300456,-18.869529758975805,0.6789223439526129,-1.5684252766297826,-2.044096974036181,0.23612277528007725,-0.059463013211515765,-0.18311823395761545,-1.5649679379007762,-1.6426792916009119,-3.408834298750336,0.13583028318423565,-0.08899209050493381,Drug Manufacturers—Specialty & Generic,Healthcare,TAK
2016Q3,2016,Q3,2015-12-31,2015-12-31,59260000000.0,489208000000.0,57030000000.0,37.505,344182000000.0,0.7035494104757076,4189879000000.0,2098862000000.0,1549712000000.0,1011248000000.0,2027508000000.0,268741000000.0,1581564000000.0,3718575077974.3506,3887741077974.3506,1339.503220655087,1.5324747243010617,0.17425753822485088,0.3478637471162945,0.023153925890510737,1339.503220655087,0.028234347946649183,7.6012147756666915,15.687542515922843,1.7717101352896716,1.0633817077286534,0.5396496998969268,0.016946276108085793,0.11675945773135692,1.1414054712592756,0.014143606533744768,68.63752289669695,0.7035494104757076,0.9891275523733759,-0.16234526321758658,0.34268563740409225,0.03250397703353088,0.07068042468604278,0.9884571505268103,-0.06339300377730334,2.1228501690436072,0.22575438097582595,0.025617431705979944,Drug Manufacturers—Specialty & Generic,Healthcare,TAK
2016Q2,2016,Q2,2015-09-30,2015-09-30,29802000000.0,457754000000.0,60890000000.0,18.855,321461000000.0,0.7022571075293716,4213829000000.0,2119439000000.0,1480221000000.0,985980000000.0,2031515000000.0,274998000000.0,1593154000000.0,3236933040279.309,3357683040279.309,1352.651827727544,1.501268788413558,0.1730091562804281,0.3439735703646106,0.012251791921715478,1352.651827727544,0.01406126809971884,7.071337531248901,27.15365613280408,1.5272593550837317,0.2770283873565533,0.4956145135600986,0.0025505624914896616,0.10863136591446876,1.1622527840321304,0.007072427476292939,61.51876846417145,0.7022571075293716,0.21176092544987146,-0.6251183669625022,0.2835818434692453,0.032241139623602755,-0.011418502094263379,0.21230118374486434,0.22863657458786496,-0.06813377674301768,0.18688384831487245,0.11659517084355596,Drug Manufacturers—Specialty & Generic,Healthcare,TAK
2016Q1,2016,Q1,2015-06-30,2015-06-30,24583000000.0,446295000000.0,49559000000.0,15.56,325174000000.0,0.7286077594416249,4320852000000.0,2165238000000.0,1471481000000.0,1010949000000.0,2089229000000.0,277629000000.0,1561990000000.0,3630838981728.6387,3787592981728.6387,1379.3120072447034,1.4555442460499985,0.16967903552354952,0.3386038855774746,0.008924376853156989,1379.3120072447034,0.011353486314206568,8.13551346470079,36.92428692316478,1.6768775449759512,2.5424073546759955,0.4362692658187725,0.017213652358178608,0.1032886569593219,1.1056472680619893,0.0056893871856754175,1193.9621774839325,0.7286077594416249,1.1090058519189128,-0.6143659501318719,0.2654247512197175,0.0670355192735629,0.07227556915609254,1.1090058531394111,1.150953683453851,-0.717634331160932,0.1269848597530222,0.15125358087465526,Drug Manufacturers—Specialty & Generic,Healthcare,TAK
2015Q4,2015,Q4,2015-03-31,2015-03-31,-225520000000.0,437839000000.0,-328306000000.0,-142.74463,303256000000.0,0.6926198899595514,4296190000000.0,2137047000000.0,1520072000000.0,1016824000000.0,2090016000000.0,262354000000.0,1601326000000.0,3642192469246.484,3719425469246.484,1361.3536189307003,1.4949214416654208,0.1697739159580931,0.34130320952229876,-0.07751774970828726,1361.3536189307003,-0.10552879744806735,8.318565658259049,-4.037549296344542,1.70431088752212,-0.042430826534232,0.5129824588151887,0.002627263682739887,0.10191332320032401,1.160723979764443,-0.052493022887721445,361.29277544355557,0.6926198899595514,-13.284391566265061,-6.876612584235896,0.3027058812313678,0.013158156823768866,-0.13160162995077504,-13.318112300633603,-4.986376385735275,-5.223644135706632,0.1548297061911609,0.06809351542390323,Drug Manufacturers—Specialty & Generic,Healthcare,TAK
2015Q3,2015,Q3,2014-12-31,2014-12-31,18308000000.0,488633000000.0,82357000000.0,11.62,349213000000.0,0.7146733847284158,4653371000000.0,2503479000000.0,1703791000000.0,837920000000.0,2080506000000.0,282659000000.0,1824972000000.0,2997220446934.707,3128588446934.707,1593.0484131836495,2.033357599770861,0.1961749879818308,0.3646425634087604,0.006215576331006921,1593.0484131836495,0.007313023196919168,6.13388872003059,40.92774261162752,1.1972221244654766,3.336738038016168,0.4932445101694975,0.02038188417621281,0.10500624171165376,1.6191521863662401,0.003934352107321767,78.44278695947831,0.7146733847284158,-0.34719101123595514,-0.7354160078746192,0.3178496524304336,0.21873093939930738,0.12194785000128512,-0.347005742411813,0.5537297664415349,-0.262692985780022,0.15481215907518042,0.31192601350723725,Drug Manufacturers—Specialty & Generic,Healthcare,TAK
2015Q2,2015,Q2,2014-09-30,2014-09-30,28037000000.0,440204000000.0,53006000000.0,17.8,311256000000.0,0.7070721756276636,4571807000000.0,2463880000000.0,1633648000000.0,779162000000.0,2040875000000.0,277415000000.0,1879162000000.0,2834710099791.798,3033415099791.798,1567.771844836144,2.096673092373601,0.19251862556752725,0.3572243778106077,0.008602480069339667,1567.771844836144,0.011379206779550953,6.439537350391632,25.276510502120395,1.1505065586764769,0.35688554410243606,0.46481985473027776,0.0035298142130071484,0.09628665427040117,1.6724891614324107,0.006132586086857997,53.006041619921795,0.7070721756276636,-0.15958451369216237,-0.634409633977676,0.17461668144127457,0.20990699411560954,0.0619121214292294,-0.1605437288541573,-0.1677369718475718,-0.5311492568180249,0.28080455633995727,0.24529092690832355,Drug Manufacturers—Specialty & Generic,Healthcare,TAK
2015Q1,2015,Q1,2014-06-30,2014-06-30,33399000000.0,411148000000.0,63689000000.0,21.18,293109000000.0,0.7129038691663343,4437329000000.0,2388581000000.0,1531358000000.0,740638000000.0,1983330000000.0,267575000000.0,1853441000000.0,2793956898059.331,3026956898059.331,1516.150699413257,2.067620078904944,0.19288968656594993,0.3583361837006993,0.011227066175477274,1516.150699413257,0.013982778896759206,6.795501615134528,20.913477185389766,1.1697141097828925,1.8255935806461272,0.441143604596842,0.021823171303162033,0.09265664096577017,1.6267447795009167,0.0075268252590691385,-99.89120121770937,0.7129038691663343,8.695633690743076,-0.70274622798361,0.08716255860971674,0.0,0.07026038186418955,8.695622119815669,3.1171093308513114,-0.5571801565408867,0.15341903278627292,0.15563158106435823,Drug Manufacturers—Specialty & Generic,Healthcare,TAK
2014Q4,2014,Q4,2014-03-31,2014-03-31,-4340000000.0,404810000000.0,-30083000000.0,-2.75221,273867000000.0,0.6765322002914947,4569143000000.0,2470739000000.0,1592536000000.0,802754000000.0,2028509000000.0,254329000000.0,1901307000000.0,2910683380177.208,3104619380177.208,1568.3004524098662,1.983840628635921,0.18821560191922204,0.3480675214986286,-0.002064643734451675,1568.3004524098662,-0.0017565594747158643,7.190245745355124,-167.66609332818015,1.178061859296837,-2.149078341013825,0.5148567406784126,0.003204402122030928,0.08859648297284634,1.6115684256945466,-0.0009498498952648232,35.19951845034173,0.6765322002914947,-1.0797742028985506,-1.0660836160281875,0.20884188086070918,0.2309107703996859,-0.16321298933036751,-1.0795862979534951,-1.4504252260885189,-1.1343352599348697,0.1993073333389776,0.1835986194045169,Drug Manufacturers—Specialty & Generic,Healthcare,TAK
2014Q3,2014,Q3,2013-12-31,2013-12-31,54532000000.0,458821000000.0,66788000000.0,34.5,327284000000.0,0.7133152144300283,4425786000000.0,2382903000000.0,1784297000000.0,581084000000.0,1972543000000.0,251898000000.0,2212006000000.0,2819842789514.0586,3170015789514.0586,1509.0874183184505,3.0706352265765364,0.17883874186415702,0.33215871565061605,0.01502713182993716,1509.0874183184505,0.022884691487651827,6.14584508885613,12.927468227435536,1.183364488405134,1.1325827037335876,0.5221835822436065,0.021902639476806932,0.10366994698794745,1.26082631770966,0.012321427199597992,98.94185226365119,0.7133152144300283,0.2737677681373454,-0.4366761129940982,0.15952427236404007,0.2693379037334803,0.0997372329487033,0.2739930847584338,0.2672523385765516,-0.2351029527845658,0.24960351116682494,0.1632213622771677,Drug Manufacturers—Specialty & Generic,Healthcare,TAK
2014Q2,2014,Q2,2013-09-30,2013-09-30,42804000000.0,417739000000.0,52703000000.0,27.085,297602000000.0,0.7124113381800597,4253216000000.0,2282374000000.0,1712950000000.0,546986000000.0,1906048000000.0,238534000000.0,2236713000000.0,2696827267379.7935,3135665267379.7935,1445.5461901967842,3.131615800038758,0.1860749606885707,0.3467516717242661,0.011701166037643996,1445.5461901967842,0.018754156855975403,6.455770869800984,15.751023662390157,1.1815886736265806,0.20853191290533596,0.5036472787946372,0.003309815243996847,0.09821720787281907,1.3147246913083699,0.01006391398884985,42.9513166111326,0.7124113381800597,0.4724109812449036,-0.38235255794511597,0.018119672590811278,0.0,0.008099291693060218,0.47214197276104003,0.10476889214966985,-0.46566555879337185,0.1624559373646531,0.10313106163771832,Drug Manufacturers—Specialty & Generic,Healthcare,TAK
2014Q1,2014,Q1,2013-06-30,2013-06-30,29076000000.0,410302000000.0,47705000000.0,18.395,295211000000.0,0.719496858411609,3933712000000.0,2212073000000.0,1382289000000.0,543620000000.0,1657197000000.0,237524000000.0,2201131000000.0,2600394881780.05,2875159881780.05,1400.994782404,2.542748611162209,0.13769386269254077,0.24485991194684806,0.010255810723493304,1400.994782404,0.01314423167770684,6.337758240954345,22.35860229897553,1.1755465944297725,2.136401155592241,0.4845447196914838,0.02388791042285021,0.10430402632424539,0.707998234060557,0.00739149180214515,-24.964669621459155,0.719496858411609,4.7918609492948105,-0.7417958391326344,0.08251669952660065,0.0,0.14829667893234172,4.791862284820032,2.6936485958746053,-0.5465229227815798,0.15663977771435503,0.08380931021417012,Drug Manufacturers—Specialty & Generic,Healthcare,TAK
2013Q4,2013,Q4,2013-03-31,2013-03-31,-7668000000.0,368158000000.0,-28167000000.0,-4.85118,257086000000.0,0.6983034458031606,3955599000000.0,2159939000000.0,1455081000000.0,613632000000.0,1732240000000.0,229531000000.0,2243113000000.0,2701315494377.489,2969515494377.489,1367.9762238004412,2.371259973404255,0.1410185916216482,0.25825405254500244,-0.0019430750358862673,1367.9762238004412,-0.0035501002574609745,7.33738094616303,-88.07105811089883,1.2506443442974498,,0.4839084916634354,,0.09307262945510908,0.8925626434084272,-0.0019385180348159658,0.0,0.6983034458031606,-1.400923966942149,-1.1164986357384756,0.0969508611240294,0.07368244709693421,-0.08730212264402135,-1.4010040790712268,0.8939203922764917,-1.1986571902407017,0.08904633831160923,0.018086888087927126,Drug Manufacturers—Specialty & Generic,Healthcare,TAK
2013Q3,2013,Q3,2012-12-31,2012-12-31,19122000000.0,402173000000.0,-265527000000.0,12.1,281677000000.0,0.7003876441233001,3783726000000.0,2062155000000.0,1331251000000.0,572790000000.0,1661314000000.0,224490000000.0,2250796000000.0,2173362794543.6187,2452999794543.6187,1306.045684526831,2.3241519579601597,0.14321280134978062,0.26277268197589415,-0.054881645001771895,1306.045684526831,0.00927282381780225,5.404049487518105,28.41442833573395,1.053927951363316,,0.5367544211323444,,0.10629020177465281,0.7369070689083259,0.005053748606532291,0.0,0.7003876441233001,-0.4065718489455616,-0.802453616299976,0.016432391303150017,0.09855351734674074,0.02094984722559506,-0.4066466006764514,-2.326984777459045,-0.7249523007650456,0.07956308242575799,-0.0008349584173621776,Drug Manufacturers—Specialty & Generic,Healthcare,TAK
2013Q2,2013,Q2,2012-09-30,2012-09-30,32227000000.0,388644000000.0,200098000000.0,20.39,275897000000.0,0.7098964605139922,3482163000000.0,1912728000000.0,1241767000000.0,488281000000.0,1510965000000.0,208439000000.0,2302732000000.0,2002971847594.0696,2332234847594.0693,1211.4075566936708,2.5431401180877407,0.15559323328632232,0.2832608713836991,0.04911925458674395,1211.4075566936708,0.016848710323684287,5.153744423158648,15.537994907950397,1.047180700859751,,0.5409112498140943,,0.11160993899481443,0.8438071520292618,0.009254879797413275,0.0,0.7098964605139922,-0.6322813345356176,-0.5349838119312705,-0.05280875618037038,0.0,-0.06468935076734277,-0.6319564199490653,-0.0740533361715124,-0.5817298860808772,0.03220961802936997,-0.06511238839005877,Drug Manufacturers—Specialty & Generic,Healthcare,TAK
2013Q1,2013,Q1,2012-06-30,2012-06-30,87563000000.0,398292000000.0,216101000000.0,55.45,294979000000.0,0.740609904291324,3467951000000.0,1891613000000.0,1197194000000.0,726437000000.0,1517752000000.0,203519000000.0,2270583000000.0,1976901780724.3826,2314311780724.383,1198.0957368200172,1.6480355488500724,0.15652037759472381,0.28695351533321034,0.10355960654101556,1198.0957368200172,0.04629012382553937,4.963448376378091,5.64422695865943,1.04508785926317,,0.5076331939524074,,0.1148493735926488,0.5249347156050697,0.02524920334802885,0.0,0.740609904291324,3.4026066874358185,-0.22237291525890818,0.05088386491624402,0.0,0.16523865391528308,3.4026066675812867,1.5875119622428118,-0.22237291525890818,0.05088386491624402,0.0,Drug Manufacturers—Specialty & Generic,Healthcare,TAK
2012Q4,2012,Q4,2012-03-31,2012-03-31,-36445000000.0,381324000000.0,-367824000000.0,-23.0791,253149000000.0,0.6638685212575133,3577030000000.0,2012345000000.0,1278996000000.0,751731000000.0,1505164000000.0,195013000000.0,2254075000000.0,1987443845027.5083,2095759845027.5083,1274.5640707222237,1.7014011661086212,0.15727097620092648,0.2795559409544586,-0.16966375007988652,1274.5640707222237,-0.01811071163244871,5.211955830284767,-13.633172211740352,0.9876258022493699,,0.6572638747160445,,0.10660352303447274,0.6061011186182291,-0.010188620168128307,0.0,0.6638685212575133,-2.4607025316455697,-1.55373102814116,0.13623782105193685,0.00036612232413988244,-0.0947713586886559,-2.4608971018559345,-2.7606394945312687,-1.55373102814116,0.13623782105193685,0.00036612232413988244,Drug Manufacturers—Specialty & Generic,Healthcare,TAK
2012Q3,2012,Q3,2011-12-31,2011-12-31,24947000000.0,425106000000.0,208915000000.0,15.8,279652000000.0,0.6578406326892586,3421383000000.0,1917169000000.0,1240921000000.0,1027025000000.0,1446501000000.0,209523000000.0,2290518000000.0,1833535816640.4888,2182107816640.4888,1214.2822055375468,1.2082675689491493,0.15820006120332042,0.2823240934941051,0.029893918254783554,1214.2822055375468,0.01301241570252805,4.313126177095803,18.3743117072242,0.9563767287289169,,0.6942149549214167,,0.12424975514287644,0.3743209756335045,0.007291495865853078,0.0,0.6578406326892586,-0.5846477392218716,-0.7422632980717848,0.07444698192165464,0.021368550693622833,0.0568139733502634,-0.5847426592982222,0.027457557098735073,-0.7422632980717848,0.07444698192165464,0.021368550693622833,Drug Manufacturers—Specialty & Generic,Healthcare,TAK
2012Q2,2012,Q2,2011-09-30,2011-09-30,60076000000.0,345283000000.0,203332000000.0,38.04,264618000000.0,0.7663800418786908,3499283000000.0,1987709000000.0,1274499000000.0,1017201000000.0,1454231000000.0,241308000000.0,2336629000000.0,1941476637555.699,2264260637555.699,1258.9603047445644,1.2529470576611703,0.16327201886786522,0.28743392518723815,0.05351188019336592,1258.9603047445644,0.03022373999413395,5.622856142803726,8.079252270273068,0.9767408798549985,,0.3342823279791801,,0.09867249948060788,0.39907943464467693,0.01716808843411636,0.0,0.7663800418786908,-0.20534781700438687,-0.13309527288784004,-0.15844389768208053,0.0,-0.04922768477897664,-0.2051756985605419,-0.0782941379122772,-0.13309527288784004,-0.15844389768208053,0.0,Drug Manufacturers—Specialty & Generic,Healthcare,TAK
2012Q1,2012,Q1,2011-06-30,2011-06-30,75584000000.0,357219000000.0,220604000000.0,47.87,278319000000.0,0.7791270901043897,2713566000000.0,2071305000000.0,1543455000000.0,389436000000.0,597159000000.0,139860000000.0,2276555000000.0,1949303395539.2175,1759307395539.2175,1311.9671738434613,3.963308476874249,0.00046801883573128496,0.0006131400252497822,0.06839802237901076,1311.9671738434613,0.03649100446336971,5.456886099393419,6.447473656922158,0.9410991599688204,,0.5641355641355641,,0.1316419058906251,2.106492466027794,0.027854122582609008,0.0,0.7791270901043897,1.335121951219512,-0.328725267381031,-0.057443541586532344,0.0,0.08987422073243319,1.3345688164072151,1.7624149383616325,-0.328725267381031,-0.057443541586532344,0.0,Drug Manufacturers—Specialty & Generic,Healthcare,TAK
2011Q4,2011,Q4,2011-03-31,2011-03-31,32376000000.0,338255000000.0,-289349000000.0,20.5,255368000000.0,0.7549570590235177,2786402000000.0,2091924000000.0,1586252000000.0,436596000000.0,649746000000.0,137127000000.0,2272067000000.0,2051752649597.394,1850337649597.394,1325.0272741944373,3.633226140413563,0.005915155099658987,0.007878871316548785,-0.12610453461483323,1325.0272741944373,0.015476661676045592,6.065697919017883,15.84316043981185,0.9807969360251109,0.261119347664937,0.6044542650243935,0.004120379716170412,0.121394902817325,2.0023499986257316,0.011619285372318855,19.364377798097248,0.7549570590235177,-0.5459514014730489,-0.5080694669424315,0.007950045210835612,0.03997313803810646,-0.09761725555049065,-0.5457912457912458,-2.332257455556732,-0.5080694669424315,0.007950045210835612,0.03997313803810646,Drug Manufacturers—Specialty & Generic,Healthcare,TAK
2011Q3,2011,Q3,2010-12-31,2010-12-31,71280000000.0,367105000000.0,217187000000.0,45.149352,282993000000.0,0.7708775418477003,2680068000000.0,2048157000000.0,1482261000000.0,375067000000.0,587535000000.0,135988000000.0,2239691000000.0,2026392736094.6772,1836343736094.6772,1297.334683885277,3.951989911135877,0.0011943726800961766,0.0015628684715087758,0.06877413590334734,1297.334683885277,0.03480201957174182,5.519926822284298,7.107157463856192,0.9893737326262964,0.8783249158249158,0.6185251639850575,0.030895787812908384,0.1369760021014392,2.0326475003132773,0.026596340092863314,61.643072919863634,0.7708775418477003,-0.11011237283811118,-0.26352979259541975,-0.07208625615870175,0.09122643797443226,0.004069598291265443,-0.1101123595505618,-0.011726215394696128,-0.26352979259541975,-0.07208625615870175,0.09122643797443226,Drug Manufacturers—Specialty & Generic,Healthcare,TAK
2011Q2,2011,Q2,2010-09-30,2010-09-30,80100000000.0,359327000000.0,219764000000.0,50.736015,281846000000.0,0.7843718952374856,2708669000000.0,2068812000000.0,1501063000000.0,375452000000.0,595184000000.0,135430000000.0,2239463000000.0,1951623907896.02,1732633907896.02,1310.4029434641368,3.998015725046078,0.0011046015589206359,0.001446240644389147,0.07047194728973205,1310.4029434641368,0.03871787286616667,5.4313310936723935,6.09121069880156,0.9433548857489323,0.10534332084893883,0.5721110536808683,0.004323578926175753,0.13265814316920968,2.14560582977318,0.02957171954195954,26.61752987406091,0.7843718952374856,0.24939559988590562,0.15591920419750488,-0.12416493402843252,0.0,0.000887796701657694,0.2493955795417323,0.0012757194146270343,0.15591920419750488,-0.12416493402843252,0.0,Drug Manufacturers—Specialty & Generic,Healthcare,TAK
2011Q1,2011,Q1,2010-06-30,2010-06-30,64111000000.0,354698000000.0,219484000000.0,40.608447,281596000000.0,0.7939035461152868,2684347000000.0,2040797000000.0,1466181000000.0,368000000000.0,599371000000.0,135654000000.0,2159363000000.0,1870721092089.5198,1644014092089.5198,1292.6580065335952,3.9841875,0.0011391969816122879,0.001498434190171781,0.06706507149461971,1292.6580065335952,0.031414687497090595,5.274123598355558,7.2948522565921605,0.9166620159131554,0.9757451919327417,0.538885694487446,0.03343951178212647,0.1321356739646551,2.095603260869565,0.023883275895403986,-199.52230077746586,0.7939035461152868,0.6608771779141104,-0.4306125406577058,-0.06408484267610923,0.0,0.052364864864864864,0.6611219069827697,1.7732993221246671,-0.4306125406577058,-0.06408484267610923,0.0,Drug Manufacturers—Specialty & Generic,Healthcare,TAK
2010Q4,2010,Q4,2010-03-31,2010-03-31,38595000000.0,338019000000.0,-283828000000.0,24.45,267584000000.0,0.7916241394714498,2823274000000.0,2121338000000.0,1572874000000.0,428477000000.0,658529000000.0,137696000000.0,2166303000000.0,2049904434910.0725,1802170434910.0725,1343.6733542160066,3.6708481435409603,0.00666035248438515,0.00886421682918988,-0.11036234450979139,1343.6733542160066,0.01819370604778682,6.064465118558639,13.278303115106054,0.9663261747586064,0.24109340588159087,0.5115253892633047,0.004539235996339606,0.11972589270471092,2.0612915045615052,0.013670299092472074,25.78106996315113,0.7916241394714498,-0.44472630798181517,-0.4135694983034808,0.007258206133519394,0.054607872529840076,-0.10280474106858456,-0.4447960871754298,-2.2640026364191015,-0.4135694983034808,0.007258206133519394,0.054607872529840076,Drug Manufacturers—Specialty & Generic,Healthcare,TAK
2010Q3,2010,Q3,2009-12-31,2009-12-31,69515000000.0,372493000000.0,224547000000.0,44.03234,298245000000.0,0.8006727643204034,2753315000000.0,2063656000000.0,1496885000000.0,426447000000.0,646572000000.0,138762000000.0,2127708000000.0,1906325956571.1667,1634474956571.1667,1307.1370896424744,3.5101313879567684,0.0011858432471402655,0.0015821435355504987,0.06673820932556,1307.1370896424744,0.03368536228906368,5.117749747166166,6.855807942786329,0.9237614973479915,0.8877652305257858,0.5350744440120494,0.032372742860303255,0.13528891536202722,1.8933278930324284,0.025247746807030798,36.603801009431,0.8006727643204034,-0.09767653912771132,-0.28177409136851694,-0.05847800110092177,0.09947153035566127,-0.02987671990371792,-0.09767653167185877,-0.0514116011946755,-0.28177409136851694,-0.05847800110092177,0.09947153035566127,Drug Manufacturers—Specialty & Generic,Healthcare,TAK
2010Q2,2010,Q2,2009-09-30,2009-09-30,77040000000.0,376476000000.0,236717000000.0,48.798842,307430000000.0,0.816599198886516,2739933000000.0,2045724000000.0,1506032000000.0,429918000000.0,651112000000.0,135921000000.0,2129245000000.0,1826300965139.9692,1568680965139.9692,1295.778809826716,3.503068026926065,0.0011317794997176937,0.0015158447571617677,0.07646028591938356,1295.778809826716,0.03765903904925591,4.851042204921348,5.926469902453172,0.8927406459228954,0.10489356178608515,0.5079862567226551,0.004424790959567096,0.13740335986317914,1.8801538898115455,0.028117475865285756,19.276978732741917,0.816599198886516,-0.3157717019231141,0.11176049302591468,-0.08236541563335953,0.0,-0.0006858643678833446,-0.3157717107483525,-0.024945113336326527,0.11176049302591468,-0.08236541563335953,0.0,Drug Manufacturers—Specialty & Generic,Healthcare,TAK
2010Q1,2010,Q1,2009-06-30,2009-06-30,112594000000.0,378977000000.0,242773000000.0,71.319532,307641000000.0,0.8117669410016967,,,,,,,,1808162147759.5283,,,0.0,0.0,0.0,0.0,,0.0,4.771165922363437,4.014783531448231,0.0,0.5724550153649395,0.0,0.03564669246055471,0.0,0.0,0.0,26.639197179555783,0.8117669410016967,0.7107107699688174,0.0,0.0,0.0,0.15090739722337573,0.7108430073542819,1.8162522190542794,0.0,0.0,0.0,Drug Manufacturers—Specialty & Generic,Healthcare,TAK
2009Q4,2009,Q4,2009-03-31,2009-03-31,65812000000.0,335576000000.0,-297424000000.0,41.69,267303000000.0,0.7965498128590841,2760188000000.0,2011451000000.0,1475584000000.0,472106000000.0,706348000000.0,131658000000.0,2012251000000.0,1682242464399.5273,1472473464399.5273,1274.0975951495066,3.125535367057398,0.007160381829063817,0.009825742710113246,-0.1352435996941686,1274.0975951495066,0.032718669259156695,5.012999929671751,6.390333314591288,0.8363328087035317,0.10365890719017808,0.5185632472010816,0.004055301268616529,0.12157722589910543,1.6072259196028011,0.02384330342715786,12.431771563277076,0.7965498128590841,-0.23389437966981716,0.0,0.0,0.0,-0.17767598397824388,-0.3200185979232319,-2.107613014706156,0.0,0.0,0.0,Drug Manufacturers—Specialty & Generic,Healthcare,TAK
2009Q3,2009,Q3,2008-12-31,2008-12-31,96785000000.0,395620000000.0,268527000000.0,54.418084,325058000000.0,0.8216419796774683,2554650000000.0,1876912000000.0,1307591000000.0,409768000000.0,635818000000.0,127171000000.0,2068954000000.0,2216835409255.5728,1997969409255.5728,1188.8776139748127,3.191052009917807,0.0014479478597850977,0.0019707903194182783,0.09207793915677656,1188.8776139748127,0.05156608301294893,5.603446259682455,5.7261853832091045,1.1811078032723819,0.6702381567391641,0.5548592053219681,0.029261982973189434,0.15486270134852131,1.4803449756935632,0.03788581606090854,47.448372450409295,0.8216419796774683,0.39672988918552415,0.0,0.0,0.0,-0.03879613694563218,0.3967298756025053,0.06583710407239819,0.0,0.0,0.0,Drug Manufacturers—Specialty & Generic,Healthcare,TAK
2009Q2,2009,Q2,2008-09-30,2008-09-30,69294000000.0,410259000000.0,251940000000.0,38.961065,338178000000.0,0.8243036715830732,,,,,,,,2221209698294.487,,,0.0,0.0,0.0,0.0,,0.0,5.414164462679641,8.013715827829563,0.0,,0.0,,0.0,0.0,0.0,0.0,0.8243036715830732,0.0,0.0,0.0,0.0,0.0,0.0,0.0,0.0,0.0,0.0,Drug Manufacturers—Specialty & Generic,Healthcare,TAK
