Quarters,Year,Quarter,FillingDate,Date,NetIncome,Revenue,OperatingIncome,EPSDiluted,GrossProfit,GrossProfitRatio,TotalAssets,CommonStockEquity,CurrentAssets,CurrentLiability,TotalLiability,Inventory,RetainedEarnings,MarketCap,EnterpriseValue,bookValuePerShare,currentRatio,debtToAssets,debtToEquity,roic,shareholdersEquityPerShare,roe,priceToSalesRatio,peRatio,pbRatio,payoutRatio,inventoryTurnover,dividendYield,assetTurnover,quickRatio,returnOnAssets,priceToFreeCashFlowsRatio,grossProfitMargin,epsdilutedGrowth,fiveYNetIncomeGrowthPerShare,fiveYRevenueGrowthPerShare,fiveYShareholdersEquityGrowthPerShare,grossProfitGrowth,netIncomeGrowth,operatingIncomeGrowth,threeYNetIncomeGrowthPerShare,threeYRevenueGrowthPerShare,threeYShareholdersEquityGrowthPerShare,Industry,Sector,Symbol
2023Q1,2023,Q1,2023-05-05,2023-03-31,-129441000.0,4613000.0,-124473000.0,-1.36,-74808000.0,-16.216778669,889815000.0,-229020000.0,680629000.0,75220000.0,1118835000.0,-1006000.0,-1717283000.0,3348821160.0,3997432160.0,-2.4065823210457737,9.048511034299388,0.8431269421171816,-3.275814339359008,-0.18571261793748126,-2.4065823210457737,0.5651951794603092,725.9529937134186,-6.467852457876561,-14.622396122609377,0.0,-78.94731610337972,0.0,0.005184223686946163,8.840308428609413,-0.14546956389811366,-27.29542546948357,-16.21677866897897,0.021582733812949503,-1.4284047075676158,-0.5025412111169186,-2.3062847361959116,-0.02391152598513571,0.015365773879705768,0.020129103361410692,-1.0458922938505997,-0.24887147691099754,-2.1204334660887536,Biotechnology,Healthcare,CYTK
2022Q4,2022,Q4,2023-03-01,2022-12-31,-131461000.0,1957000.0,-127030000.0,-1.39,-73061000.0,-37.3331630046,1014775000.0,-107900000.0,795186000.0,84617000.0,1122675000.0,-147000.0,-1585994000.0,4338283420.0,5022043420.0,-1.139616184873417,9.397473320963872,0.7384316720455273,-6.944782205746061,-0.15560959955584902,-1.139616184873417,1.2183595922150139,2216.8029739397034,-8.250133918044135,-40.20651918443003,0.0,-510.3265306122449,0.0,0.0019285063191347837,9.250197950766394,-0.12954694390382104,-42.78596991962128,-37.33316300459887,0.26063829787234044,-0.849533998550233,62.926687743287694,-1.5595160433535304,-0.21325495275577475,0.25382139755589483,-0.17142040372183953,-1.6858407679677891,-0.7649509449037107,-5.175829869017777,Biotechnology,Healthcare,CYTK
2022Q3,2022,Q3,2022-11-04,2022-09-30,-176179000.0,2515000.0,-108441000.0,-1.88,-60219000.0,-23.9439363817,1075961000.0,-15977000.0,884275000.0,76496000.0,1091938000.0,0.0,-1448614000.0,4542575100.0,5175328100.0,-0.17040679195375327,11.559754758418741,0.6868195036808955,-46.25342680102648,-0.15729735919121804,-0.17040679195375327,11.027038868373287,1806.1928827037773,-6.445965608841009,-284.31965325154914,0.0,0.0,0.0,0.002337445316326521,11.372594645471658,-0.16374106496425056,-50.265849664162175,-23.94393638170974,-4.529411764705881,-2.119647156943859,-0.7668319185845871,-1.0622565762385483,-2.8911814584511024,-5.124556768407147,-8.972503218686775,-2.7260131588148058,-0.7402177530011246,0.4970731148941521,Biotechnology,Healthcare,CYTK
2022Q2,2022,Q2,2022-08-05,2022-06-30,-28766000.0,88968000.0,-10874000.0,-0.34,31842000.0,0.3579039655,771717000.0,111414000.0,602250000.0,66843000.0,660303000.0,-1973000.0,-1306304000.0,3368370990.0,3598792990.0,1.2995765825663996,9.009918764866926,0.4199117033834942,2.908548297341447,-0.028056990408870965,1.2995765825663996,-0.25819017358680235,37.8604778122471,-29.27389096502816,30.232923959286982,0.0,-28.95387734414597,0.0,0.11528578481489976,8.796717681731819,-0.03727532243037279,-36.8805127447116,0.35790396547073106,0.7142857142857142,0.4436585183393222,15.389976335878837,-0.6419278537940546,1.7109652354477862,0.7152811457642553,0.8603336886856673,0.3976554959787699,7.382324824549084,16.301877212374958,Biotechnology,Healthcare,CYTK
2022Q1,2022,Q1,2022-05-06,2022-03-31,-101033000.0,1148000.0,-77857000.0,-1.19,-44787000.0,-39.0130662021,856253000.0,116261000.0,623526000.0,66847000.0,739992000.0,-6056000.0,-1286484000.0,3128702760.0,3335469760.0,1.367840839568921,9.327658683261777,0.3762778057419945,2.771256053190666,-0.15566280047688338,1.367840839568921,-0.8690188455285951,2725.350836236934,-7.74178426850633,26.91102570939524,0.0,-7.5850396301188905,0.0,0.001340725229575838,9.20056247849567,-0.1179943311147523,-112.73385796130148,-39.01306620209059,-1.5869565217391304,-0.910655077516236,-0.8647787133439642,-0.403750286449403,-1.805521582733813,-1.5866765662203333,-2.5259725555907795,-1.2190491410187456,-0.9125188066228135,21.237960458483933,Biotechnology,Healthcare,CYTK
2021Q4,2021,Q4,2022-02-25,2021-12-31,-39059000.0,55600000.0,-22081000.0,-0.46,55600000.0,1.0,841319000.0,243863000.0,535672000.0,71860000.0,597456000.0,0.0,-1207620000.0,3832685460.0,3989949460.0,2.9001272491586096,7.454383523517952,0.32084144064261,1.106891984433883,-0.04402144683144071,2.9001272491586096,-0.16016779913311982,68.9331917266187,-24.531384956092065,15.716551752418365,0.0,0.0,0.0,0.06608670432974888,7.2844002226551625,-0.04642590979164859,-61.331799139076026,1.0,0.5157894736842105,-3.1837533033359366,-0.19026598295638902,0.24723205453636066,0.0,0.48664668927266513,0.6809150156789642,0.040221276556296794,2.8563993373819465,5.115719099608051,Biotechnology,Healthcare,CYTK
2021Q3,2021,Q3,2021-11-05,2021-09-30,-76086000.0,5437000.0,-69201000.0,-0.95,0.0,0.0,827539000.0,249020000.0,494941000.0,80868000.0,578519000.0,0.0,-1177050000.0,2870958460.0,3046733460.0,3.100001244880429,6.120356630558441,0.32184223341739787,1.0695405991486628,-0.10800320259203941,3.100001244880429,-0.30554172355634085,528.0409159462939,-9.433267815366822,11.529027628302948,0.0,0.0,0.0,0.0065700831018236,5.914329524657466,-0.09194249455312681,-52.70714999082063,0.0,-0.10465116279069764,-2.1859722656873353,-0.9542337912090638,0.48673453096812025,0.0,-0.23608538843941904,-0.26286110553497455,-1.3500313198786995,-0.652540708593217,2.252235840957927,Biotechnology,Healthcare,CYTK
2021Q2,2021,Q2,2021-08-06,2021-06-30,-61554000.0,2843000.0,-54797000.0,-0.86,0.0,0.0,564302000.0,16489000.0,364229000.0,61766000.0,547813000.0,0.0,-1100964000.0,1420011660.0,1633554660.0,0.2297990355938345,5.896917397921187,0.444260342866054,15.20389350476075,-0.1446796938325584,0.2297990355938345,-3.733034143974771,499.476489623637,-5.767341115118432,86.11872521074655,0.0,0.0,0.0,0.005038082445215505,5.715150730175178,-0.1090798898462171,-37.08764260342666,0.0,-0.3030303030303029,-1.930616202839102,-0.7291234393600173,-0.8130060200659533,-1.0,-0.3067680027173913,-0.3493142252099185,-0.6922254932610666,-0.653874616434972,-0.8340231603100166,Biotechnology,Healthcare,CYTK
2021Q1,2021,Q1,2021-05-07,2021-03-31,-47104000.0,6548000.0,-40611000.0,-0.66,6548000.0,1.0,577062000.0,67846000.0,433117000.0,35930000.0,509216000.0,0.0,-1039410000.0,1655995700.0,1839717700.0,0.9529601797879065,12.054467019204008,0.39565246022091216,3.365209444919376,-0.10491358598775478,0.9529601797879065,-0.6942782183179553,252.90099266951742,-8.789039678158968,24.408155233912098,0.0,0.0,0.0,0.01134713427673283,11.970247703868633,-0.08162727748491497,-45.815346520957256,1.0,-0.06451612903225812,-1.1031584966501642,-0.5675828104201655,-0.348433678061638,-0.025885153228205893,-0.07225130890052356,-0.1154722992831049,-0.18121836066498126,-0.05614448388218848,-0.4827364407303909,Biotechnology,Healthcare,CYTK
2020Q4,2020,Q4,2021-02-26,2020-12-31,-43930000.0,6722000.0,-36407000.0,-0.62,6722000.0,1.0,533803000.0,113383000.0,474221000.0,31199000.0,420420000.0,0.0,-992306000.0,1471909740.0,1527422740.0,1.6007087092174552,15.199878201224399,0.2594552672053173,1.2215058694866074,-0.1427132250907466,1.6007087092174552,-0.3874478537346869,218.96901814936032,-8.37644969269292,12.981749821401797,0.0,0.0,0.0,0.012592660588269456,15.015865893137601,-0.08229627784032686,32.282262090141465,1.0,-11.399999999999999,-1.6273955718782778,-0.6197220802577152,-0.08755636225420523,-0.8387545576664748,-12.836220472440944,-8.02295524691358,0.17385973235824612,285.3234854438531,-0.21410189199588375,Biotechnology,Healthcare,CYTK
2020Q3,2020,Q3,2020-11-06,2020-09-30,-3175000.0,41688000.0,5184000.0,-0.05,41688000.0,1.0,474112000.0,149605000.0,418412000.0,27573000.0,324507000.0,0.0,-948376000.0,1478240350.0,1415393350.0,2.191083642115438,15.174699887571174,0.2909966421436285,0.9221951137996725,0.017630853994490357,2.191083642115438,-0.021222552722168376,35.45961307810401,-116.3968779527559,9.88095551619264,0.0,0.0,0.0,0.08792859071274298,15.05926087114206,-0.006696729886609071,125.54058174097665,1.0,0.926470588235294,0.7963630873349072,1.9779961240912751,0.2616474487259651,0.0,0.9221432074546346,1.160207676617838,0.9228001870053529,4.307174319187537,-0.19950745949482976,Biotechnology,Healthcare,CYTK
2020Q2,2020,Q2,2020-08-07,2020-06-30,-40780000.0,3593000.0,-32358000.0,-0.68,0.0,0.0,232495000.0,-78080000.0,218954000.0,22696000.0,310575000.0,0.0,-945201000.0,1404889850.0,1481204850.0,-1.309957218354165,9.647250616848783,0.5911912084130841,-1.7603611680327869,-0.4975474744368417,-1.309957218354165,0.5222848360655737,391.007472863902,-8.612615559097597,-17.992954021516393,0.0,0.0,0.0,0.015454095787006171,9.487002114910116,-0.1754016215402482,-49.63748895876762,0.0,-0.030303030303030328,-1.5110903121091366,-0.6431748873808518,-1.677630452181577,0.0,-0.03489404897855602,-0.06574006982412225,-0.134395213452629,-0.04795623486236886,-1.3609323212701705,Biotechnology,Healthcare,CYTK
2020Q1,2020,Q1,2020-05-08,2020-03-31,-39405000.0,3825000.0,-30362000.0,-0.66,0.0,0.0,256582000.0,-45711000.0,225938000.0,20741000.0,302293000.0,0.0,-904421000.0,698793300.0,784842300.0,-0.7712333389573139,10.893303119425292,0.5293629327076724,-2.971385443328739,-0.31327513980891064,-0.7712333389573139,0.862046334580298,182.6910588235294,-4.4334050247430525,-15.287202205158495,0.0,0.0,0.0,0.014907514946488842,10.771418928691963,-0.15357663437029878,-22.414463048498845,0.0,-0.2767036553524805,-1.8981789237496238,-0.4345496127977235,-1.3544473023121746,0.0,-0.28606396866840733,-0.2807728001349869,-0.06864617697038429,-0.3539023282345509,-1.3361850619834477,Biotechnology,Healthcare,CYTK
2019Q4,2019,Q4,2020-03-04,2019-12-31,-30640000.0,5212000.0,-23706000.0,-0.5169563016703222,0.0,0.0,289814000.0,-10937000.0,233752000.0,26023000.0,300751000.0,0.0,-865016000.0,628854700.0,726294700.0,-0.18452842922220347,8.982515467086808,0.46192730509913255,-12.240376702934991,-0.18270942680755625,-0.18452842922220347,2.801499497119868,120.65516116653876,-5.130994614882506,-57.497915333272374,0.0,0.0,0.0,0.01798394832547772,8.848902893594127,-0.1057229809464001,-30.885256126909287,0.0,-0.0339126033406445,-3.2500426594552887,-0.8514802480955557,-1.0736558341703328,0.0,-0.03608020829810976,0.009236427466878422,-3.4303294344396833,-0.8923123422608603,-1.0793585081364783,Biotechnology,Healthcare,CYTK
2019Q3,2019,Q3,2019-11-01,2019-09-30,-29573000.0,6055000.0,-23927000.0,-0.5,0.0,0.0,187393000.0,-19869000.0,176535000.0,21517000.0,207262000.0,0.0,-834376000.0,667323200.0,677028200.0,-0.3388301500682128,8.204442998559278,0.2632915850645435,-2.483215058634053,-0.6414057473729359,-0.3388301500682128,1.4883990135386784,110.21027250206441,-5.641321475670376,-33.586149277769394,0.0,0.0,0.0,0.032311772584888446,8.02226146767672,-0.1578127251284733,-31.36801729811037,0.0,0.10714285714285723,-2.092019445167331,-0.5984979865805848,-1.1684671053082603,0.0,0.07909569333291813,0.10439437041473275,-1.6314566806104316,-0.9301802722602808,-1.162500090950432,Biotechnology,Healthcare,CYTK
2019Q2,2019,Q2,2019-08-09,2019-06-30,-32113000.0,7137000.0,-26716000.0,-0.56,0.0,0.0,198218000.0,-4896000.0,184951000.0,21959000.0,203114000.0,0.0,-804803000.0,647963520.0,662613520.0,-0.08492922564529559,8.422560225875495,0.2472580693983392,-10.010416666666666,-0.5045800517498631,-0.08492922564529559,6.559027777777778,90.78934005884825,-5.044401955594307,-132.34549019607843,0.0,0.0,0.0,0.03600581178298641,8.30802859875222,-0.1620084956966572,-26.204696081206777,0.0,-0.03703703703703707,-1.4242522033691238,-0.4206785217826952,-1.039329018516481,0.0,-0.0935435537696656,-0.08964842156782772,-0.9030290460731234,-0.1536068594165325,-1.069109314906788,Biotechnology,Healthcare,CYTK
2019Q1,2019,Q1,2019-05-09,2019-03-31,-29366000.0,8464000.0,-24518000.0,-0.54,0.0,0.0,198611000.0,3372000.0,186400000.0,26277000.0,195239000.0,0.0,-772690000.0,441309050.00000006,448993050.00000006,0.06150927564254574,7.09365604901625,0.23711174104153346,13.965895610913405,-0.4070323394647719,0.06150927564254574,-8.708778173190984,52.13953804347827,-3.7569727746373363,130.8745699881376,0.0,0.0,0.0,0.04261596789704498,6.974121855615177,-0.147856865933911,-16.246099617140334,0.0,-0.1250000000000001,-1.0207108836772654,-0.3617413273367517,-0.9764570603046094,1.0,-0.10949070575789632,-0.14260415695777798,-0.7027917998089487,-0.27410722326208103,-0.9579443366621824,Biotechnology,Healthcare,CYTK
2018Q4,2018,Q4,2019-03-07,2018-12-31,-26468000.0,9377000.0,-21458000.0,-0.48,-13901000.0,-1.4824570758238242,211178000.0,25934000.0,207674000.0,22194000.0,185244000.0,0.0,-743324000.0,345634480.0,345791480.0,0.47420870741831084,9.357213661349915,0.20084004962638152,1.6354206832729237,-0.3139567208509518,0.47420870741831084,-1.020590730315416,36.85981443958622,-3.2646448541635182,13.32746510372484,0.0,0.0,0.0,0.04440329958613113,9.259980174822024,-0.1253350254287852,-27.569153705033102,-1.4824570758238242,-0.1999999999999999,-3.2109659710566896,-0.7899012819369979,-0.7401180890758473,0.0,-0.20216196575373574,-0.19783409623757955,-1.0503171291682623,-0.3129281253601652,-0.7296892835305275,Biotechnology,Healthcare,CYTK
2018Q3,2018,Q3,2018-11-09,2018-09-30,-22017000.0,10641000.0,-17914000.0,-0.4,0.0,0.0,230279000.0,52069000.0,227269000.0,21492000.0,178210000.0,0.0,-714403000.0,492180260.0,506461260.0,0.9531907882693224,10.57458589242509,0.18197490869771016,0.8047974802665694,-0.19062719475599635,0.9531907882693224,-0.4228427663292938,46.25319612818344,-5.588639006222465,9.45246230962761,0.0,0.0,0.0,0.04620916366668259,10.484924623115578,-0.09561010773887328,-15.100796490043875,0.0,0.2156862745098039,0.05881397000775215,0.28128621193410736,-0.295136141954247,0.0,0.20005086654797805,0.2348695169350361,-0.7650567298594495,-0.049869493009009204,-0.45114339632967637,Biotechnology,Healthcare,CYTK
2018Q2,2018,Q2,2018-08-07,2018-06-30,-27523000.0,6215000.0,-23413000.0,-0.51,0.0,0.0,247239000.0,75170000.0,244229000.0,27289000.0,172069000.0,0.0,-688222000.0,450631900.00000006,436041900.00000006,1.3845247085259609,8.949723331745393,0.13090572280263227,0.4305574032193694,-0.21772446180313387,1.3845247085259609,-0.36614340827457764,72.50714400643605,-4.09323020746285,5.994837036051617,0.0,0.0,0.0,0.02513761987388721,8.888269998900656,-0.11132143391617018,-16.748379543596226,0.0,0.08928571428571436,0.13135926248814273,1.9239578035975815,-0.31363643630691895,0.0,0.09108021531653512,0.10401438903983774,-0.8605859364408,-0.32239253781593347,-0.28379637811854186,Biotechnology,Healthcare,CYTK
2018Q1,2018,Q1,2018-05-10,2018-03-31,-30281000.0,5268000.0,-26131000.0,-0.56,0.0,0.0,279926000.0,99599000.0,272339000.0,38546000.0,180327000.0,0.0,-658349000.0,389246400.0,442632400.0,1.8423106803299916,7.065298604265034,0.1141515972078335,0.320826514322433,-0.1986347707767972,1.8423106803299916,-0.3040291569192462,73.88883826879271,-3.21361910108649,3.908135623851645,0.0,0.0,0.0,0.01881925937569215,7.005681523374669,-0.10817501768324486,-12.945536783291207,0.0,0.25333333333333324,-0.06573491850901893,1.849748487717738,-0.2429527008521532,0.0,0.25204396690132147,0.28461138336025404,-1.4416695898430614,-0.14620884440906995,-0.15330157855116427,Biotechnology,Healthcare,CYTK
2017Q4,2017,Q4,2018-03-05,2017-12-31,-40485000.0,-18000.0,-36527000.0,-0.75,0.0,0.0,294810000.0,109842000.0,274295000.0,32444000.0,184968000.0,0.0,-646081000.0,439521350.0,489777350.0,2.036789111609709,8.45441375909259,0.10778806689053967,0.2892973543817483,-0.2579244310438571,2.036789111609709,-0.36857486207461626,-24417.852777777778,-2.714099975299494,4.001396096210921,0.0,0.0,0.0,-6.105627353210542e-05,8.322124275675009,-0.13732573521929378,-17.68626413424007,0.0,-0.25000000000000006,-0.5557076686415154,-1.0036281624557646,-0.31006177332451457,0.0,-0.2511975770312452,-0.28507599211933576,-4.267448075660527,-1.0005637218559629,-0.18700114840291973,Biotechnology,Healthcare,CYTK
2017Q3,2017,Q3,2017-11-03,2017-09-30,-32357000.0,6180000.0,-28424000.0,-0.6,0.0,0.0,326313000.0,147038000.0,321987000.0,42357000.0,179275000.0,0.0,-605596000.0,778925500.0,692905500.0,2.737169344179899,7.601742333026419,0.09285563247556794,0.20606917939580244,-0.16028149635159977,2.737169344179899,-0.22005876032046137,126.03972491909386,-6.018214760330068,5.297443518002149,0.0,0.0,0.0,0.018938871574224747,7.497391222230092,-0.0991593960399984,-30.034915554870054,0.0,0.0,-0.3409468429789249,0.5008167732591285,-0.24067377788202296,0.0,-0.1126508717031739,-0.1282051282051282,-2.6930154470709775,-0.5526699255425033,0.3609266945685443,Biotechnology,Healthcare,CYTK
2017Q2,2017,Q2,2017-08-04,2017-06-30,-29081000.0,3053000.0,-25194000.0,-0.6,0.0,0.0,340630000.0,175001000.0,316996000.0,31059000.0,165629000.0,0.0,-573239000.0,583437800.0,512885800.0,3.629370774399602,10.206252615988925,0.08853888383289786,0.1723361580790967,-0.12280171573406122,3.629370774399602,-0.16617619327889555,191.1031116934163,-5.015627041711083,3.333911234792944,0.0,0.0,0.0,0.008962804215717934,10.047039505457356,-0.085374159645363,-18.510669754751103,0.0,0.03225806451612906,0.08697106058864454,-0.5343801856785279,-0.45393020797203254,0.0,-0.1242509761472146,-0.08356629822373231,-1.6247098934667816,-0.7037176437146454,0.6806887064493526,Biotechnology,Healthcare,CYTK
2017Q1,2017,Q1,2017-05-04,2017-03-31,-25867000.0,4153000.0,-23251000.0,-0.62,0.0,0.0,265374000.0,95383000.0,211023000.0,36796000.0,169991000.0,0.0,-544158000.0,534277300.0,514933300.0,2.294073789023041,5.734944015653875,0.11312336551433072,0.31473113657570007,-0.1854102373946397,2.294073789023041,-0.2711908830714069,128.64851914278836,-5.16369602195848,5.6013891364289226,0.0,0.0,0.0,0.015649611491706045,5.6382758995543,-0.09747375402262468,-23.924292495074333,0.0,-4.875,0.2053975757349594,-0.30408510140347894,-0.30750777427069353,0.0,-3.996640407784986,-3.537487722361672,-1.346868779947626,-0.5870795808211043,-0.12193339447509785,Biotechnology,Healthcare,CYTK
2016Q4,2016,Q4,2017-03-06,2016-12-31,8632000.0,33138000.0,9163000.0,0.16,0.0,0.0,170142000.0,94361000.0,158633000.0,33258000.0,75781000.0,0.0,-518291000.0,493059150.0,456066150.0,2.325250733101698,4.769769679475615,0.17562389063253048,0.31666684329330974,0.07375122744321566,2.325250733101698,0.09147847097847628,14.878965236284628,14.279980016218722,5.225242949947542,0.0,0.0,0.0,0.19476672426561342,4.698809309038427,0.050734092699039626,6.405445274439753,0.0,-0.7837837837837838,1.2270777341336319,12.67844899662,-0.3880017099414228,0.0,-0.7292940696835701,-0.7179747614650662,-0.02826107049885294,0.0006058039665143869,0.27431359745825407,Biotechnology,Healthcare,CYTK
2016Q3,2016,Q3,2016-11-03,2016-09-30,31887000.0,59047000.0,32490000.0,0.74,0.0,0.0,158170000.0,83250000.0,148184000.0,29334000.0,74920000.0,0.0,-526923000.0,366520680.0,414271680.0,2.0851074487802435,5.051612463353106,0.18803818676107986,0.3572612612612613,0.2875424808836024,2.0851074487802435,0.383027027027027,6.207270140735346,2.8735901778154105,4.402650810810811,0.0,0.0,0.0,0.37331352342416385,4.9638303674916475,0.20159954479357653,-29.49152558738333,0.0,3.5517241379310347,1.9043224388066509,11.484878445990535,-0.5573354440515108,0.0,3.7462750839720953,3.9506856779584054,2.8649817641664725,8.727587472267865,0.5418916117052465,Biotechnology,Healthcare,CYTK
2016Q2,2016,Q2,2016-08-04,2016-06-30,-11611000.0,5802000.0,-11011000.0,-0.29,0.0,0.0,106161000.0,48746000.0,96618000.0,26272000.0,57415000.0,0.0,-558810000.0,376430340.0,440924340.0,1.228911410275803,3.6776035322777103,0.27885946816627577,0.6073113691379806,-0.1405360561582642,1.228911410275803,-0.23819390308948427,64.87941054808687,-8.105037033847214,7.722281623107537,0.0,0.0,0.0,0.05465283861304999,3.4395554202192447,-0.10937161481146561,-33.5081306747374,0.0,0.06451612903225812,0.7453608318943815,0.6472689504370037,-0.7813542914609873,0.0,0.06776395022079486,0.07888572862640121,0.4984208443676026,2.7362258805525643,-0.3907800923841914,Biotechnology,Healthcare,CYTK
2016Q1,2016,Q1,2016-05-05,2016-03-31,-12455000.0,8421000.0,-11954000.0,-0.31,0.0,0.0,113218000.0,57906000.0,106118000.0,24683000.0,55312000.0,0.0,-547199000.0,279123600.0,327473600.0,1.4625681955950698,4.299234290807438,0.26025896942182336,0.5088591855766241,-0.1368172870027011,1.4625681955950698,-0.2150899734051739,33.14613466334165,-5.602641509433963,4.820288053051497,0.0,0.0,0.0,0.07437863237294423,4.190009318154195,-0.11000900916815347,-15.57001171417415,0.0,-0.2916666666666667,0.7004602360530623,2.108715255699882,-0.7262707869946192,-1.0,-0.34955033048000866,-0.3251302516350737,0.40144042622097814,5.220268052466462,-0.39899751213706175,Biotechnology,Healthcare,CYTK
2015Q4,2015,Q4,2016-03-03,2015-12-31,-9229000.0,9757000.0,-9021000.0,-0.24,9757000.0,1.0,115237000.0,68590000.0,113107000.0,31649000.0,46647000.0,0.0,-534744000.0,408965080.00000006,404894080.00000006,1.7543096833597627,3.5737938007519983,0.12703385197462622,0.21342761335471644,-0.10838770140215549,1.7543096833597627,-0.13455314185741363,41.91504355847085,-11.078260916675697,5.962459250619625,0.0,0.0,0.0,0.08466898652342564,3.5215646623905967,-0.08008712479498772,-40.308011038833044,1.0,-0.04347826086956513,0.7733243167175072,1.5322893363173966,-0.7225607847728661,0.22806796727501574,-0.042942705390439595,-0.014963996399639964,0.5108339362751377,1.7126786532296887,-0.40574833934560134,Biotechnology,Healthcare,CYTK
2015Q3,2015,Q3,2015-11-05,2015-09-30,-8849000.0,7945000.0,-8888000.0,-0.23,7945000.0,1.0,102196000.0,67300000.0,100515000.0,30143000.0,34896000.0,0.0,-525515000.0,259250880.00000003,233288880.00000003,1.7366845582163501,3.3346050492651695,0.0,0.0,-0.13206537890044576,1.7366845582163501,-0.13148588410104012,32.630696035242295,-7.324298790823822,3.8521676077265976,0.0,0.0,0.0,0.0777427687972132,3.2522310320804166,-0.08658851618458648,-24.927969230769232,1.0,0.14814814814814817,0.8012924297372236,4.5881525057033254,-0.7549947197779735,0.21446040966065424,0.16131172400720312,0.1606383983378978,0.491640075667476,1.6746496318148403,-0.518221213676439,Biotechnology,Healthcare,CYTK
2015Q2,2015,Q2,2015-08-05,2015-06-30,-10551000.0,6542000.0,-10589000.0,-0.27,6542000.0,1.0,112706000.0,74861000.0,107900000.0,29112000.0,37845000.0,0.0,-516666000.0,260232000.0,235393000.0,1.9331439638476435,3.706375377851058,0.0,0.0,-0.14144881847691054,1.9331439638476435,-0.14094121104446908,39.77866095995108,-6.166050611316463,3.476202562081725,0.0,0.0,0.0,0.05804482458786577,3.6131835669139876,-0.09361524674817667,-27.796624652851953,1.0,-0.1739130434782609,0.7795321962591852,2.8890870791098293,-0.7643543991084852,0.48210240144993205,-0.18924706943192066,-0.18857335278931417,0.5875354806565966,0.24231850694443244,-0.7091420006617996,Biotechnology,Healthcare,CYTK
2015Q1,2015,Q1,2015-05-04,2015-03-31,-8872000.0,4414000.0,-8909000.0,-0.23,4414000.0,1.0,122214000.0,84152000.0,110810000.0,25385000.0,38062000.0,0.0,-506115000.0,262216500.0,239670500.0,2.1758758888170653,4.3651762852077995,0.0,0.0,-0.10586795322749311,2.1758758888170653,-0.1054282726494914,59.40564114182148,-7.388877930568079,3.115986548150965,0.0,0.0,0.0,0.036116975141964096,4.2874926137482765,-0.07259397450373935,7.660653247246487,1.0,-2.0,0.8055392142257611,0.8989752692396171,-0.7598930077545671,-0.7971320893464473,-2.0508113229894587,-2.057950362189764,0.7070060664841155,-0.20483033364825218,-0.34318715275529926,Biotechnology,Healthcare,CYTK
2014Q4,2014,Q4,2015-03-06,2014-12-31,8443000.0,21758000.0,8421000.0,0.23,21758000.0,1.0,132968000.0,92064000.0,131131000.0,23855000.0,40904000.0,0.0,-497243000.0,294351480.0,274136480.0,2.5052791988679655,5.497002724795641,0.0,0.0,0.09146897810218978,2.5052791988679655,0.091707942301008,13.528425406746944,8.71584389435035,3.1972484358706987,0.0,0.0,0.0,0.16363335539377896,5.444309369105009,0.06349648035617592,-35.138054196012895,1.0,2.4375,1.1894765964427643,4.980238899403201,-0.7447844257948815,0.0,2.4140010048568077,2.4039679893297765,1.2452725502121977,8.91787365021995,-0.3406188141348027,Biotechnology,Healthcare,CYTK
2014Q3,2014,Q3,2014-11-06,2014-09-30,-5971000.0,9415000.0,-5998000.0,-0.16,0.0,0.0,87185000.0,73630000.0,81491000.0,12986000.0,13555000.0,0.0,-505686000.0,128863680.0,115956680.0,2.0112540632085008,6.275296473124904,0.0,0.0,-0.08146136085834578,2.0112540632085008,-0.08109466250169768,13.68706107275624,-5.395397755819796,1.7501518402824934,0.0,0.0,0.0,0.10798875953432356,6.1363776374557215,-0.06848655158570856,-13.402358814352574,0.0,0.30434782608695654,0.7994796308930606,-0.5290060740146779,-0.8194964054567646,-1.0,0.28695963697157867,0.28654692518139646,0.8153179643475771,1.171074577033234,-0.5730143847931655,Biotechnology,Healthcare,CYTK
2014Q2,2014,Q2,2014-08-07,2014-06-30,-8374000.0,7788000.0,-8407000.0,-0.23,7788000.0,1.0,96143000.0,78697000.0,80078000.0,16917000.0,17446000.0,0.0,-499715000.0,174197540.0,161842540.0,2.1594544905743214,4.733581604303364,0.0,0.0,-0.10682745212651054,2.1594544905743214,-0.10640812229182815,22.367429378531074,-5.200547528063052,2.2135219894023916,0.0,0.0,0.0,0.08100433728924623,4.614825323638943,-0.08709942481511915,-17.77525918367347,1.0,0.14814814814814817,-1.0386367776064866,-0.9720453686715993,-0.8293463448154392,-0.02393783682165685,0.04231473010064044,0.04139110604332953,0.8001091914036699,1.40667262093643,-0.6157937397266008,Biotechnology,Healthcare,CYTK
2014Q1,2014,Q1,2014-05-07,2014-03-31,-8744000.0,7979000.0,-8770000.0,-0.27,7979000.0,1.0,107277000.0,86178000.0,86054000.0,19792000.0,21099000.0,0.0,-491340000.0,313357500.0,300101500.0,2.6126421100500226,4.347918350848828,0.0,0.0,-0.10176611200074265,2.6126421100500226,-0.1014644108705238,39.272778543677155,-8.959214890210431,3.6361658427905037,0.0,0.0,0.0,0.07437754597910083,4.26748181083266,-0.08150861787708456,-17.26012117873864,1.0,-2.2857142857142856,0.7867117555866385,-0.324366544197783,-0.5240925367612528,-0.6723068709187235,-2.3388455060480786,-2.363495024875622,0.7475869220650884,2.5355476481525523,-0.5110269245546278,Biotechnology,Healthcare,CYTK
2013Q4,2013,Q4,2014-03-07,2013-12-31,6531000.0,24349000.0,6432000.0,0.21,24349000.0,1.0,83188000.0,54442000.0,79338000.0,26704000.0,28746000.0,0.0,-482597000.0,193934000.0,173776000.0,1.8247084059525405,2.971015578190533,0.0,0.0,0.11814407993828294,1.8247084059525405,0.11996252892987032,7.96476241324079,7.423595161537284,3.5622129973182473,0.0,0.0,0.0,0.29269846612492184,2.9109122228879567,0.07850891955570515,-15.293273401151328,1.0,1.4883720930232558,1.1733472818535235,1.2258818484045266,-0.6847838044846504,4.4484224658760345,1.51882745471878,1.5100309253826025,1.2102054225546912,7.2811775220462085,-0.7114274218698424,Biotechnology,Healthcare,CYTK
2013Q3,2013,Q3,2013-11-06,2013-09-30,-12588000.0,4469000.0,-12611000.0,-0.43,4469000.0,1.0,88006000.0,39751000.0,83321000.0,45011000.0,48255000.0,0.0,-489128000.0,222520150.0,203262150.0,1.352304813743834,1.851125280486992,0.0,0.0,-0.31724988050615077,1.352304813743834,-0.3166712787099696,49.79193331841575,-4.419291190022244,5.597850368544187,0.0,0.0,0.0,0.05078062859350499,1.813823287640799,-0.1430357021112197,21.7304833984375,1.0,0.2586206896551724,0.7830764913778084,-0.5993141091587004,-0.8056400236829674,3.429137760158573,0.16308756066750882,0.16306079108043536,0.6273530173740236,3.143862724763268,-0.8092216469194697,Biotechnology,Healthcare,CYTK
2013Q2,2013,Q2,2013-08-07,2013-06-30,-15041000.0,1009000.0,-15068000.0,-0.58,1009000.0,1.0,94555000.0,51989000.0,93620000.0,34046000.0,42566000.0,0.0,-476540000.0,323966610.0,306909610.0,2.0171885306328328,2.7498090818304646,0.0,0.0,-0.2898305410759969,2.0171885306328328,-0.28931120044624825,321.07691774033697,-5.384725250980654,6.231445305737752,0.0,0.0,0.0,0.010671038020199884,2.6920343065264642,-0.15907143990270214,49.235047112462006,1.0,-0.07407606310382048,0.6874748375062136,-0.8952148160907675,-0.77135631535126,0.2289890377588307,-0.19193279974641414,-0.19142879734324345,0.527768757135281,-0.09873035012815007,-0.7541095685050032,Biotechnology,Healthcare,CYTK
2013Q1,2013,Q1,2013-05-08,2013-03-31,-12619000.0,821000.0,-12647000.0,-0.539999,821000.0,1.0,64690000.0,58430000.0,63665000.0,5819000.0,6260000.0,0.0,-461499000.0,164229863.76,151069863.76,2.433547656010063,10.94088331328407,0.0,0.0,-0.2164470306349478,2.433547656010063,-0.21596782474756118,200.0363748599269,-3.253622786274665,2.8107113428033546,0.0,0.0,0.0,0.012691296954707065,10.642034713868362,-0.19506878961199567,-13.245412030002418,1.0,-0.2857149659880142,0.6892479286731364,-0.9084635824326865,-0.7691949562803412,-0.6240842490842491,-0.10151885474860335,-0.10079206197232135,0.5544774044691986,-0.4310626721794827,-0.7314590362558934,Biotechnology,Healthcare,CYTK
2012Q4,2012,Q4,2013-03-15,2012-12-31,-11456000.0,2184000.0,-11489000.0,-0.419999,2184000.0,1.0,77551000.0,70085000.0,76427000.0,7105000.0,7466000.0,0.0,-448880000.0,94012241.4,79105241.4,2.9521325719609957,10.756790992258972,0.0,0.0,-0.16392951416137547,2.9521325719609957,-0.16345865734465292,43.04589807692308,-2.0515939551326814,1.341403173289577,0.0,0.0,0.0,0.028162112674240177,10.41576354679803,-0.14772214413740636,-13.088158346094946,1.0,0.0,0.7008382738763073,-0.7569773805611313,-0.7572582430721183,0.2742123687281214,-0.14058144165671047,-0.1405738111783977,0.6020428818929493,-0.07082678557673243,-0.6992629764286937,Biotechnology,Healthcare,CYTK
2012Q3,2012,Q3,2012-11-07,2012-09-30,-10044000.0,1714000.0,-10073000.0,-0.419999,1714000.0,1.0,85345000.0,80603000.0,78769000.0,4589000.0,4742000.0,0.0,-437424000.0,114708421.08,99318421.08,3.604734387474667,17.16474177380693,0.0,0.0,-0.12497053459548652,3.604734387474667,-0.1246107464982693,66.9243996966161,-2.855147876344086,1.4231284329367393,0.0,0.0,0.0,0.020083191751127775,16.476356504685118,-0.11768703497568692,-12.85392437023756,1.0,0.46153836291887923,0.6861506135877012,-0.8531884796309022,-0.73959795543352,-0.06898424769147203,-0.1231130493123113,-0.12472085752568111,0.4477597494325586,-0.8596166089465302,-0.6764866626174555,Biotechnology,Healthcare,CYTK
2012Q2,2012,Q2,2012-08-06,2012-06-30,-8943000.0,1841000.0,-8956000.0,-0.779998,1841000.0,1.0,94081000.0,89981000.0,92960000.0,3989000.0,4100000.0,0.0,-427380000.0,51987490.559999995,-11666509.440000005,6.646349656004631,23.30408623715217,0.0,0.0,-0.09953212344828352,6.646349656004631,-0.09938764850357297,28.238723824008687,-1.453301200939282,0.5777607557150954,0.0,0.0,0.0,0.01956824438515747,22.68187515668087,-0.09505638758091432,-5.97145538249483,1.0,0.0,0.5912000412352171,-0.665497968659779,-0.5334765418780726,0.011538461538461539,0.09921434327155519,0.09899396378269618,-1.1110702279610132,-0.9822119596625487,-0.47476371121385197,Biotechnology,Healthcare,CYTK
2012Q1,2012,Q1,2012-05-04,2012-03-31,-9928000.0,1820000.0,-9940000.0,-0.779998,1820000.0,1.0,46531000.0,42007000.0,45221000.0,4467000.0,4524000.0,0.0,-418438000.0,87494001.0,69679001.0,3.312779124136751,10.123349003805686,0.0,0.0,-0.2366272287952008,3.312779124136751,-0.23634156212059895,48.07362692307692,-2.2032131597502014,2.0828433594400932,0.0,0.0,0.0,0.03911370914014313,9.662637116633087,-0.21336313425458298,-9.9993144,1.0,0.16731765958747266,0.478112191858067,-0.6509822264740522,-0.7882869576983277,1.404227212681638,0.1641690520289611,0.16449525090358913,0.37005034636466877,-0.599113554913434,-0.39655863955740406,Biotechnology,Healthcare,CYTK
2011Q4,2011,Q4,2012-03-13,2011-12-31,-11878000.0,757000.0,-11897000.0,-0.9367293650224088,757000.0,1.0,52773000.0,48178000.0,51140000.0,4592000.0,4595000.0,0.0,-408510000.0,73038470.39999999,54357470.39999999,3.7994399181722183,11.136759581881533,0.00288026073939325,0.003154966997384698,-0.24616180426236292,3.7994399181722183,-0.24654406575615426,96.48410885072654,-1.5372636470786327,1.5160129187595999,0.0,0.0,0.0,0.014344456445530859,10.678789198606271,-0.22507721751653306,-6.658019179580673,1.0,-0.040812718497606454,0.5421789566510336,2.001707503942046,-0.7214734604999017,-0.4695164681149264,-0.11645831375129241,-0.11520434945631797,0.258191021048558,-0.8371723068158063,-0.34365129672858646,Biotechnology,Healthcare,CYTK
2011Q3,2011,Q3,2011-11-04,2011-09-30,-10639000.0,1427000.0,-10668000.0,-0.899998,1427000.0,1.0,61778000.0,56744000.0,59871000.0,5034000.0,5034000.0,0.0,-396632000.0,84567475.97999999,66286475.97999999,4.710355551987943,11.893325387365913,0.005017967561267765,0.005463132666008741,-0.18698075507414028,4.710355551987943,-0.18749118849569998,59.26242185003503,-1.987204530031018,1.4903333564782177,0.0,0.0,0.0,0.02309883777396484,11.462256654747716,-0.17221340930428308,-9.030162945008007,1.0,0.34782611846257633,0.6376531966218686,5.840857698034517,-0.6631090310110899,0.35517568850902187,0.2195569248826291,0.21828973400747417,0.5526392241983363,-0.6878057668784074,-0.3230042633697206,Biotechnology,Healthcare,CYTK
2011Q2,2011,Q2,2011-08-04,2011-06-30,-13632000.0,1053000.0,-13647000.0,-1.379997,1053000.0,1.0,72157000.0,66652000.0,69804000.0,5505000.0,5505000.0,0.0,-385994000.0,88939530.0,65659530.0,5.620560396485118,12.680108991825612,0.006776889283091038,0.00733661405509212,-0.20325881354165115,5.620560396485118,-0.2045249954990098,84.46299145299146,-1.6310799955985915,1.3343865150333072,0.0,0.0,0.0,0.01459317876297518,12.15967302452316,-0.18892137976911458,-7.031904648956357,1.0,-0.2777773662543819,0.4944638237417499,-0.6277017333833775,-0.6327738612871627,0.3800786369593709,-0.16393442622950818,-0.1612491490810075,0.3843990762155951,-0.7623332146725201,-0.3629223945468416,Biotechnology,Healthcare,CYTK
2011Q1,2011,Q1,2011-05-06,2011-03-31,-11712000.0,763000.0,-11752000.0,-1.079998,763000.0,1.0,65662000.0,59586000.0,62954000.0,6042000.0,6076000.0,0.0,-372362000.0,99698075.39999999,84970075.39999999,5.343120595485437,10.419397550479973,0.011026164295939812,0.012150505152216964,-0.19485989056541203,5.343120595485437,-0.1965562380424932,130.66589174311926,-2.1281180712090166,1.6731795287483637,0.0,0.0,0.0,0.011620115135085742,9.919728566699769,-0.17836800584813134,-7.636773297587131,1.0,-0.037117066751054965,0.5190538389430598,-0.724983321432174,-0.6920979421280365,-0.3057324840764331,-0.008524928958925343,-0.01031636863823934,0.3790352742706123,-0.8168436131976964,-0.49324223029091735,Biotechnology,Healthcare,CYTK
2010Q4,2010,Q4,2011-03-11,2010-12-31,-11613000.0,1099000.0,-11632000.0,-1.041346280592293,1099000.0,1.0,77992000.0,70516000.0,73498000.0,7324000.0,7476000.0,0.0,-360650000.0,139844951.39999998,123315951.39999998,6.323221762012068,10.035226652102676,0.012629500461585804,0.013968461058483182,-0.16268303939805037,6.323221762012068,-0.16468602870270577,127.24745350318469,-3.010525949367089,1.9831662516308355,0.0,0.0,0.0,0.014091188839881013,9.787684325505188,-0.14889988716791466,-15.236974438875569,1.0,0.08653674779052858,0.46360056677185846,-0.7376411307000927,-0.5093600767394406,1.7893401015228427,0.05899035734543392,0.07425387982491047,0.35440907526597254,-0.7396655024569624,-0.4800674012631351,Biotechnology,Healthcare,CYTK
2010Q3,2010,Q3,2010-11-04,2010-09-30,-12341000.0,394000.0,-12565000.0,-1.139998,394000.0,1.0,82918000.0,76122000.0,79258000.0,6487000.0,6796000.0,0.0,-349037000.0,170106092.64,141004092.64,7.088355633162465,12.21797441035918,0.016124363829325358,0.017563910564619954,-0.15993396607100613,7.088355633162465,-0.16212133154672762,431.74135187817257,-3.4459543926748237,2.23465085835895,0.0,0.0,0.0,0.004751682385006875,11.944041930013874,-0.14883378759738536,-16.279652850990523,1.0,0.09523752834332143,0.4579119997463066,-0.9057598170723343,-0.5682229698192461,-0.1471861471861472,0.06109251369446135,0.04477725406720389,0.19706908942938586,-0.929731806979029,-0.4879449909254088,Biotechnology,Healthcare,CYTK
2010Q2,2010,Q2,2010-08-04,2010-06-30,-13144000.0,462000.0,-13154000.0,-1.259997,462000.0,1.0,94616000.0,87252000.0,90139000.0,6875000.0,7364000.0,0.0,-336696000.0,151241203.98000002,134633203.98000002,8.203607266734481,13.111127272727273,0.01856979792001353,0.02013707422179434,-0.14778280848004136,8.203607266734481,-0.1506441113097694,327.3619133766234,-2.8766205869598296,1.733383807591803,0.0,0.0,0.0,0.004882895070601167,12.769454545454545,-0.13891942166229812,-11.342523172341384,1.0,-0.04999924999875011,0.4427833347205265,-0.9118184518568708,-0.5562572860159862,-0.2560386473429952,-0.0783493313643449,-0.07091101522429374,0.23519227915135332,-0.8931476576143983,-0.42416884015521367,Biotechnology,Healthcare,CYTK
2010Q1,2010,Q1,2010-05-07,2010-03-31,-12189000.0,621000.0,-12283000.0,-1.199998,621000.0,1.0,111893000.0,93635000.0,107089000.0,17534000.0,18258000.0,0.0,-323552000.0,198385593.6,189720593.6,9.062109638993464,6.1075054180449415,0.10769217019831447,0.1286911945319592,-0.11622273737994986,9.062109638993464,-0.1301756821701287,319.4615033816425,-4.0689472803347275,2.118711951727452,0.0,0.0,0.0,0.005549945036776206,6.015512718147599,-0.10893442842715809,-16.04801760232972,1.0,0.010369627677069275,0.4700640964353146,-0.8894638651619018,-0.5605425410432557,-0.39296187683284456,0.027137042062415198,0.009435483870967742,0.2136719948308217,-0.8538536277849553,-0.42085882292482807,Biotechnology,Healthcare,CYTK
2009Q4,2009,Q4,2010-03-11,2009-12-31,-12529000.0,1023000.0,-12400000.0,-1.212571919335175,1023000.0,1.0,122599000.0,101428000.0,116921000.0,20186000.0,21171000.0,0.0,-311363000.0,180406899.18,157446899.18,9.816325695133541,5.792182700881799,0.02121550746743448,0.025643806443979966,,9.816325695133541,-0.12352604803407344,176.35083008797653,-3.5997864789687926,1.7786695900540284,0.0,0.0,0.0,0.00834427687012129,5.57604280194194,-0.1021949608071844,-27.51363415891414,1.0,-0.4435414362119611,0.5147309747841124,-0.7896056310098404,-0.5682753382296721,-0.8142026879767527,-0.5275542550597415,-0.5107212475633528,0.40736250834582494,3.9781549298950702,-0.2803920353116865,Biotechnology,Healthcare,CYTK
2009Q3,2009,Q3,2009-11-05,2009-09-30,-8202000.0,5506000.0,-8208000.0,-0.839998,5506000.0,1.0,134164000.0,112357000.0,128151000.0,20469000.0,21807000.0,0.0,-298834000.0,320056003.2,299404003.2,11.142459895593673,6.2607357467389715,0.022830267433886886,0.027261318831937484,,11.142459895593673,-0.07299945708767588,58.12858757718852,-9.75542560351134,2.848563090862162,0.0,0.0,0.0,0.041039325005217495,6.0468513361668865,-0.061134134343042844,-27.503308687806136,1.0,-1.1428570942661789,0.6263961571682491,0.04621243084257217,-0.558307592097795,-0.9234533574308356,-1.1465715970621349,-1.1426361977582762,0.6662735783000028,30.53334133181088,-0.20307627105508338,Biotechnology,Healthcare,CYTK
2009Q2,2009,Q2,2009-08-06,2009-06-30,55959000.0,71930000.0,57545000.0,5.879988,71930000.0,1.0,144069000.0,119064000.0,137100000.0,23248000.0,25005000.0,0.0,-290633000.0,159767961.3,90576961.30000001,12.654018387352359,5.897281486579491,0.10995425802913882,0.13304609285762278,,12.654018387352359,0.46999092924813546,2.2211589225636037,0.7137724106041924,1.3418662341261842,0.0,0.0,0.0,0.4992746531176034,5.818134893324157,0.38841804968452615,4.197020025218694,1.0,5.666668253972033,3.1373758765210886,7.745240791403513,-0.6720969972727844,22.369070825211175,6.237154890032756,6.307110578253251,3.6154364133615786,31.051935672570362,-0.17323434252309874,Biotechnology,Healthcare,CYTK
2009Q1,2009,Q1,2009-05-07,2009-03-31,-10685000.0,3078000.0,-10843000.0,-1.259997,3078000.0,1.0,92922000.0,47196000.0,65332000.0,22062000.0,45726000.0,0.0,-346592000.0,87689573.39999999,55667573.39999999,5.489811175201817,2.9612909074426614,0.1772131465099761,0.3489066870073735,,5.489811175201817,-0.2263963047715908,28.489140155945417,-2.0516980205896114,1.857987401474701,0.0,0.0,0.0,0.03312455607929231,2.907397334783791,-0.1149889154344504,-7.303204247522278,1.0,0.002190896375368358,0.9192300189470031,-0.9764750275152811,1.021743110846684,-0.023477157360406092,0.01575165806927045,0.02666068222621185,0.43083079347735,0.4391450908225034,-0.6836447675163186,Biotechnology,Healthcare,CYTK
2008Q4,2008,Q4,2009-03-12,2008-12-31,-10856000.0,3152000.0,-11140000.0,-1.2627635841594822,3152000.0,1.0,87454000.0,49766000.0,58910000.0,22877000.0,37688000.0,0.0,-335907000.0,147008990.70000002,109829990.70000002,5.788752075283788,2.5750754032434324,0.05305646396962975,0.09323634609974682,,5.788752075283788,-0.21814089940923523,46.63990821700508,-3.3854318049926313,2.9540045553188925,0.0,0.0,0.0,0.036041804834541585,2.497180574376011,-0.12413383035653029,-11.228917713107242,1.0,0.3622393256554649,0.9507693743920357,-0.9558261259525009,1.0200373057295722,0.00864,0.3323082600405929,0.3334131163235998,0.34954809608670734,-0.02391927374170296,-0.5508313671592812,Biotechnology,Healthcare,CYTK
2008Q3,2008,Q3,2008-11-06,2008-09-30,-16259000.0,3125000.0,-16712000.0,-1.979996,3125000.0,1.0,100043000.0,57304000.0,72783000.0,24467000.0,42739000.0,0.0,-325051000.0,234232295.04000002,169137295.04000002,6.957732962150632,2.9747414885355785,0.05538618394090541,0.09669482060589138,,6.957732962150632,-0.28373237470333657,74.95433441280001,-3.6015790491420137,4.087538305179394,0.0,0.0,0.0,0.031236568275641474,2.892957861609515,-0.16252011634996952,-14.068850684125174,1.0,-0.06451626777692,0.9230355881382246,-0.9542848756654405,0.0,0.016590761223162005,-0.05825305909919292,-0.04209016648999189,0.0687618004366782,-0.025375262430942923,-0.5761796627227318,Biotechnology,Healthcare,CYTK
2008Q2,2008,Q2,2008-08-05,2008-06-30,-15364000.0,3074000.0,-16037000.0,-1.859996,3074000.0,1.0,119366000.0,72588000.0,89335000.0,24952000.0,46778000.0,0.0,-308791000.0,183148223.58,102892223.58000001,8.822410878007819,3.5802741263225393,0.05533401471105675,0.09099300159806029,,8.822410878007819,-0.21166032953105196,59.579773448275866,-2.9801520369044523,2.523119848735328,0.0,0.0,0.0,0.025752726907159493,3.4866142994549536,-0.12871336896603722,-10.150089978940368,1.0,-0.10714245323057126,0.9242757012788746,-0.9541146287528948,0.0,0.0016291951775822744,-0.10572148254767902,-0.05576036866359447,0.1580354161240007,-0.24154016765424388,-0.5227854747796054,Biotechnology,Healthcare,CYTK
2008Q1,2008,Q1,2008-05-07,2008-03-31,-13895000.0,3069000.0,-15190000.0,-1.679997,3069000.0,1.0,138338000.0,86624000.0,107510000.0,26294000.0,51714000.0,0.0,-293427000.0,163656405.36,65770405.360000014,10.543736899293705,4.088765497832205,0.0553282539866125,0.08835888437384559,,10.543736899293705,-0.1604058921315109,53.32564527859238,-2.9445197078085648,1.889273242519394,0.0,0.0,0.0,0.022184793765993437,4.022780862554195,-0.10044239471439517,-11.524287399478911,1.0,-0.041527527388394166,0.926663787071615,-0.9579881693061593,0.0,-0.013183279742765274,-0.0485209779655901,-0.015510094932477604,0.240235412710219,-0.3129714396333051,-0.4886925881215974,Biotechnology,Healthcare,CYTK
2007Q4,2007,Q4,2008-03-12,2007-12-31,-13252000.0,3110000.0,-14958000.0,-1.6130125760694516,3110000.0,1.0,155370000.0,99916000.0,122016000.0,26448000.0,55454000.0,0.0,-279533000.0,233161083.54,125286083.53999999,12.16161821238721,4.613430127041743,0.055924567162257834,0.08696304896112735,,12.16161821238721,-0.13263141038472318,74.97140949839228,-4.398601787277392,2.3335710350694585,0.0,0.0,0.0,0.020016734247280683,4.535428009679371,-0.0852931711398597,-16.15360146459748,1.0,-0.120149955916194,0.937114421710007,-0.954391710940745,1.042096475910309,-0.2469733656174334,-0.1705679710272944,-0.13318181818181818,0.3544753692800743,-0.19557770966946175,-0.4651287383500675,Biotechnology,Healthcare,CYTK
2007Q3,2007,Q3,2007-11-08,2007-09-30,-11321000.0,4130000.0,-13200000.0,-1.439997,4130000.0,1.0,168702000.0,109498000.0,155205000.0,26238000.0,59204000.0,0.0,-266280000.0,249165472.5,150386472.5,13.84295731424024,5.9152755545392175,0.057568967765645934,0.08869568393943268,,13.84295731424024,-0.10339001625600468,60.33062288135593,-5.502284968200689,2.2755253292297577,0.0,0.0,0.0,0.02448103756920487,5.83878344386005,-0.06710649547723205,-23.804860275150475,1.0,0.111111316872809,0.9442017229524822,-0.9370928789892541,0.0,0.29996852376455774,0.10350015837820715,0.09365558912386707,0.34261754615213075,0.0004041129383241156,-0.4512585904812503,Biotechnology,Healthcare,CYTK
2007Q2,2007,Q2,2007-08-08,2007-06-30,-12628000.0,3177000.0,-14564000.0,-1.619997,3177000.0,1.0,172812000.0,111337000.0,158021000.0,24388000.0,61475000.0,0.0,-254959000.0,263522305.79999998,163020305.79999998,14.246549750704252,6.479457110054125,0.062038515843807145,0.09629323585151388,,14.246549750704252,-0.11342141426479967,82.94690141643059,-5.21702379236617,2.3668888671331185,0.0,0.0,0.0,0.018384139990278454,6.382852222404461,-0.07307362914612411,-19.177811352885524,1.0,-0.08000016000031993,0.9344740585418435,-0.9500730155050287,0.0,0.0,-0.08005473828258639,-0.05812263876780006,0.41927874317579544,-0.534948426665936,-0.6308298045127134,Biotechnology,Healthcare,CYTK
2007Q1,2007,Q1,2007-05-09,2007-03-31,-11692000.0,3205000.0,-13764000.0,-1.499997,0.0,0.0,186995000.0,121949000.0,171660000.0,23850000.0,65046000.0,0.0,-242331000.0,325457186.4,233102186.39999998,15.647496668704687,7.1974842767295595,0.06253108371881601,0.09588434509508073,,15.647496668704687,-0.09587614494583802,101.54670402496099,-6.958971655833047,2.6687975005945104,0.0,0.0,0.0,0.017139495708441404,7.123941299790356,-0.06252573598224552,9.840272915280885,0.0,0.2668851674742882,0.9349482427013601,-0.9537498601589748,0.0,-1.0,0.26677536686316317,0.18939929328621907,0.9025058244421948,-0.972978904498521,1.0619739447647318,Biotechnology,Healthcare,CYTK
