Quarters,Year,Quarter,FillingDate,Date,NetIncome,Revenue,OperatingIncome,EPSDiluted,GrossProfit,GrossProfitRatio,TotalAssets,CommonStockEquity,CurrentAssets,CurrentLiability,TotalLiability,Inventory,RetainedEarnings,MarketCap,EnterpriseValue,bookValuePerShare,currentRatio,debtToAssets,debtToEquity,roic,shareholdersEquityPerShare,roe,priceToSalesRatio,peRatio,pbRatio,payoutRatio,inventoryTurnover,dividendYield,assetTurnover,quickRatio,returnOnAssets,priceToFreeCashFlowsRatio,grossProfitMargin,epsdilutedGrowth,fiveYNetIncomeGrowthPerShare,fiveYRevenueGrowthPerShare,fiveYShareholdersEquityGrowthPerShare,grossProfitGrowth,netIncomeGrowth,operatingIncomeGrowth,threeYNetIncomeGrowthPerShare,threeYRevenueGrowthPerShare,threeYShareholdersEquityGrowthPerShare,Industry,Sector,Symbol
2023Q1,2023,Q1,2023-05-03,2023-04-01,88745000.0,609782000.0,110641000.0,3.54,244957000.0,0.4017124153,3961736000.0,2307476000.0,1401604000.0,519638000.0,1654260000.0,559828000.0,1659265000.0,6643806379.999999,7267452379.999999,93.11096763780164,2.697270022592651,0.26472561523534127,0.45451090282195783,0.0265167177995423,93.11096763780164,0.03845977162926072,10.895379627473423,18.716001971942077,2.8792526466147423,0.16767141810806244,0.65167337110684,0.002239679958885256,0.15391787842501367,1.4541892625250654,0.022400533503494427,239.48548698723954,0.4017124152565999,-0.05347593582887705,1.4191236292340204,0.433372373700473,0.5717642433482107,0.07190460562301718,-0.048861785132470206,0.17450797222988895,2.544553671135169,0.7342307541614013,0.5379399299905778,Electronic Components,Technology,LFUS
2022Q4,2022,Q4,2023-02-16,2022-12-31,93304000.0,613251000.0,94202000.0,3.74,228525000.0,0.3726451323,3903734000.0,2211378000.0,1511796000.0,572295000.0,1692356000.0,547690000.0,1585466000.0,5451711600.0,5936281600.0,89.31973503514016,2.6416376169632794,0.26824522367558856,0.4735318882615274,0.02574377476394071,89.31973503514016,0.042192696137883255,8.88985358360606,14.607389822515648,2.4653006405960447,0.1592214696047329,0.702452117073527,0.0027250157546851892,0.15709343925585093,1.5314916258223468,0.02390121867934649,68.39346639736047,0.37264513225416673,0.23841059602649012,8.912089744131269,0.8455743818275449,1.187585612962613,-0.1101779060123588,0.23633858059044893,-0.22702880118158694,3.05344278925285,0.7828662566000528,0.4549029996772642,Electronic Components,Technology,LFUS
2022Q3,2022,Q3,2022-11-02,2022-10-01,75468000.0,658880000.0,121870000.0,3.02,256821000.0,0.3897841792,3777928000.0,2088891000.0,1431313000.0,448810000.0,1689037000.0,536026000.0,1507035000.0,4918570950.0,5466175950.0,84.38258937588365,3.189129030101825,0.27041489409009384,0.4890671653044606,0.0304572719145198,84.38258937588365,0.03612826135973586,7.4650481878339,16.29356465654317,2.3546326495733862,0.19682514443207716,0.7500736904553137,0.0030199828671781184,0.17440247670151468,1.8262605556917182,0.019976029188486386,38.88352069251749,0.3897841792132103,-0.132183908045977,0.6175193064712182,0.9017017012563652,1.0539785388968739,-0.023386609169832415,-0.13271122552174314,-0.09163411943591425,1.0937451461724965,0.8001823954244148,0.4033565769141668,Electronic Components,Technology,LFUS
2022Q2,2022,Q2,2022-08-03,2022-07-02,87016000.0,618436000.0,134164000.0,3.48,262971000.0,0.4252194245,3544469000.0,2051943000.0,1718825000.0,398769000.0,1492526000.0,496207000.0,1446457000.0,6141699540.0,6256980540.0,82.96041885663459,4.310327532982755,0.26080154742501627,0.4505013053481505,0.035399816625929,82.96041885663459,0.04240663605178117,9.931018795801021,17.64531678082192,2.9931141069708076,0.15071940792497932,0.7163643398823475,0.0021354024101283213,0.17447916740137945,2.9022416486737934,0.024549798573495776,70.39277859918165,0.4252194244836976,-0.2595744680851064,0.6507554953561522,0.8210315839387331,1.1147614671308534,0.01691828179863571,-0.25955172824588574,-0.10907762799654691,0.9875116101967238,0.5547088960763732,0.3594024434271176,Electronic Components,Technology,LFUS
2022Q1,2022,Q1,2022-05-04,2022-04-02,117518000.0,623330000.0,150590000.0,4.7,258596000.0,0.4148621116,3193168000.0,2000652000.0,1318210000.0,365344000.0,1192516000.0,470552000.0,1372556000.0,6152005020.0,6336388020.0,81.03414476082466,3.608133704125427,0.2023069252854845,0.322894736315961,0.04930355422528706,81.03414476082466,0.05873985080863638,9.869579548553736,13.087367509658094,3.0750000599804466,0.11135315441038819,0.7751194341964331,0.0021271113982283454,0.19520739278359298,2.142285079267759,0.03680294929674856,280.6315582519843,0.4148621115620939,1.2596153846153846,1.7841652036083708,1.012062167176542,1.1544249010881484,0.29627253223186895,1.2623979670414291,1.347283921752007,2.1807098905096756,0.5389319944049723,0.3306172673857708,Electronic Components,Technology,LFUS
2021Q4,2021,Q4,2022-02-17,2022-01-01,51944000.0,553065000.0,64155000.0,2.08,199492000.0,0.3607026299,3151704000.0,1893389000.0,1270211000.0,434633000.0,1258184000.0,445671000.0,1268124000.0,7760008800.0,7949755800.0,76.77976480129765,2.9224909291287133,0.21201864134449175,0.3529227221664433,0.021589678969730863,76.77976480129765,0.027434404657468697,14.030916438393318,37.34795549052826,4.098475696225129,0.2518481441552441,0.7933498028814978,0.001685822830510192,0.17548126346890444,1.734090600575658,0.01648124316242896,77.87733129942596,0.36070262988979596,-0.4363143631436314,0.7543986329329387,0.7887355195620118,1.1383309804158213,-0.07027944000149135,-0.43572251070024115,-0.4658512826063427,0.6139341137743635,0.3953389857597392,0.2999794707567983,Electronic Components,Technology,LFUS
2021Q3,2021,Q3,2021-10-27,2021-09-25,92054000.0,539581000.0,120107000.0,3.69,214572000.0,0.3976641134509925,3038518000.0,1821267000.0,1435936000.0,421640000.0,1217120000.0,357024000.0,1229262000.0,6952267920.0,6935405920.0,73.96909268134189,3.4055971919172756,0.22175942350843406,0.36997321095698765,0.03860680809350652,73.96909268134189,0.05054393452470176,12.884567692339056,18.880950094509746,3.8172700213642483,0.14178634279879201,0.9103281572107197,0.001877372988237772,0.17758032040619803,2.410703443696044,0.03029569020160486,77.72326040537065,0.3976641134509925,0.11818181818181822,1.740475285056895,0.7650120070340822,1.0791901908404375,0.08701290806298,0.1213106766550947,0.24777418785127314,0.7531606755306332,0.25287950945745347,0.22249161643570875,Electronic Components,Technology,LFUS
2021Q2,2021,Q2,2021-07-28,2021-06-26,82095000.0,523488000.0,96257000.0,3.3,197396000.0,0.3770783666483281,2927498000.0,1742089000.0,1318918000.0,381692000.0,1185278000.0,325774000.0,1150260000.0,6084798560.0,6148479560.0,70.83966330513988,3.4554509918992276,0.23228401863980777,0.3903422844642266,0.03387858748704676,70.83966330513988,0.04712445805007666,11.623568372149887,18.529747731286925,3.4928172785661356,0.1439064498446921,1.0009761368310546,0.0019415597547735417,0.17881754317167767,2.435681125095627,0.02804271770638272,104.47082205892453,0.3770783666483281,0.4224137931034483,1.769769760942901,0.763628643834079,1.0599549445836671,0.23014221081101294,0.42246980749571156,0.2585740249212223,0.972082683588865,0.15914180642901954,0.20503911264225042,Electronic Components,Technology,LFUS
2021Q1,2021,Q1,2021-04-28,2021-03-27,57713000.0,463794000.0,76481000.0,2.32,160466000.0,0.34598550218415935,2786870000.0,1660606000.0,1192412000.0,326545000.0,1126133000.0,295057000.0,1079979000.0,6587823280.000001,6685284280.000001,67.69142344692646,3.651600851337488,0.24049632742108532,0.40360687604404655,0.02580892054043506,67.69142344692646,0.03475418010051752,14.204201175521893,28.536998943045766,3.9671200031795624,0.20414811221042053,1.02803187180782,0.0017884511316156614,0.16642111042136878,2.6015128083418824,0.020708895642782044,185.86043955423898,0.34598550218415935,-0.02928870292887041,1.7366239578976186,0.933497653489712,0.9644582165657435,0.1446731105325106,-0.021432083693643286,0.17637739563786262,0.5892463275446215,0.10131854412204717,0.14266838434215748,Electronic Components,Technology,LFUS
2020Q4,2020,Q4,2021-02-18,2020-12-26,58977000.0,400696000.0,65014000.0,2.39,140185000.0,0.34985375446722705,2747593000.0,1608642000.0,1217309000.0,275648000.0,1138820000.0,258002000.0,1034048000.0,6146292180.0,6165562180.0,65.865864144454,4.416172074529835,0.2572415201232497,0.43937370776095613,0.023826743949124558,65.865864144454,0.03666260112566998,15.339040519496077,26.053767485629994,3.820795540586408,0.19904369499974567,1.0097247308160402,0.0019099319811379356,0.14583528200865267,3.3388197991641513,0.021464969520594936,77.68316708796765,0.34985375446722705,0.062222222222222276,1.4083637943306824,0.6705520671902527,0.9831772576331089,0.014539427975914775,0.06541296336440494,0.007063415843117817,6.069792313197338,0.22243237788630196,0.6131621609834692,Electronic Components,Technology,LFUS
2020Q3,2020,Q3,2020-10-28,2020-09-26,55356000.0,391566000.0,64558000.0,2.25,138176000.0,0.35288048502678987,2654370000.0,1529431000.0,1148934000.0,234606000.0,1124808000.0,243832000.0,986810000.0,4129729350.0000005,4234405350.0000005,62.79225684608121,4.897291629370093,0.28125920651604713,0.48813316847899646,0.023073622816116905,62.79225684608121,0.03619385248500913,10.54670055622807,18.650775661174944,2.700173692046258,0.2113050075872534,1.03919912070606,0.0028323890038944076,0.14751749002588185,3.724849321841726,0.02085466607895659,81.11345530611044,0.35288048502678987,7.081081081081082,3.5319406589259583,0.6844453384004435,0.9328213608307556,0.39432284886830343,7.156823490156824,6.4023430962343095,0.20584216939903613,0.14863006402071308,0.5284426434964505,Electronic Components,Technology,LFUS
2020Q2,2020,Q2,2020-07-29,2020-06-27,-8991000.0,307337000.0,-11950000.0,-0.37,99099000.0,0.32244409231560145,2611058000.0,1462303000.0,1119165000.0,209157000.0,1148624000.0,248020000.0,943151000.0,4042113120.0,4188452120.0,60.14737578150707,5.350836931109167,0.30570213300508836,0.5458554075318179,-0.0044470534738349716,60.14737578150707,-0.006148520518661317,13.152054975482939,-112.39331331331331,2.7642103722689484,-1.298854409965521,0.8396016450286268,0.0028890829260117294,0.1177059261035182,4.005206615126436,-0.0034434317429946023,93.7540733868349,0.32244409231560145,-1.37,-1.292550761278942,0.2919739051376373,0.7790600051074523,-0.1989540222452147,-1.364835254017205,-1.2670391061452515,-1.1735262986252932,-0.07931464974153837,0.5332293930625245,Electronic Components,Technology,LFUS
2020Q1,2020,Q1,2020-04-29,2020-03-28,24644000.0,346096000.0,44750000.0,1.0,123712000.0,0.3574499560815496,2612629000.0,1476817000.0,1092483000.0,208215000.0,1135681000.0,227282000.0,963820000.0,3057662550.0,3234315550.0,60.54265567990817,5.246898638426626,0.3051439756658906,0.5398285637286137,0.013524224709766278,60.54265567990817,0.01668724019292844,8.834723747168416,31.018326468917387,2.0704410566779767,0.47577503652004544,0.9784496792530865,0.003834628513862656,0.1324703966770636,3.979204187978772,0.009432644282827756,106.5647562123166,0.3574499560815496,0.08695652173913039,0.14191299433926646,0.524662381478576,0.8612848799320989,0.09029056906413319,0.08784320649774874,0.38472011634743325,-0.40906448232942344,0.13072821591231587,0.6096252432821085,Electronic Components,Technology,LFUS
2019Q4,2019,Q4,2020-02-21,2019-12-28,22654000.0,338523000.0,32317000.0,0.92,113467000.0,0.3351825429882165,2559898000.0,1495883000.0,1004394000.0,225562000.0,1063884000.0,237507000.0,950901000.0,4678759320.0,4851203320.0,61.39222687351227,4.452851100805987,0.27484806035240467,0.4703462770818306,0.013451090090461902,61.39222687351227,0.015144232536902953,13.821097296195532,51.63281672110886,3.1277575318390545,0.516420941114152,0.9475762819622159,0.0025004492002807274,0.13224081584500633,3.2518420655961555,0.008849571350108481,76.74248888743091,0.3351825429882165,-0.36111111111111105,0.0751720618115636,0.5171496710543172,0.9039875288266983,-0.13348250423838834,-0.3644907004797038,-0.3148387643903577,-0.22563338885627868,0.10806941795066928,0.709785137009554,Electronic Components,Technology,LFUS
2019Q3,2019,Q3,2019-10-30,2019-09-28,35647000.0,361971000.0,47167000.0,1.44,130946000.0,0.36175826240223663,2551361000.0,1472081000.0,1007592000.0,248749000.0,1079149000.0,240059000.0,939946000.0,4344820540.0,4571086540.0,60.12911526836043,4.0506373894970436,0.2752738636359182,0.47709535005206916,0.018470524816689076,60.12911526836043,0.024215379452625228,12.003228269668012,30.471151429292785,2.9514819768749136,0.3286672090217971,0.9623675846354438,0.002696544055649304,0.14187369015987938,2.8238987895428727,0.013971758602565455,64.25063277287313,0.36175826240223663,-0.17714285714285719,0.09597621842819697,0.5311892116803096,0.8367451321138298,-0.07659652487870924,-0.185992875411034,-0.10386822206178516,0.06729050230893854,0.19080658192746183,0.6901635820852003,Electronic Components,Technology,LFUS
2019Q2,2019,Q2,2019-07-31,2019-06-29,43792000.0,397879000.0,52634000.0,1.75,141808000.0,0.35640986330014907,2621585000.0,1509811000.0,1039549000.0,266411000.0,1111643000.0,254305000.0,916014000.0,4376753400.0,4614904400.0,61.02712206952304,3.9020498402843726,0.2719469328669488,0.47219950046727704,0.01913487159423078,61.02712206952304,0.029004954924821715,11.000212124791709,24.986032837047862,2.898875024754754,0.24317226890756302,1.0069444171369026,0.002433082019197152,0.1517703984421638,2.704610545360364,0.016704398293398842,115.17772105263158,0.35640986330014907,0.18243243243243246,0.6261224604714815,0.6437833693857553,0.8944543743833926,-0.08645347488855104,0.1839195436481116,-0.13249715689021477,0.4686418421590433,0.3324336303297328,0.77461489786194,Electronic Components,Technology,LFUS
2019Q1,2019,Q1,2019-05-01,2019-03-30,36989000.0,405500000.0,60673000.0,1.48,155228000.0,0.38280641183723796,2625018000.0,1505257000.0,1030145000.0,269550000.0,1119630000.0,261659000.0,882871000.0,4510358160.0,4740204160.0,60.89966419872962,3.821721387497681,0.26912577361374285,0.46932849340677374,0.02165488136916725,60.89966419872962,0.02457321241488995,11.12295477188656,30.484455919327367,2.9964040426319225,0.2872475600854308,0.9564815274842448,0.002355688755324921,0.15447513121814785,2.6508069003895383,0.01409095099538365,267.78828949712045,0.38280641183723796,0.1472868217054263,0.3257429061727265,0.7838106599908456,0.9395478589765097,0.005773080985116984,0.13237410071942446,0.17519563027814364,0.7408095611003374,0.6778246876954531,0.7673560346251084,Electronic Components,Technology,LFUS
2018Q4,2018,Q4,2019-02-22,2018-12-29,32665000.0,402281000.0,51628000.0,1.29,154337000.0,0.38365470902180315,2614306000.0,1478211000.0,1032517000.0,295275000.0,1135964000.0,258228000.0,856507000.0,4205454840.0,4410451840.0,59.06229023493687,3.496797900262467,0.2657416538079322,0.4699802666872321,0.019516287183559296,59.06229023493687,0.022097657235672037,10.454023033650607,32.18624552273075,2.844962485057952,0.32863921628654524,0.9601747293089827,0.0025526370888338916,0.15387678412550024,2.4474100414867497,0.01249471178966808,69.04941860274198,0.38365470902180315,-0.38571428571428573,0.43903804154441367,0.8204475878072384,0.9298338648607084,-0.14063387418287915,-0.3899637694692414,-0.3227160623392979,0.3016521438116364,0.63661826342897,0.7783261830554068,Electronic Components,Technology,LFUS
2018Q3,2018,Q3,2018-10-31,2018-09-29,53546000.0,439191000.0,76228000.0,2.1,179594000.0,0.4089200370681549,2663486000.0,1519266000.0,1052634000.0,303886000.0,1144090000.0,247255000.0,834577000.0,4968820010.0,5171318010.0,60.506830220239756,3.46391080865851,0.26308116505962487,0.4612181145368882,0.02695453904892279,60.506830220239756,0.03524465103543421,11.313574299109044,23.19883842864079,3.270539859379463,0.20169573824375303,1.0499160785423955,0.002173554280143869,0.16489330148534664,2.4676819596822495,0.020103728722433684,51.99142000627812,0.4089200370681549,0.25748502994011985,0.7720879802150804,0.9513361354522141,1.0553099793106049,0.06276814192807731,0.26508529036526013,0.278521351179095,3.25246675466355,0.8327353600443037,0.8624731742403989,Electronic Components,Technology,LFUS
2018Q2,2018,Q2,2018-08-01,2018-06-30,42326000.0,459183000.0,59622000.0,1.67,168987000.0,0.3680166730911205,2587994000.0,1469890000.0,958201000.0,267163000.0,1117974000.0,239201000.0,791831000.0,5705412720.0,5994863720.0,58.786194208926574,3.586578231267054,0.2695516295632834,0.47459197627033317,0.022253889770344277,58.786194208926574,0.028795352033145337,12.425139258204245,33.699219864858485,3.8815235970038575,0.21877805604120398,1.2131889080731268,0.00162302018354248,0.17742815477933874,2.5026856263779043,0.016354751981650654,115.86711723969863,0.3680166730911205,0.15172413793103448,0.4163157131124407,1.1806517386497157,1.1053885124300078,0.12941860542830982,0.1747758749895917,0.5869154401000772,0.33909583530921755,0.8768773455230773,0.738798503021907,Electronic Components,Technology,LFUS
2018Q1,2018,Q1,2018-05-02,2018-03-31,36029000.0,417813000.0,37571000.0,1.45,149623000.0,0.3581099678564334,2627510000.0,1441837000.0,973062000.0,264378000.0,1185536000.0,263969000.0,758766000.0,5066893020.0,5407983020.0,59.23977977731213,3.680571000612759,0.286791677291428,0.522630505389999,0.013810573556331899,59.23977977731213,0.024988261502513806,12.127178953263781,35.158435010685835,3.514192672264618,0.25529434622109964,1.0159905140376333,0.0018153136377053408,0.15901480869720763,2.4865911687054143,0.013712221837404996,98.65637999182228,0.3581099678564334,4.020833333333333,1.2108428282202413,1.2191436787529577,1.1795868538681151,0.18163223401566844,4.330159903872817,-0.2601220953131154,0.6731562815926875,0.8446821218180119,0.8212300922671654,Electronic Components,Technology,LFUS
2017Q4,2017,Q4,2018-02-23,2017-12-30,-10819000.0,304849000.0,50780000.0,-0.48,126624000.0,0.4153662961006925,1740102000.0,927419000.0,792340000.0,224794000.0,812546000.0,140789000.0,722140000.0,4493283480.0,4559218480.0,40.83028088403628,3.5247382047563547,0.28481721186459186,0.5343981522914669,-0.008828688936762844,40.83028088403628,-0.011665708811227719,14.739374181972059,-103.82853036324983,4.844933606061553,-0.7766891579628431,1.2659014553693826,0.001870124606516035,0.17519030493614743,2.7243164853154442,-0.006217451620652122,63.8295827828681,0.4153662961006925,-1.2566844919786095,-2.063805414785769,0.8576547125627997,0.5277252769340813,-0.05257723473823615,-1.252733133993646,-0.13358016686856966,-1.5508214115479195,0.4656006180884247,0.2662897171309052,Electronic Components,Technology,LFUS
2017Q3,2017,Q3,2017-11-01,2017-09-30,42808000.0,317889000.0,58609000.0,1.87,133651000.0,0.4204329184086269,1702192000.0,933107000.0,759364000.0,226156000.0,768948000.0,136505000.0,741363000.0,4449022440.0,4577841440.0,41.082507814907764,3.357699994693928,0.2947064725953359,0.537609298826394,0.031494801931011965,41.082507814907764,0.04587683941927346,13.995521833092683,25.982424079611285,4.767965988895164,0.19631844515043917,1.3496794989194536,0.001888954284528176,0.18675272824687228,2.5221616936981555,0.02514874937727354,65.85778165938865,0.4204329184086269,-0.11374407582938378,0.7217709336181016,0.776801136798149,0.5514356220995765,0.007865287162162162,-0.11986512603314281,-0.027559316409490626,0.41865069460013676,0.4494491229143055,0.25493441749950035,Electronic Components,Technology,LFUS
2017Q2,2017,Q2,2017-08-02,2017-07-01,48638000.0,313355000.0,60270000.0,2.11,132608000.0,0.4231877582933095,1622191000.0,895289000.0,704852000.0,202192000.0,726759000.0,125240000.0,706959000.0,3765630000.0,3925429000.0,39.22920865831215,3.4860528606473054,0.296939139719059,0.5380296194859984,0.03711611606887761,39.22920865831215,0.05432659174858621,12.017137112859217,19.355390846663102,4.206049666643955,0.15401537892183068,1.4432050463110828,0.001989308561913943,0.19316775891371607,2.5765312178523385,0.029982905835379433,68.80502110398508,0.4231877582933095,0.24852071005917156,0.9663208977991087,0.7004001696685241,0.5627931720554448,0.1668103827540695,0.25062353757938854,0.23372635716040285,0.9578534064437199,0.4033829232543447,0.2177855259449097,Electronic Components,Technology,LFUS
2017Q1,2017,Q1,2017-05-03,2017-04-01,38891000.0,285441000.0,48852000.0,1.69,113650000.0,0.3981558360571887,1544046000.0,855618000.0,634225000.0,177172000.0,688285000.0,118311000.0,665812000.0,3637632680.0,3830176680.0,37.612889045190784,3.5797134987469805,0.30473379679102824,0.549921810901594,0.030206954766482844,37.612889045190784,0.04545369545755232,12.743903924103405,23.383512123627572,4.251468155181401,0.1921267131212877,1.452028974482508,0.0020540831516831434,0.18486560633556254,2.769043641207414,0.025187721091211014,344.2771796327844,0.3981558360571887,0.42016806722689076,1.0650681940583466,0.6885023185201172,0.5353330672655361,-0.006008553661544382,0.42745457882180216,0.1918610324973163,0.5145665812041305,0.36435312059604785,0.19790477299614728,Electronic Components,Technology,LFUS
2016Q4,2016,Q4,2017-02-27,2016-12-31,27245000.0,284518000.0,40988000.0,1.19,114337000.0,0.40186209659845773,1491194000.0,814788000.0,612081000.0,187541000.0,676263000.0,114063000.0,634391000.0,3443964840.0,3622982840.0,35.90639873083025,3.2637183335910547,0.30454924040735143,0.5573744335949965,0.027718016251648808,35.90639873083025,0.033438145873527836,12.104558727391588,31.601806202973027,4.226823222727876,0.273848412552762,1.4919912679834828,0.0021663984235100377,0.19079878272042403,2.542958606384737,0.01827059389992181,50.3569890775102,0.40186209659845773,-0.11851851851851862,0.6968799206766589,0.83448792687672,0.5435967004694192,0.005080916674724637,-0.11547951431725213,0.4890648841095691,0.32382261515154526,0.42007662005934365,0.17322548719858052,Electronic Components,Technology,LFUS
2016Q3,2016,Q3,2016-11-04,2016-10-01,30802000.0,280331000.0,27526000.0,1.35,113759000.0,0.4058024264173424,1458103000.0,803233000.0,555169000.0,187904000.0,654727000.0,121616000.0,0.0,2908272180.0,3154234180.0,35.575914607139694,2.9545352946185286,0.3020746819669118,0.5483539645407995,0.022400899772322635,35.575914607139694,0.03834752805225881,10.374422307914573,23.604572592688786,3.620708038638851,0.24056879423414065,1.369655308512038,0.002547904577486967,0.19225733710169995,2.1482565565395095,0.02112470792529746,57.64091130710534,0.4058024264173424,0.1250000000000001,0.20347505651410133,0.5699706683168185,0.576546334056621,0.16239552040545235,0.13442840306423098,-0.07326105986128881,0.13365552954771,0.38514018625866736,0.208450881479119,Electronic Components,Technology,LFUS
2016Q2,2016,Q2,2016-08-05,2016-07-02,27152000.0,271912000.0,29702000.0,1.2,97866000.0,0.3599179146194357,1341798000.0,774714000.0,519877000.0,178788000.0,566941000.0,124700000.0,0.0,2625863680.0,2814384680.0,34.38893821022727,2.9077846387900754,0.2742454527432594,0.4749907707876713,0.020749092376890783,34.38893821022727,0.03504777246829152,9.657034923063344,24.177442545668825,3.3894620208231685,0.23983500294637597,1.3957177225340818,0.0024799459505833905,0.2026474923945333,2.1305904199386982,0.020235534707906854,178.55730178158575,0.3599179146194357,0.4117647058823529,0.058444292818365266,0.5165440328442967,0.4451426685183812,0.1228959899030463,0.40764166105033955,-0.08406315529789071,0.008420169686962829,0.4332294978130421,0.23161698825340418,Electronic Components,Technology,LFUS
2016Q1,2016,Q1,2016-05-06,2016-04-02,19289000.0,219398000.0,32428000.0,0.85,87155000.0,0.39724610069371646,1403110000.0,773170000.0,605788000.0,232683000.0,629797000.0,133162000.0,0.0,2768849200.0,2873348200.0,34.45806221588377,2.603490585904428,0.26894755222327543,0.48807248082569166,0.02007845320158383,34.45806221588377,0.024947941591111914,12.620211670115498,35.88637565451812,3.5811648149824746,0.3360982943646638,0.9930986317417883,0.002341405953058043,0.15636550234835472,1.9709304074642324,0.013747318456856554,7843.765439093484,0.39724610069371646,-0.15000000000000002,-0.12839041269638848,0.2797459862865105,0.5298223061966277,0.05379295335284018,-0.14129902506343767,0.08621960206337509,0.2839081655291241,0.26402226610969903,0.2678024749219885,Electronic Components,Technology,LFUS
2015Q4,2015,Q4,2016-03-01,2016-01-02,22463000.0,220020000.0,29854000.0,1.0,82706000.0,0.37590219070993547,1064981000.0,744055000.0,583435000.0,209833000.0,320783000.0,98629000.0,562717000.0,2397345030.0,2240033030.0,33.212292996473685,2.78047304284836,0.1610113232067051,0.2304587698490031,0.024267296028095367,33.212292996473685,0.030189972515472646,10.896032315244069,26.68104249209812,3.2219997580824002,0.2883408271379602,1.3922274381774122,0.0027017387647367552,0.20659523503236207,2.2677414896608257,0.021092395075592896,55.44276202590194,0.37590219070993547,1.0,0.13184127600061146,0.5215585095066003,0.6220201124423357,-0.040333248242092314,0.9836630166019075,2.4778657968313142,1.2393927891269696,0.3593453997451603,0.24268700623834114,Electronic Components,Technology,LFUS
2015Q3,2015,Q3,2015-10-30,2015-09-26,11324000.0,215510000.0,8584000.0,0.5,86182000.0,0.39989791656999674,1091877000.0,733597000.0,613774000.0,232087000.0,358137000.0,99203000.0,0.0,2011741290.0,1884118290.0,32.487356627253,2.6445858665069566,0.19142907122322386,0.284920739861259,0.008157822518412223,32.487356627253,0.015436268141772663,9.334793234652684,44.41322169728012,2.742297596636846,0.5800070646414694,1.3036702519077044,0.0032648333225789683,0.19737571173309815,2.0951324287874806,0.010371131546868374,46.79447535530692,0.39989791656999674,-0.6031746031746031,-0.5279548125372744,0.282596342810624,0.6442094153027795,0.010565073111244005,-0.605215451122577,-0.7626828121976169,-0.5418774970689271,0.21160785511186062,0.2268492119919583,Electronic Components,Technology,LFUS
2015Q2,2015,Q2,2015-07-31,2015-06-27,28684000.0,222021000.0,36171000.0,1.26,85281000.0,0.3841123137000554,1099291000.0,767149000.0,603122000.0,203686000.0,331999000.0,97735000.0,0.0,2218272160.0,2097368160.0,33.80851438896479,2.961038068399399,0.17375835879671533,0.24898813659406452,0.028709461802654518,33.80851438896479,0.037390389611405346,9.991271816629958,19.333706596011712,2.891579289029902,0.19735741179751778,1.3990893743285415,0.0025519862269740607,0.20196744992909066,2.293490961578115,0.02609318187813782,90.08211817258884,0.3841123137000554,0.4318181818181818,0.37264600606937953,0.36784029405046303,0.7972406992895237,0.11726712956897681,0.434558639659915,0.2241437660755381,0.16632199421729382,0.21173772904030316,0.34684632322342895,Electronic Components,Technology,LFUS
2015Q1,2015,Q1,2015-05-01,2015-03-28,19995000.0,210313000.0,29548000.0,0.88,76330000.0,0.36293524413612094,1059015000.0,735118000.0,566862000.0,190072000.0,323754000.0,96159000.0,0.0,2222936000.0,2131042000.0,32.52734513274336,2.982354055305358,0.190494941053715,0.27442805100677714,0.023882209343729158,32.52734513274336,0.02719971487570703,10.569655703641715,27.793648412103025,3.023917248659399,0.28182045511377846,1.3933485165195145,0.0025349357786279047,0.19859303220445415,2.2814144113809505,0.018880752397274825,202.98931604419687,0.36293524413612094,0.023255813953488393,0.24951806267402055,0.4079144930701693,0.7798728362630598,0.010203946584788046,0.024806519399313207,0.11962411428138381,0.06866473043948002,0.25223606050575925,0.3277445535400846,Electronic Components,Technology,LFUS
2014Q4,2014,Q4,2015-02-24,2014-12-27,19511000.0,206620000.0,26391000.0,0.86,75559000.0,0.36569063982189526,1070826000.0,727522000.0,571505000.0,204466000.0,343161000.0,97391000.0,523302000.0,2228321880.0,2137676880.0,32.244027833178215,2.795110189469154,0.19323961129072323,0.28442576306970785,0.021978156302653522,32.244027833178215,0.026818432982095387,10.784637885974252,28.552122905027936,3.062892778500169,0.28865768028291733,1.34571983037447,0.0025274625046539504,0.1929538505788989,2.138394647520859,0.018220513883674846,61.13198211297358,0.36569063982189526,-0.3484848484848485,0.6230828930442778,0.5748260293325868,0.8743753892920729,-0.1352826733806363,-0.3483299933199733,-0.3423623224520309,0.22213662386114538,0.3398414198377667,0.38615335239405557,Electronic Components,Technology,LFUS
2014Q3,2014,Q3,2014-10-31,2014-09-27,29940000.0,217608000.0,40130000.0,1.32,87380000.0,0.40154773721554354,1133815000.0,737756000.0,645634000.0,280312000.0,395916000.0,99822000.0,0.0,1975280400.0000002,1873504400.0000002,32.73677671281505,2.3032692143040614,0.24386694478376103,0.3747851593209679,0.02875253588722665,32.73677671281505,0.04058252321905888,9.077241645527739,16.49365731462926,2.6774169237525687,0.1877755511022044,1.3046021919015849,0.0028461781932327176,0.19192549049007113,1.8301749479151803,0.026406424328483925,35.895914807007344,0.40154773721554354,0.2222222222222222,2.585972545689122,0.8039715736731552,0.9954176877048658,0.05283450810289776,0.21816258442509562,0.19013019365936118,0.17197570164919124,0.22096693929362332,0.4507299639476018,Electronic Components,Technology,LFUS
2014Q2,2014,Q2,2014-08-01,2014-06-28,24578000.0,220908000.0,33719000.0,1.08,82995000.0,0.37569938616980825,1128899000.0,727350000.0,629400000.0,283670000.0,401406000.0,96674000.0,0.0,2104362800.0,2053206800.0,32.213561273749946,2.2187753375400994,0.26153801181505165,0.4059256204028322,0.025677392655904942,32.213561273749946,0.033791159689283014,9.525969181740814,21.404943445357638,2.8931914484086065,0.20249816909431198,1.4265779837391646,0.002365086476533419,0.19568446778675505,1.7559981668840554,0.02177165539166923,86.61711463264047,0.37569938616980825,-0.03571428571428574,10.15311838708178,1.0965521523264359,1.0824928500201985,0.057341962442989274,-0.031942967426838394,0.0038404286990175646,-0.0440599562367635,0.22929475311135894,0.35372577126508825,Electronic Components,Technology,LFUS
2014Q1,2014,Q1,2014-05-02,2014-03-29,25389000.0,206859000.0,33590000.0,1.12,78494000.0,0.3794565380283188,1095666000.0,706224000.0,597521000.0,268199000.0,389299000.0,99121000.0,0.0,2051270400.0,2016964400.0,31.39889738573715,2.227901670028598,0.2605721086535495,0.4042626702009561,0.02543278475514416,31.39889738573715,0.0359503500305852,9.916273403622757,20.198416637126314,2.904560592673146,0.1947300011816141,1.2950333430857235,0.0024102136900137593,0.18879749850775693,1.7256813038079932,0.023172207588809,403.31702713330714,0.3794565380283188,0.07692307692307698,4.149883627687926,1.3668366100115759,1.107594430500702,0.01796158684459661,0.2474941037735849,0.023367760411906285,0.14449513254809115,0.20370926014182095,0.39400565562092477,Electronic Components,Technology,LFUS
2013Q4,2013,Q4,2014-02-25,2013-12-28,20352000.0,198129000.0,32823000.0,1.04,77109000.0,0.3891858334721318,1024373000.0,686773000.0,565599000.0,208738000.0,337457000.0,92591000.0,445059000.0,2079514800.0,1994072800.0,30.604857397504457,2.7096120495549445,0.21452146825423943,0.3199747223609548,0.021457590628445475,30.604857397504457,0.029634245958999553,10.495761852126645,25.544354363207546,3.0279507202525435,0.24238404088050314,1.3070384810618743,0.002372187973848515,0.19341489867460387,2.107737929845069,0.01986776301210594,94.82079248552277,0.3891858334721318,-0.12605042016806717,3.133426082923931,0.8094320759356574,0.9901393000043353,-0.047566699604743086,-0.24594294183030752,-0.12609494395484439,0.02378365326572503,0.36791109077398226,0.4946783181291498,Electronic Components,Technology,LFUS
2013Q3,2013,Q3,2013-11-01,2013-09-28,26990000.0,201040000.0,37559000.0,1.19,80960000.0,0.4027059291683247,1006931000.0,660264000.0,557272000.0,221265000.0,346524000.0,91978000.0,0.0,1757458080.0,1693022080.0,29.439272338148744,2.518572752129799,0.22692716779997835,0.346073691735427,0.031228571335935165,29.439272338148744,0.04087758835859596,8.74183286908078,16.278789181178215,2.6617505724982733,0.18243793997776955,1.3055295831611906,0.0028017737982120173,0.1996561829956571,1.9472849298352655,0.026804219951516044,48.922920691479,0.4027059291683247,0.00847457627118645,5.549029668817402,0.37535524319503055,0.7240072302762591,0.1006430387318678,0.012833983788652057,0.19683257918552036,0.1327634343191744,0.20464108024514208,0.48994358985308784,Electronic Components,Technology,LFUS
2013Q2,2013,Q2,2013-08-02,2013-06-29,26648000.0,187766000.0,31382000.0,1.18,73557000.0,0.3917482398304272,959815000.0,622544000.0,516060000.0,211797000.0,337128000.0,83470000.0,0.0,1663504560.0,1638832560.0,27.921779691424472,2.436578421790677,0.24275511426681184,0.37427073427741653,0.02761445217769731,27.921779691424472,0.04280500655375363,8.85945570550579,15.606279645752027,2.672107610064509,0.16717952566796757,1.3682640469629808,0.0026780810267210808,0.19562728234086776,1.8758858718489875,0.027763683626532195,119.09396907216495,0.3917482398304272,0.7878787878787877,1.8355899895772352,0.21899603576029056,0.63162816986124,0.13854750332786428,0.8012707854535622,0.11612191912366183,0.2978070730020989,0.17729411565123196,0.4843053522163447,Electronic Components,Technology,LFUS
2013Q1,2013,Q1,2013-05-03,2013-03-30,14794000.0,170918000.0,28117000.0,0.66,64606000.0,0.3779941258381212,787814000.0,600528000.0,465886000.0,155631000.0,187143000.0,71372000.0,0.0,1499145749.9999998,1346250749.9999998,27.179361846571624,2.9935295667315636,0.11931750387781888,0.1565289212159966,0.03332486711139268,27.179361846571624,0.024634987877334612,8.771140254390993,25.333678349330807,2.496379436096235,0.2980938218196566,1.489547721795662,0.0029416752840742805,0.21695222476371326,2.3278331437824082,0.018778544174132474,141.5356637084592,0.3779941258381212,0.5000000000000001,2.546796377158063,0.26018456907305665,0.635308321387596,0.08751493931691552,0.5033025099075297,0.5604084577390532,-0.05437013936917626,0.17034093793984312,0.48723505285343294,Electronic Components,Technology,LFUS
2012Q4,2012,Q4,2013-02-27,2012-12-29,9841000.0,158794000.0,18019000.0,0.44,59407000.0,0.3741136314974117,777728000.0,587415000.0,445465000.0,155420000.0,190170000.0,75580000.0,435340000.0,1318080630.0,1166676630.0,26.726193184403293,2.866201261098958,0.10800691244239631,0.14299941268098362,0.02331653313970635,26.726193184403293,0.016753062145161427,8.300569479955161,33.4844179961386,2.243866142335487,0.4453815669139315,1.314990738290553,0.0033252897434658452,0.20417678159973668,2.1616458628233173,0.012653524111257405,43.37646460657518,0.3741136314974117,-0.5925925925925927,0.25783904379923517,0.19373147729254683,0.6863907711980664,-0.1344629640421936,-0.5899241603466956,-0.4174452814328667,-0.15959366461208432,0.242462329712176,0.5536185185513572,Electronic Components,Technology,LFUS
2012Q3,2012,Q3,2012-11-02,2012-09-29,23998000.0,172688000.0,30931000.0,1.08,68636000.0,0.39745668488835356,763347000.0,580528000.0,429742000.0,160520000.0,182819000.0,81073000.0,0.0,1239526420.0,1120662420.0,26.480317474798156,2.677186643408921,0.11598132959191561,0.15250599454289887,0.03579637337009985,26.480317474798156,0.041338230025080615,7.1778376030760676,12.912809609134095,2.135170775569826,0.18230685890490875,1.283435915779606,0.0035295738190074238,0.22622477064821112,1.9721966110142037,0.03143786508625828,33.1211634245404,0.39745668488835356,0.009345794392523372,0.7122755815265788,0.25608802567942396,0.6778844795632712,-0.013311865673787412,0.01669208608710388,-0.03629735792622134,1.954656942702967,0.4716137676131738,0.6140652553789194,Electronic Components,Technology,LFUS
2012Q2,2012,Q2,2012-08-03,2012-06-30,23604000.0,175853000.0,32096000.0,1.07,69562000.0,0.3955690264027341,725370000.0,546671000.0,403096000.0,156453000.0,178699000.0,80829000.0,0.0,1238950420.0,1155374420.0,25.10198365322803,2.5764670540034387,0.11751519913974937,0.15592925178032124,0.03696625848725588,25.10198365322803,0.04317770651818004,7.045375512501919,13.122250677851213,2.2663547545049947,0.16598881545500763,1.3150107016046222,0.0031623541481183726,0.24243213808125508,1.854659226732629,0.03254063443484015,58.41350400754361,0.3955690264027341,0.32098765432098764,1.8827564517934703,0.393890753569012,0.6862532875882584,0.1429463376162466,0.31947006540332046,0.24287484510532836,10.113702668668669,0.7303370940386502,0.6227544987945393,Electronic Components,Technology,LFUS
2012Q1,2012,Q1,2012-05-03,2012-03-31,17889000.0,160578000.0,25824000.0,0.81,60862000.0,0.3790182964042397,716584000.0,529357000.0,416698000.0,164413000.0,187227000.0,77729000.0,0.0,1354821600.0,1272629600.0,24.49819511292114,2.534458953975659,0.13466669643754256,0.18229663535194585,0.029175206719392218,24.49819511292114,0.033793829117212015,8.437155774763665,18.933724635250712,2.5593722195040396,0.21734026496729833,1.2828673982683425,0.0028697505265637925,0.22408817389168612,1.8532536964838546,0.02496427494892434,293.25142857142856,0.3790182964042397,0.1571428571428573,1.9494418485333593,0.2495063872692343,0.7176093710659938,0.13705488921271905,0.17397296233101456,0.4250869157331273,3.3101941577060456,0.9124646021454612,0.6443972201637215,Electronic Components,Technology,LFUS
2011Q4,2011,Q4,2012-02-24,2011-12-31,15238000.0,147193000.0,18121000.0,0.7,53526000.0,0.36364501029260904,678424000.0,500960000.0,378382000.0,149277000.0,177321000.0,75575000.0,376572000.0,925617279.9999999,846601279.9999999,23.26151560178306,2.534764230256503,0.12529037887810573,0.16967422548706484,0.025260788687760313,23.26151560178306,0.030417598211434048,6.288459913175218,15.186003412521327,1.8476870009581603,0.25429846436540227,1.239391333112802,0.004186395483022962,0.21696313809652962,1.8093946153794624,0.022460879921700882,29.27038168421718,0.36364501029260904,-0.3750000000000001,2.4128620482675567,0.1976142631111638,0.7158972864174025,-0.21826758773787444,-0.38898913348570513,-0.3872658416176371,2.6643945525636537,0.400680892458305,0.512624475765317,Electronic Components,Technology,LFUS
2011Q3,2011,Q3,2011-11-03,2011-10-01,24939000.0,173987000.0,29574000.0,1.12,68471000.0,0.393540896733664,687060000.0,496446000.0,388243000.0,171513000.0,190614000.0,82412000.0,0.0,884620000.0,814196000.0,22.565727272727273,2.2636359926069742,0.13535935726137455,0.187331552676424,0.04028891546476131,22.565727272727273,0.05023507088384235,5.084402857684769,8.86783752355748,1.7819057863292282,0.1611933116805004,1.280347522205504,0.0045443241165698265,0.253234069804675,1.5982053838484547,0.03629813990044538,24.530530752592757,0.393540896733664,0.009009009009009016,1.7064482954545455,0.23182559193147056,0.6284628092501432,-0.02175900791496414,-0.013059479995251097,-0.16199597631124082,5.169088139418255,0.21343656679486459,0.3214822882769116,Electronic Components,Technology,LFUS
2011Q2,2011,Q2,2011-08-09,2011-07-02,25269000.0,176615000.0,35291000.0,1.11,69994000.0,0.3963083543300399,696489000.0,528062000.0,393715000.0,148626000.0,168427000.0,79865000.0,0.0,1343443140.0,1249519140.0,23.79622369429048,2.6490317979357583,0.10050409984938742,0.13256019179566036,0.042871013121094516,23.79622369429048,0.04785233552120774,7.606619709537695,13.29141576635403,2.544101147213774,0.13174245122482092,1.3350153383835222,0.0024779612183661154,0.25357902278427946,1.8989544225101933,0.03628054427277387,50.8745082743212,0.3963083543300399,0.15625000000000014,55.625840910042086,0.28827080734246563,0.7938495182031792,0.08177364264408142,0.1710538511446844,0.1414386441555081,1.701574525795878,0.15202792555393269,0.3905485017435525,Electronic Components,Technology,LFUS
2011Q1,2011,Q1,2011-05-05,2011-04-02,21578000.0,167160000.0,30918000.0,0.96,64703000.0,0.3870722660923666,657024000.0,492785000.0,352410000.0,107389000.0,164239000.0,77061000.0,0.0,1271111800.0,1214578800.0,22.524225249108692,3.281621022637328,0.1141510812390415,0.152196191036659,0.03838872727887229,22.524225249108692,0.04378785880252037,7.604162479061976,14.726941792566503,2.5794449912233532,0.15219204745574197,1.3295571041123266,0.002583565033382587,0.2544199298655757,2.2555196528508508,0.0328420270796805,139.63658134680875,0.3870722660923666,0.08244632870286844,1.342525130556603,0.3538286397364025,0.7114335798221803,0.19918081399658982,0.10215548064153641,0.27150847178812304,4.22454192385578,0.24470119210014826,0.3552214062495456,Electronic Components,Technology,LFUS
2010Q4,2010,Q4,2011-02-25,2011-01-01,19578000.0,142646000.0,24316000.0,0.88688,53956000.0,0.3782510550593778,621129000.0,452517000.0,318956000.0,109848000.0,168469000.0,80182000.0,304056000.0,1040026000.0,1004306000.0,20.475882352941177,2.903612264219649,0.11913789245068254,0.16352976794241983,0.037379212395165326,20.475882352941177,0.043264672929414806,7.290958035977174,13.28054448871182,2.298313654514637,0.0,1.106108602928338,0.0,0.22965599738540626,1.8887280605928192,0.03152002241080355,46.336645132546224,0.3782510550593778,-0.14723076923076925,6.448266806722689,0.6121445235386732,0.6701975023152268,-0.19771608701470567,-0.16111063501585396,-0.2870880731793128,1.4886843626339423,0.06646795509349997,0.29200364578253335,Electronic Components,Technology,LFUS
2010Q3,2010,Q3,2010-11-04,2010-10-02,23338000.0,163465000.0,34108000.0,1.04,67253000.0,0.41142140519377235,599098000.0,434058000.0,324494000.0,98791000.0,165040000.0,66030000.0,0.0,961978720.0,900551720.0,19.758648943918427,3.284651435859542,0.0959776196882647,0.13247077579493985,0.047876253256000804,19.758648943918427,0.05376700809569228,5.8849216651882665,10.304853886365583,2.2162446493325776,0.0,1.4570952597304256,0.0,0.2728518539537772,2.2960897247724996,0.038955229361473415,23.92386769460333,0.41142140519377235,0.15555555555555556,2.7686528463555424,0.27420539445117076,0.5731517789179387,0.13252951181314518,0.15090245586349738,0.23997527901988586,0.661773058916433,0.18656670678644355,0.25197631907895596,Electronic Components,Technology,LFUS
2010Q2,2010,Q2,2010-08-05,2010-07-03,20278000.0,157508000.0,27507000.0,0.9,59383000.0,0.37701577062752367,566028000.0,414207000.0,292197000.0,84847000.0,151821000.0,60675000.0,0.0,689635080.0,656841080.0,18.81134474771788,3.443810623828774,0.09697046789204775,0.13251345341821844,0.041634115162388935,18.81134474771788,0.048956198229387723,4.3784130329888,8.502257125949304,1.664952741020794,0.0,1.6172229089410795,0.0,0.2782689195587497,2.2960151802656545,0.03582508285809183,48.00132804343286,0.37701577062752367,0.30434782608695665,3.8508471920746934,0.29492055021182223,0.531198051649253,0.1145457957957958,0.310879824164458,0.27094210599269974,1.4494459888652378,0.23481522192800597,0.26367271857880514,Electronic Components,Technology,LFUS
2010Q1,2010,Q1,2010-05-06,2010-04-03,15469000.0,144402000.0,21643000.0,0.69,53280000.0,0.3689699588648357,550795000.0,399256000.0,268215000.0,81222000.0,151539000.0,57311000.0,0.0,833026110.0,814858110.0,18.275094978715615,3.302245696978651,0.10705797982915603,0.1476922075059611,0.03461759404871126,18.275094978715615,0.0387445648906967,5.768798977853493,13.462830661322645,2.086446064680305,0.0,1.5899565528432587,0.0,0.2621701358944798,2.097695205732437,0.02808485915812598,180.5431534460338,0.3689699588648357,0.29743146177278024,2.586401127347037,0.22125744133083328,0.5121693298841921,0.18250216392569413,0.3197679378892586,0.25539443155452435,1.5225441489533087,0.11134373832518489,0.28129742815246017,Electronic Components,Technology,LFUS
2009Q4,2009,Q4,2010-02-26,2010-01-02,11721000.0,127928000.0,17240000.0,0.53182,45057000.0,0.3522059283346883,533127000.0,378456000.0,241785000.0,75624000.0,154528000.0,52567000.0,228641000.0,707300000.0,700129000.0,17.202545454545454,3.1971993018089497,0.11851397509411453,0.16694939438138118,0.0290357744036976,17.202545454545454,0.030970575179148963,5.528891251328872,15.08617012200324,1.868909463715729,0.0,1.576483345064394,0.0,0.23995783368690762,1.9818443880249657,0.021985380594117348,26.49758363615929,0.3522059283346883,0.4373513513513513,1.5159938239060031,0.06799577306670165,0.45220759602063204,0.2305276381909548,0.4545793000744602,0.7221056837478773,1.5697909325816304,0.01891457520857684,0.26895433514503864,Electronic Components,Technology,LFUS
2009Q3,2009,Q3,2009-10-29,2009-09-26,8058000.0,116420000.0,10011000.0,0.37,36616000.0,0.3145164061157877,529606000.0,356830000.0,221692000.0,78574000.0,172776000.0,54100000.0,0.0,580942500.0,601041500.0,16.405977011494254,2.8214422073459415,0.1463125417763394,0.21715662920718548,0.021044226745812744,16.405977011494254,0.022582181991424487,4.990057550249098,18.023780714817573,1.6280651851021495,0.0,1.4751201478743068,0.0,0.21982379353708228,1.7503881691144654,0.015215084421249005,194.42520080321285,0.3145164061157877,4.083333333333333,-0.26397425287356335,-0.11987709336774008,0.4680390686144372,0.4407806720705123,4.118421052631579,3.896701388888889,-0.1154724137931035,-0.16627382344960245,0.18394249339885194,Electronic Components,Technology,LFUS
2009Q2,2009,Q2,2009-07-30,2009-06-27,-2584000.0,101396000.0,-3456000.0,-0.12,25414000.0,0.2506410509290307,509798000.0,336105000.0,202638000.0,65242000.0,173693000.0,55380000.0,0.0,448683199.99999994,473972199.99999994,15.46875,3.105944023788357,0.14441210047901326,0.2190416685262046,-0.005652436524577108,15.46875,-0.00768807366745511,4.425058187699712,-43.40975232198142,1.3349494949494949,0.0,1.3720115565185989,0.0,0.19889446408185202,1.7917905643603813,-0.005068674259216395,-69.113247073321,0.2506410509290307,0.6666666666666666,-1.25500329177046,-0.19613148908841027,0.43280606619950057,0.3907190543942213,0.6680369989722508,0.6578217821782179,-6.91393081008033,-0.24463384214157688,0.1660929940477598,Electronic Components,Technology,LFUS
2009Q1,2009,Q1,2009-05-06,2009-03-28,-7784000.0,84403000.0,-10100000.0,-0.36,18274000.0,0.21650889186403327,511151000.0,323599000.0,200850000.0,58073000.0,187552000.0,61528000.0,0.0,230242600.0,250479600.0,14.897978914414622,3.458577996659377,0.15737228333701783,0.2485823503780914,-0.01967250374893687,14.897978914414622,-0.02405446246743655,2.7278959278698625,-7.3947392086330925,0.7115059070021847,0.0,1.074778962423612,0.0,0.1651234175419788,1.9397999070135863,-0.015228376741902099,-25.26251920122888,0.21650889186403327,0.15086328898952736,-1.8219290916106856,-0.23161897370285975,0.4695278517650193,-0.16274168422981766,0.1562059620596206,0.22947818126335062,-1.8511452887424684,-0.3114792700929438,0.13197684287147304,Electronic Components,Technology,LFUS
2008Q4,2008,Q4,2009-02-25,2008-12-27,-9225000.0,105887000.0,-13108000.0,-0.42396,21826000.0,0.2061253978297619,538928000.0,333708000.0,229403000.0,72900000.0,205220000.0,66679000.0,219230000.0,337218000.0,346281000.0,15.378248847926267,3.14681755829904,0.14844283466437075,0.23973054286981432,-0.022795709609139795,15.378248847926267,-0.027643928224675464,3.1846968938585474,-9.13869918699187,1.0105181775684131,0.0,1.2606817738718337,0.0,0.19647708042632783,1.825281207133059,-0.01711731437223525,-229.4,0.2061253978297619,-3.3553333333333337,-3.2417194185037723,0.05762712063574517,0.6015838660293991,-0.392033426183844,-3.313189568706118,-7.5181501740427645,-4.574257323897301,0.21876383369557711,0.25438857154300293,Electronic Components,Technology,LFUS
2008Q3,2008,Q3,2008-11-03,2008-09-27,3988000.0,141448000.0,2011000.0,0.18,35900000.0,0.2538035179005712,518422000.0,370602000.0,244878000.0,109083000.0,147677000.0,64598000.0,0.0,735948729.9999999,706101729.9999999,17.07607243238262,2.2448777536371387,0.07236768501336749,0.10123258913875262,0.004001386220748998,17.07607243238262,0.01076087015180706,5.202963138397148,46.13520122868605,1.9858196393975205,0.0,1.6339205548159386,0.0,0.2728433592710186,1.4460273369819312,0.007692574774990259,551.6857046476761,0.2538035179005712,-0.5714285714285714,-0.01545533813461167,0.5019651600725548,0.843201609943247,-0.2436054106443049,-0.5637238814134121,-0.8488424533974744,-0.3481489080251314,0.11604632361021405,0.35956936125446026,Electronic Components,Technology,LFUS
2008Q2,2008,Q2,2008-08-04,2008-06-28,9141000.0,149826000.0,13304000.0,0.42,47462000.0,0.3167807990602432,515583000.0,371126000.0,239391000.0,100333000.0,144314000.0,63874000.0,0.0,713285430.0,682045430.0,17.112832572508875,2.3859647374243766,0.04658415812778932,0.06471656526354931,0.023870777824657467,17.112832572508875,0.024630448958035817,4.7607586800688795,19.507861010830325,1.9219494996308533,0.0,1.602592604189498,0.0,0.2905953066722526,1.4905365134103437,0.017729444143813895,379.60906333155935,0.3167807990602432,1.2105263157894737,1.3848332039519264,1.0680130979366718,0.9029493575837785,0.23338790571970583,1.2230058365758756,1.1157760814249365,1.2201601144971999,0.2506212483696868,0.3929432608162864,Electronic Components,Technology,LFUS
2008Q1,2008,Q1,2008-05-06,2008-03-29,4112000.0,133708000.0,6288000.0,0.19,38481000.0,0.2877987854129895,510624000.0,362024000.0,238587000.0,104144000.0,148457000.0,64064000.0,0.0,731439560.0,706303560.0,16.62032871178037,2.2909337071746814,0.055418468383781415,0.07816608843612578,0.011743201389783225,16.62032871178037,0.011358362981459792,5.470424806294313,44.46981760700389,2.0204173203986473,0.0,1.4864354395604396,0.0,0.26185216519395876,1.3887789983100323,0.0080528921476468,-58.721865767501605,0.2877987854129895,-0.4636707502963925,0.2751856726682671,0.9101866285631964,0.9060925671068956,-0.09787603150787696,-0.4819853867472915,-0.3698767411564285,-0.043810910583810675,0.13418908184574058,0.37524600336245506,Electronic Components,Technology,LFUS
2007Q4,2007,Q4,2007-12-29,2007-12-29,7938000.0,134966000.0,9979000.0,0.35426,42656000.0,0.3160499681401242,491365000.0,353414000.0,235170000.0,96587000.0,137808000.0,58845000.0,217074000.0,740137000.0,688503000.0,15.848161434977579,2.434799714247259,0.027085771269829962,0.03765838365203416,0.020960998762949084,15.848161434977579,0.022460909867747174,5.4838774209800984,23.30993323255228,2.094249237438245,0.0,1.5686974254397146,0.0,0.27467564844870923,1.5586983755577872,0.016154996794643495,51.46988873435327,0.3160499681401242,-0.44646874999999997,2.069139507785742,0.9133729620745994,0.8688970250874151,-0.07848516926267579,-0.4446620959843291,-0.5066495278588026,0.681023625265176,0.1115938061186078,0.3378729606992225,Electronic Components,Technology,LFUS
2007Q3,2007,Q3,2007-11-01,2007-09-29,14294000.0,140215000.0,20227000.0,0.64,46289000.0,0.3301287308775809,487225000.0,352869000.0,237747000.0,86299000.0,134213000.0,59990000.0,0.0,797992710.0,748196710.0,15.781966993157118,2.7549218415045367,0.016255323515829444,0.02244458991863836,0.040422090331328875,15.781966993157118,0.04050795054255262,5.691207859358842,13.956777494053448,2.261441809850114,0.0,1.5656942823803968,0.0,0.2877828518651547,1.7136003893440248,0.02933757504233157,372.7196216721158,0.3301287308775809,0.7297297297297298,2.822521190363468,0.8342087383959,0.8534301461808408,0.12158658622277144,0.7053209257933667,0.7419049259386841,0.27006634166703936,0.031138710116416644,0.4122014256941823,Electronic Components,Technology,LFUS
2007Q2,2007,Q2,2007-08-06,2007-06-30,8382000.0,129149000.0,11612000.0,0.37,41271000.0,0.31956112707028317,464102000.0,331874000.0,225830000.0,64908000.0,132085000.0,65381000.0,0.0,752868380.0000001,712185380.0000001,14.886247420830717,3.4792321439576015,0.018437757217163467,0.025783881834672194,0.02425205896262703,14.886247420830717,0.025256573277810255,5.82945574491479,22.45491469816273,2.2685367940845023,0.0,1.344090790902556,0.0,0.27827718906619664,2.058035989400382,0.01806068493563915,106.91115876171544,0.31956112707028317,0.3214285714285713,1.0470820492046713,0.7179087336131631,0.7701145535947106,-0.0012100384792236394,0.34737180517601673,0.22347487093035506,-0.19381875659947834,-0.00210005726889265,0.3788512715967949,Electronic Components,Technology,LFUS
2007Q1,2007,Q1,2007-05-03,2007-03-31,6221000.0,131814000.0,9491000.0,0.28,41321000.0,0.3134796000424841,470426000.0,316110000.0,232932000.0,86693000.0,154173000.0,65772000.0,0.0,899817800.0,869923800.0,14.2629607905067,2.6868605308387066,0.062037387389302465,0.09232229287273418,0.01825113610909348,14.2629607905067,0.019679858277181994,6.826420562307494,36.16049670470986,2.846533801524786,0.0,1.3758590281578786,0.0,0.2802013494152109,1.6532476670550103,0.01322418403744691,-218.19054316197867,0.3134796000424841,0.3634592910011689,11.033859131644657,0.9977432935696708,0.7599029510091092,0.08485389482527764,0.33957795004306635,0.758243793997777,-0.3562118248129391,0.17606562777565402,0.40689003862142825,Electronic Components,Technology,LFUS
