Quarters,Year,Quarter,FillingDate,Date,NetIncome,Revenue,OperatingIncome,EPSDiluted,GrossProfit,GrossProfitRatio,TotalAssets,CommonStockEquity,CurrentAssets,CurrentLiability,TotalLiability,Inventory,RetainedEarnings,MarketCap,EnterpriseValue,bookValuePerShare,currentRatio,debtToAssets,debtToEquity,roic,shareholdersEquityPerShare,roe,priceToSalesRatio,peRatio,pbRatio,payoutRatio,inventoryTurnover,dividendYield,assetTurnover,quickRatio,returnOnAssets,priceToFreeCashFlowsRatio,grossProfitMargin,epsdilutedGrowth,fiveYNetIncomeGrowthPerShare,fiveYRevenueGrowthPerShare,fiveYShareholdersEquityGrowthPerShare,grossProfitGrowth,netIncomeGrowth,operatingIncomeGrowth,threeYNetIncomeGrowthPerShare,threeYRevenueGrowthPerShare,threeYShareholdersEquityGrowthPerShare,Industry,Sector,Symbol
2023Q1,2023,Q1,2023-04-27,2023-03-31,1787000000.0,4763000000.0,2757000000.0,1.0,3329000000.0,0.6989292463,36826000000.0,-3876000000.0,7152000000.0,9146000000.0,40652000000.0,1252000000.0,29898000000.0,79648464096.31999,101122464096.31999,-2.1713804774798,0.7819811939645747,0.6893770705479824,-6.549793601651187,0.09238983501578758,-2.1713804774798,-0.4610423116615067,16.722331324022672,11.142762184711808,-20.549139343735806,0.9418019026301063,1.145367412140575,0.021130350962759618,0.12933796774018358,0.6187404329761644,0.04852549828925216,27.193057048931372,0.6989292462733572,-0.3333333333333333,0.0010982748339529724,0.08217086179948452,-1.2671556856143134,-0.05156695156695157,-0.33568773234200744,-0.021646557842441447,0.1984797645885855,-0.017503062227352595,-1.6166017006201234,Tobacco,Consumer Defensive,MO
2022Q4,2022,Q4,2023-02-27,2022-12-31,2690000000.0,5083000000.0,2818000000.0,1.5,3510000000.0,0.6905370844,36954000000.0,-3973000000.0,7220000000.0,8616000000.0,40877000000.0,1180000000.0,29792000000.0,82232290000.0,104882290000.0,-2.208449138410228,0.8379758588672238,0.7219786761920225,-6.7153284671532845,0.12346015604499096,-2.208449138410228,-0.6770702240120815,16.177904780641352,7.642406133828996,-20.69778253209162,0.6286245353159852,1.333050847457627,0.020563698274728818,0.1375493857227905,0.6730501392757661,0.07279320235969043,32.1094455290902,0.690537084398977,11.5,-0.4297118124200651,0.1352181938629462,-1.2720168217564525,-0.050581552610224505,11.008928571428571,3.1563421828908553,2.5357621073374403,0.0932215614929299,-1.659475693042976,Tobacco,Consumer Defensive,MO
2022Q3,2022,Q3,2022-10-27,2022-09-30,224000000.0,5412000000.0,678000000.0,0.12,3697000000.0,0.6831116038,33953000000.0,-4232000000.0,4020000000.0,8097000000.0,38185000000.0,1106000000.0,28785000000.0,72643620000.0,96451620000.0,-2.3524180100055587,0.4964801778436458,0.7743351102995317,-6.212429111531191,0.016915992436188274,-2.3524180100055587,-0.052930056710775046,13.422694013303769,81.07546875,-17.165316635160682,7.272321428571429,1.5506329113924051,0.02242454327028306,0.1593968132418343,0.3130789181178214,0.00659735516743734,24.118067729083666,0.6831116038433112,-0.7551020408163265,-0.8722167311004625,0.12453000273320772,-1.3702844393523461,0.00845608292416803,-0.7485970819304153,-0.641079936474325,1.0894582460341216,0.03835464146748188,-1.416720421307765,Tobacco,Consumer Defensive,MO
2022Q2,2022,Q2,2022-07-28,2022-06-30,891000000.0,5374000000.0,1889000000.0,0.49,3666000000.0,0.6821734276,36746000000.0,-2403000000.0,4086000000.0,8311000000.0,39149000000.0,1144000000.0,30252000000.0,75561930000.0,100674930000.0,-1.328358208955224,0.4916375887378174,0.7532792684918086,-11.51893466500208,0.041486719669427234,-1.328358208955224,-0.3707865168539326,14.060649423148492,21.201439393939395,-31.44483146067416,1.8338945005611673,1.493006993006993,0.02162464616771964,0.14624721058074347,0.3140416315726146,0.024247537146900342,-136.8875543478261,0.6821734276144399,-0.5462962962962963,-0.5218084336012248,0.13193124337249995,-1.2065670782770799,0.0868662911354877,-0.5451761102603369,-0.34500693481276007,-0.5385547213830647,0.06975020696419486,-1.1717387894597808,Tobacco,Consumer Defensive,MO
2022Q1,2022,Q1,2022-04-28,2022-03-31,1959000000.0,4819000000.0,2884000000.0,1.08,3373000000.0,0.6999377464,40235000000.0,-1760000000.0,6762000000.0,10928000000.0,41995000000.0,1214000000.0,30988000000.0,94990500000.0,117559500000.0,-0.9680968096809681,0.6187774524158126,0.6939729091586927,-15.864772727272728,0.08079040624972383,-0.9680968096809681,-1.1130681818181818,19.711662170574808,12.122320061255742,-53.971875,0.8397141398672793,1.1911037891268534,0.017317521225806792,0.11977134335777308,0.4940519765739385,0.04868895240462284,31.35,0.6999377464204192,0.21348314606741578,0.4913522401490685,0.12001231720469936,-1.1531109065229526,0.017496229260935144,0.2062807881773399,0.10965756060023085,0.8029850306459217,0.13179312918760544,-1.1288595369942562,Tobacco,Consumer Defensive,MO
2021Q4,2021,Q4,2022-02-25,2021-12-31,1624000000.0,5086000000.0,2599000000.0,0.89,3315000000.0,0.6517892253,39523000000.0,-1606000000.0,6083000000.0,8579000000.0,41129000000.0,1194000000.0,30664000000.0,86400292537.02,109900292537.02,-0.8808805822895773,0.7090569996503089,0.7095615211395896,-17.462017434620176,0.07002108873060175,-0.8808805822895773,-1.0112079701120797,16.987867191706645,13.30053764424569,-53.79843869054795,1.021551724137931,1.483249581239531,0.01920132387617978,0.12868456341876883,0.535143956172048,0.04108999822887938,33.28208495262712,0.65178922532442,1.6013513513513515,-0.8319218597061929,0.14284979892861224,-1.1337531283523485,-0.09746800980125238,1.5966201322556943,-0.11928159945781092,0.3294827845193353,0.08745267943108843,-1.1111404559657883,Tobacco,Consumer Defensive,MO
2021Q3,2021,Q3,2021-10-28,2021-09-30,-2722000000.0,5531000000.0,2951000000.0,-1.48,3673000000.0,0.6640752124389803,39564000000.0,-1267000000.0,6020000000.0,8112000000.0,40829000000.0,1133000000.0,30685000000.0,83847840000.0,109017840000.0,-0.6878393051031487,0.7421104536489151,0.7109240723890405,-22.199684293606946,0.09050134555965313,-0.6878393051031487,2.1483820047355957,15.159616705839811,-7.700940484937546,-66.17824782951855,-0.5844966936076414,1.6398940864960283,0.018974847771868662,0.1397988069962592,0.3689595660749507,-0.06879991911839045,27.81945587259456,0.6640752124389803,-2.275862068965517,-3.639113974726147,0.12869219882356453,-1.4560673653401313,-0.015809217577706324,-2.2666356444858073,-0.07376020087884495,-2.432108803394015,0.06842617008197885,-1.0835937402548876,Tobacco,Consumer Defensive,MO
2021Q2,2021,Q2,2021-07-29,2021-06-30,2149000000.0,5614000000.0,3186000000.0,1.16,3732000000.0,0.6647666547915925,44388000000.0,3257000000.0,4184000000.0,5783000000.0,41129000000.0,1794000000.0,35065000000.0,88160320000.0,114524320000.0,1.7614926987560844,0.7234999135396852,0.636230512751194,8.67086275713847,0.07475797543366862,1.7614926987560844,0.6598096407737182,15.703655147844675,10.255970218706375,27.06795210316242,0.7422056770590972,1.0490523968784837,0.018092039593322708,0.126475624042534,0.34739754452706206,0.04841398576191763,-227.21731958762888,0.6647666547915925,0.5064935064935063,0.37388761996560016,0.21548960445182685,0.09616456476732128,0.14058679706601468,0.5091292134831461,0.18438661710037174,0.1715429074207115,0.17678251767406178,-0.7891249244525351,Tobacco,Consumer Defensive,MO
2021Q1,2021,Q1,2021-04-29,2021-03-31,1424000000.0,4880000000.0,2690000000.0,0.77,3272000000.0,0.6704918032786885,48776000000.0,2913000000.0,8029000000.0,10004000000.0,45781000000.0,1948000000.0,34507000000.0,95004120000.0,118892120000.0,1.568659127625202,0.802578968412635,0.6084959816303099,10.188808788190869,0.06054696808897952,1.568659127625202,0.4888431170614487,19.46805737704918,16.679094101123592,32.613841400617915,1.1242977528089888,0.8254620123203286,0.0168519007386206,0.10004920452681647,0.5931627349060375,0.029194685911103822,31.520942269409424,0.6704918032786885,-0.2524271844660194,0.23247000290711958,0.13469349909239067,0.1177767772804718,0.040050858232676415,-0.2598752598752599,0.042231693142192946,-0.2331717824448034,0.06578845712559339,-0.8070001047341735,Tobacco,Consumer Defensive,MO
2020Q4,2020,Q4,2021-02-26,2020-12-31,1924000000.0,5055000000.0,2581000000.0,1.03,3146000000.0,0.6223541048466864,47414000000.0,2839000000.0,7117000000.0,9063000000.0,44489000000.0,1966000000.0,34679000000.0,76219000000.0,100745000000.0,1.5271651425497579,0.785280812093126,0.6215674695237694,10.38076787601268,0.06042264948317113,1.5271651425497579,0.6777034166960197,15.077942631058358,9.903716216216216,26.847129270870024,0.8316008316008316,0.9710071210579858,0.020992141067187973,0.10661408022946808,0.5607414763323403,0.04057873202007846,30.832928802588995,0.6223541048466864,3.0106859171948788,0.6171328671328672,0.12036345874305593,0.03318952515166455,-0.15361850955071293,3.0210084033613445,-0.18322784810126583,-0.6052710881546967,0.09252696978293401,-0.8118975886070597,Tobacco,Consumer Defensive,MO
2020Q3,2020,Q3,2020-10-30,2020-09-30,-952000000.0,5678000000.0,3160000000.0,-0.512263,3717000000.0,0.6546319126452976,46651000000.0,3139000000.0,6399000000.0,8290000000.0,43419000000.0,1862000000.0,34356000000.0,71809316535.6,96941316535.6,1.689069968238301,0.7718938480096502,0.6271033847077233,9.319847085058935,0.2878295553893916,1.689069968238301,-0.303281299776999,12.646938452905953,-18.857488586029415,22.876494595603695,-1.6428571428571428,1.0531686358754029,0.021779903715204354,0.12171228912563503,0.5155609167671894,-0.020406850871363957,85.28422391401426,0.6546319126452976,-1.4925605769230768,-1.6564212111761685,0.20173720787959865,0.14554866567737912,0.13081837541831456,-1.489963973237262,0.1301859799713877,-1.525715052119923,0.14207897138754255,-0.7341304463935273,Tobacco,Consumer Defensive,MO
2020Q2,2020,Q2,2020-07-30,2020-06-30,1943000000.0,5062000000.0,2796000000.0,1.04,3287000000.0,0.6493480837613591,50200000000.0,5688000000.0,7004000000.0,9400000000.0,44414000000.0,1914000000.0,36908000000.0,72941710238.5,97157710238.5,3.06071792490221,0.7451063829787234,0.5785258964143426,5.105836849507735,0.060827334677032344,3.06071792490221,0.34159634317862164,14.409662235973924,9.385191744531653,12.823788719848805,0.804426145136387,0.9273772204806687,0.021428069000430695,0.10083665338645419,0.5282978723404256,0.038705179282868526,41.37363031111742,0.6493480837613591,0.2530120481927712,0.41666433658224417,0.09625160714585755,1.1608954907010205,0.14410024364775495,0.25193298969072164,0.1969178082191781,0.015077718988827525,0.037879209147173895,-0.5240413655631292,Tobacco,Consumer Defensive,MO
2020Q1,2020,Q1,2020-04-30,2020-03-31,1552000000.0,5046000000.0,2336000000.0,0.83,2873000000.0,0.5693618707887436,52618000000.0,6543000000.0,7935000000.0,11154000000.0,45981000000.0,2006000000.0,36528000000.0,71848860000.0,96203860000.0,3.5215285252960173,0.7114039806347499,0.5695959557565852,4.5806205104692035,0.04704078049031959,3.5215285252960173,0.23720006113403638,14.238775267538644,11.57359213917526,10.981027051811095,1.0070876288659794,1.0832502492522433,0.0217539986020655,0.09589874187540386,0.5166756320602475,0.029495609867345774,23.350295742606434,0.5693618707887436,1.83,0.6131759650298922,0.24983823369335167,1.7332511175412433,-0.06841763942931259,1.8579325594250968,-0.03749484960857025,0.1560741251251413,0.147522706636195,-0.44304699750824,Tobacco,Consumer Defensive,MO
2019Q4,2019,Q4,2020-02-25,2019-12-31,-1809000000.0,4802000000.0,2427000000.0,-1.0,3084000000.0,0.6422324031653478,49271000000.0,6222000000.0,4824000000.0,8174000000.0,42952000000.0,2293000000.0,36539000000.0,92731859360.14,118656859360.14,3.3487953562320456,0.5901639344262295,0.5691380325140549,4.506910961105754,0.10506124443000327,3.3487953562320456,-0.2907425265188042,19.311091078746355,-12.81534817027916,14.903866820980392,-0.8684355997788834,0.7492368076755342,0.016941318882637234,0.09746098110450366,0.2917788108637142,-0.03671530920825638,37.43716566820347,0.6422324031653478,0.2805755395683453,-2.545455909067632,0.09919621541156873,1.179833296733622,-0.1181012296253932,0.30423076923076925,-0.17561141304347827,-1.1837176503258175,0.05881982018218271,-0.4915180739440927,Tobacco,Consumer Defensive,MO
2019Q3,2019,Q3,2019-10-31,2019-09-30,-2600000000.0,5412000000.0,2944000000.0,-1.39,3497000000.0,0.6461566888396156,52913000000.0,10545000000.0,4291000000.0,7662000000.0,42276000000.0,2188000000.0,39910000000.0,76401200000.0,102700200000.0,5.645074946466809,0.5600365439832942,0.5273373273108688,2.6460881934566145,0.09362670095964006,5.645074946466809,-0.24656235182550973,14.1169992609017,-7.34626923076923,7.245253674727359,-0.5757692307692308,0.8752285191956124,0.019593933079585138,0.1022811029425661,0.2328373792743409,-0.04913726305444787,27.276401285255265,0.6461566888396156,-2.2990654205607477,-2.9603703593966273,0.19936441485711043,1.5866980132790733,0.05363061163000904,-2.302605210420842,0.08354803091645197,-3.4857424411918556,0.08903642731052473,2.7429301275486453,Tobacco,Consumer Defensive,MO
2019Q2,2019,Q2,2019-07-30,2019-06-30,1996000000.0,5193000000.0,2717000000.0,1.07,3319000000.0,0.6391295975351434,57501000000.0,14464000000.0,4483000000.0,7952000000.0,43035000000.0,2235000000.0,44081000000.0,89180300000.0,116624300000.0,7.73475935828877,0.5637575452716298,0.5085128954279056,2.021570796460177,0.04773161880387462,7.73475935828877,0.13799778761061948,17.17317542846139,11.169877254509018,6.1656733960176995,0.751002004008016,0.8384787472035794,0.016808644958583904,0.09031147284395054,0.2562877263581489,0.034712439783655936,1438.391935483871,0.6391295975351434,0.7903395286889363,0.6746527454087816,0.20290321335272227,2.4846014856454524,0.1807186054784774,0.7821428571428571,0.21403038427167115,0.2617422220496845,0.11171244605569765,3.8132865560816103,Tobacco,Consumer Defensive,MO
2019Q1,2019,Q1,2019-04-25,2019-03-31,1120000000.0,4389000000.0,2238000000.0,0.597652,2811000000.0,0.6404647983595352,59233000000.0,14079000000.0,6262000000.0,10119000000.0,45152000000.0,2356000000.0,43582000000.0,108186020000.0,134002020000.0,7.512806830309499,0.6188358533451922,0.49242820724933734,2.0717380495773847,0.03826577444052886,7.512806830309499,0.0795511044818524,24.64935520619731,24.148665178571427,7.684211946871226,1.3410714285714285,0.669779286926995,0.013883494373857178,0.07409720932588253,0.3471686925585532,0.018908378775344823,48.06131497112394,0.6404647983595352,-0.09446666666666677,0.012969629137809678,0.16373510795058768,2.635952808787903,-0.037987679671457907,-0.104,0.28325688073394495,-0.039435110393579394,0.011268879826415138,4.353388036460976,Tobacco,Consumer Defensive,MO
2018Q4,2018,Q4,2019-02-26,2018-12-31,1250000000.0,4786000000.0,1744000000.0,0.66,2922000000.0,0.6105307145842039,55638000000.0,14787000000.0,4299000000.0,21193000000.0,40849000000.0,2331000000.0,43962000000.0,92145522398.38,116558522398.38,7.925831999112307,0.20284999764073042,0.46274129192278657,1.7411239602353419,0.03147740567464847,7.925831999112307,0.08453371204436329,19.253138821224404,18.429104479676003,6.231522445281666,1.2048,0.7996567996567997,0.016343713300457415,0.08602034580682268,0.07747841268343321,0.022466659477335633,53.60414333820826,0.6105307145842039,-0.3592233009708738,1.7916666658963494,0.18440096848941068,2.9125657673107748,-0.10230414746543778,-0.3566649511065363,-0.31795072350410636,0.04687499988274991,0.05695050210196406,4.36214871033694,Tobacco,Consumer Defensive,MO
2018Q3,2018,Q3,2018-10-25,2018-09-30,1943000000.0,5292000000.0,2557000000.0,1.03,3255000000.0,0.6150793650793651,43953000000.0,15494000000.0,5165000000.0,8646000000.0,28457000000.0,2077000000.0,43805000000.0,113601390000.0,125111390000.0,8.228359001593203,0.5973860744853111,0.3163151548244716,0.8973150897121467,0.06483602621276617,8.228359001593203,0.1254033819543049,21.466626984126986,14.616751158003087,7.331960113592357,0.6814204837879567,0.9807414540202215,0.01165478697047633,0.12040133779264214,0.30811936155447606,0.04420631128705663,42.771607680722894,0.6150793650793651,0.04040404040404044,0.4768369379472798,0.17966324076098847,3.1296813075064605,0.03629417382999045,0.03571428571428571,0.023618895116092876,0.3222446358017313,0.10541998174869059,4.580577390065637,Tobacco,Consumer Defensive,MO
2018Q2,2018,Q2,2018-07-26,2018-06-30,1876000000.0,4879000000.0,2498000000.0,0.99,3141000000.0,0.6437794630047141,43177000000.0,15796000000.0,4131000000.0,6388000000.0,27379000000.0,2123000000.0,43369000000.0,107389890000.0,119859890000.0,8.353252247488102,0.6466812773951158,0.32193065752599764,0.8799696125601418,0.06174872918998557,8.353252247488102,0.11876424411243353,22.01063537610166,14.311019456289978,6.7985496328184345,0.7078891257995735,0.8186528497409327,0.012366154765592925,0.11299997683952104,0.2748904195366312,0.04344905852653033,107.06868394815554,0.6437794630047141,-0.010000000000000009,0.574710617918251,0.14556014558694072,3.708572028685373,0.06982288828337875,-0.009503695881731784,0.07858376511226252,0.3442243134825913,0.03839759183175359,4.897474238780733,Tobacco,Consumer Defensive,MO
2018Q1,2018,Q1,2018-04-26,2018-03-31,1894000000.0,4670000000.0,2316000000.0,1.0,2936000000.0,0.6286937901498929,43899000000.0,15394000000.0,4824000000.0,7475000000.0,28502000000.0,2257000000.0,42816000000.0,118034080000.0,129740080000.0,8.127771911298838,0.6453511705685618,0.3165675755711975,0.9027543198648824,0.06076038237333391,8.127771911298838,0.1230349486813044,25.274963597430407,15.58,7.66753800181889,0.6636747624076029,0.768276473194506,0.010649466662509675,0.10638055536572587,0.31090301003344484,0.04314449076288754,42.534803603603606,0.6286937901498929,-0.6186065243656866,0.44620938628158846,0.24308060400310333,3.561481406088981,0.022996515679442508,-0.6186065243656866,0.07073509015256588,0.9312377210216108,0.1347212170109434,5.308408834430918,Tobacco,Consumer Defensive,MO
2017Q4,2017,Q4,2018-02-27,2017-12-31,4966000000.0,4714000000.0,2163000000.0,2.6219640971488913,2870000000.0,0.6088247772592278,43202000000.0,15377000000.0,4344000000.0,6792000000.0,27822000000.0,2225000000.0,42251000000.0,135250540000.0,147891540000.0,8.118796198521647,0.6395759717314488,0.3216054812277209,0.9035572608441178,0.1681693366863336,8.118796198521647,0.32294986018078947,28.69124734832414,6.8088270237615784,8.795638941275932,0.25432944019331455,0.8287640449438203,0.009338225193038048,0.10911531873524374,0.27326266195524146,0.11494838201935095,190.76239774330043,0.6088247772592278,1.7030557702565892,3.7672074482811113,0.11914811525776456,4.139481293009457,-0.09833490417844801,1.6613076098606645,-0.17031070195627157,3.16184777345424,0.05853219186903726,4.284772701920079,Tobacco,Consumer Defensive,MO
2017Q3,2017,Q3,2017-10-26,2017-09-30,1866000000.0,5123000000.0,2607000000.0,0.97,3183000000.0,0.6213156353699004,44160000000.0,12166000000.0,5156000000.0,6662000000.0,31991000000.0,1987000000.0,38542000000.0,121449300000.0,132757300000.0,6.353002610966057,0.773941759231462,0.31453804347826086,1.1417063948709518,0.07065064852752852,6.353002610966057,0.15337826730231793,23.70667577591255,16.271342443729903,9.982681242807825,0.6296891747052519,0.9763462506290891,0.009674819039714514,0.11600996376811594,0.4097868507955569,0.042255434782608695,56.30472878998609,0.6213156353699004,-0.05825242718446607,2.0018431751254813,0.21240401805811024,2.326041718726151,0.020519397242705996,-0.06184012066365008,0.02678219771563608,0.3724120179362341,0.10745431776022729,1.9110861039016123,Tobacco,Consumer Defensive,MO
2017Q2,2017,Q2,2017-07-27,2017-06-30,1989000000.0,5068000000.0,2539000000.0,1.03,3119000000.0,0.6154301499605367,43726000000.0,12418000000.0,4611000000.0,5582000000.0,31305000000.0,1999000000.0,37939000000.0,143806631055.66998,155438631055.66998,6.4306385123646095,0.8260480114654246,0.3175913644056168,1.1182960219036882,0.06600616218285237,6.4306385123646095,0.16017071992269286,28.375420492436856,18.07524271690171,11.58049855497423,0.5942684766214178,0.9749874937468734,0.008219370632098513,0.11590358139322142,0.4252955929774275,0.04548781045602159,-185.5569432976387,0.6154301499605367,0.43055555555555564,0.7043346940232208,0.16152167498801936,2.050527560159856,0.12234616768621806,0.4197002141327623,0.1299510458388963,0.6160063392823358,0.13682343249757178,1.8970794663212576,Tobacco,Consumer Defensive,MO
2017Q1,2017,Q1,2017-05-02,2017-03-31,1401000000.0,4589000000.0,2247000000.0,0.72,2779000000.0,0.6055785574199172,46175000000.0,12260000000.0,7626000000.0,8300000000.0,33912000000.0,2122000000.0,37124000000.0,138483380000.0,147139380000.0,6.322846828261991,0.9187951807228916,0.3006821873308067,1.132463295269168,0.05762686825334665,6.322846828261991,0.11427406199021208,30.177245587273916,24.711523911491792,11.295544861337683,0.8472519628836546,0.8529688972667295,0.008571425682995315,0.09938278289117487,0.646144578313253,0.030341093665403357,52.61526595744681,0.6055785574199172,-0.864141689373297,0.5104224584673231,0.2052666415817641,2.474917711074004,-0.017326732673267328,-0.8636629038536395,0.12744606121424987,0.22463964492510943,0.17597581664108605,2.060051083971207,Tobacco,Consumer Defensive,MO
2016Q4,2016,Q4,2017-02-27,2016-12-31,10276000000.0,4733000000.0,1993000000.0,5.299638989169675,2828000000.0,0.5975068666807521,45932000000.0,12770000000.0,7260000000.0,7375000000.0,33159000000.0,2051000000.0,36906000000.0,131115180000.00002,140427180000.0,6.585869004641568,0.984406779661017,0.30220761125141515,1.0870007830853563,0.04893070916749535,6.585869004641568,0.8046985121378231,27.70234100993028,3.1898399182561312,10.267437744714174,0.11590112884390813,0.9288152120916626,0.009083616405056989,0.1030436297134895,0.64,0.22372202386136028,570.066,0.5975068666807521,8.463641052088706,11.89409773202287,0.1424045443077841,2.640124335717649,-0.10222222222222223,8.401646843549862,-0.16330814441645675,21.081829117920343,0.12698974783215503,2.2510966190602653,Tobacco,Consumer Defensive,MO
2016Q3,2016,Q3,2016-10-27,2016-09-30,1093000000.0,5193000000.0,2382000000.0,0.56,3150000000.0,0.6065857885615251,32934000000.0,2944000000.0,6403000000.0,6895000000.0,29987000000.0,1980000000.0,27816000000.0,123424960000.0,135004960000.0,1.5081967213114753,0.9286439448875997,0.42138823100746947,4.713994565217392,0.0896993121960881,1.5081967213114753,0.37126358695652173,23.767564028499905,28.23077767612077,41.924239130434785,1.011893870082342,1.0318181818181817,0.00896091033774692,0.15767899435234103,0.354459753444525,0.033187587295803726,51.62064408197407,0.6065857885615251,-0.33333333333333326,-0.01951088703478548,0.26255904177146144,-0.29897350858253663,0.06526885356780521,-0.338777979431337,-0.011618257261410789,-0.1985980142327024,0.11667563541810162,-0.24306027400644872,Tobacco,Consumer Defensive,MO
2016Q2,2016,Q2,2016-07-27,2016-06-30,1653000000.0,4881000000.0,2410000000.0,0.84,2957000000.0,0.605818479819709,31324000000.0,3140000000.0,4600000000.0,5512000000.0,28181000000.0,1970000000.0,27915000000.0,134747839999.99998,146765840000.0,1.6069600818833163,0.8345428156748912,0.4098135614864002,4.088216560509554,0.09845793027556039,1.6069600818833163,0.5264331210191083,27.606605203851668,20.37928614640048,42.913324840764325,0.6696914700544465,0.9766497461928934,0.008215345047460501,0.15582301110969224,0.17071843251088534,0.052771038181586,-80.11167657550534,0.605818479819709,0.3548387096774193,2.9554206202107935,0.2957896691367726,-0.27993759335424895,0.11332831325301204,0.3582580115036976,0.2190187152250885,0.342788907078444,0.10907995208962128,-0.09418666303953052,Tobacco,Consumer Defensive,MO
2016Q1,2016,Q1,2016-04-28,2016-03-31,1217000000.0,4530000000.0,1977000000.0,0.62,2656000000.0,0.5863134657836645,34063000000.0,2745000000.0,7498000000.0,8616000000.0,31315000000.0,2108000000.0,27367000000.0,122562960000.0,131597960000.0,1.4033742331288344,0.8702414113277623,0.37724216892229107,4.681238615664845,0.0820008319318817,1.4033742331288344,0.44335154826958106,27.05584105960265,25.177271980279375,44.649530054644806,0.9104354971240756,0.8889943074003795,0.009040251638831178,0.13298887355781933,0.4548514391829155,0.03572791592050025,46.02439354111904,0.5863134657836645,-0.03125000000000003,0.38382079167512384,0.2240531873678447,-0.46366552322749116,-0.024246877296105803,-0.024057738572574178,0.0061068702290076335,-0.10018567325935934,0.1675936806573204,-0.21239602438860883,Tobacco,Consumer Defensive,MO
2015Q4,2015,Q4,2016-02-25,2015-12-31,1247000000.0,4729000000.0,1965000000.0,0.64,2722000000.0,0.5755973778811588,32535000000.0,2880000000.0,6086000000.0,7078000000.0,29662000000.0,2031000000.0,27257000000.0,113418546875.0,123968546875.0,1.4781074578989575,0.8598474145238768,0.3970800676194867,4.485763888888889,0.07867204796238556,1.4781074578989575,0.4329861111111111,23.983621669486148,22.73828125,39.38143988715278,0.888532477947073,0.9881831610044313,0.009769125337332532,0.14535116028891962,0.35221814071771684,0.038327954510527125,68.61376096491227,0.5755973778811588,-0.1794871794871795,0.4513166485310119,0.2220391592637019,-0.4067072530313121,-0.10636900853578464,-0.18390052356020942,-0.1482444733420026,0.1636363633726202,0.09134182265512561,-0.06430640169133198,Tobacco,Consumer Defensive,MO
2015Q3,2015,Q3,2015-10-29,2015-09-30,1528000000.0,4978000000.0,2307000000.0,0.78,3046000000.0,0.6118923262354359,31999000000.0,2887000000.0,5511000000.0,6567000000.0,29118000000.0,1954000000.0,27118000000.0,106515200000.0,117529200000.0,1.4744637385086823,0.8391959798994975,0.40379386855839244,4.4755801870453755,0.09742002324088274,1.4744637385086823,0.5292691375129892,21.39718762555243,17.427225130890054,36.89476965708348,0.6681937172774869,0.9887410440122825,0.009585486390674759,0.15556736148004624,0.31125323587635145,0.04775149223413232,38.314820143884894,0.6118923262354359,0.054054054054054106,0.4351965998614585,0.18542291048581516,-0.40448843182561955,0.06095437129919889,0.055248618784530384,0.03732014388489208,1.4041181399962372,0.15221624559090666,-0.228061405395351,Tobacco,Consumer Defensive,MO
2015Q2,2015,Q2,2015-07-29,2015-06-30,1448000000.0,4875000000.0,2224000000.0,0.74,2871000000.0,0.5889230769230769,31869000000.0,2779000000.0,4633000000.0,6261000000.0,29096000000.0,1914000000.0,26698000000.0,95961420000.0,108758420000.0,1.4164118246687054,0.7399776393547357,0.4367881012896545,5.008996041741634,0.08561676062724029,1.4164118246687054,0.5210507376754228,19.684393846153846,16.567924723756907,34.530917596257645,0.7071823204419889,1.0470219435736676,0.010670955056730092,0.15296997081803634,0.20204440185273917,0.04543600363990084,-73.70308755760368,0.5889230769230769,0.423076923076923,0.47250347778619095,0.1899818035416521,-0.3486573361012522,0.16,0.4223968565815324,0.19249329758713138,0.22120118995610477,0.09967382449955266,-0.3280910908955147,Tobacco,Consumer Defensive,MO
2015Q1,2015,Q1,2015-04-23,2015-03-31,1018000000.0,4272000000.0,1865000000.0,0.52,2475000000.0,0.5793539325842697,34212000000.0,2533000000.0,7233000000.0,8895000000.0,31684000000.0,2085000000.0,26271000000.0,98339320000.0,108566320000.0,1.2884028484231944,0.8131534569983137,0.40631942008651933,5.487958941966048,0.07396091953270734,1.2884028484231944,0.40189498618239244,23.019503745318353,24.150127701375244,38.82326095538887,1.0078585461689586,0.8618705035971223,0.010433263113879576,0.12486846720448966,0.4323777403035413,0.029755641295451888,40.138497959183674,0.5793539325842697,-0.1746031746031746,0.32284882360522493,0.14229216343751136,-0.3722700642329405,-0.05786067757898744,-0.17637540453074432,-0.024581589958158997,0.08243636162135554,0.10659987947333004,-0.2919180238603682,Tobacco,Consumer Defensive,MO
2014Q4,2014,Q4,2015-02-25,2014-12-31,1236000000.0,4613000000.0,1912000000.0,0.63,2627000000.0,0.5694775634077607,34475000000.0,3014000000.0,6878000000.0,7673000000.0,31465000000.0,2040000000.0,26277000000.0,96663047623.74,108035047623.74,1.5362621358477542,0.8963899387462531,0.42619289340101524,4.87491705374917,0.06991259830623404,1.5362621358477542,0.41008626410086263,20.954486803325388,19.551587302536408,32.071349576556074,0.8317152103559871,0.9735294117647059,0.010634880911281426,0.13380710659898476,0.4489769320995699,0.03585206671501088,62.12278124919023,0.5694775634077607,-0.11267605633802812,0.8048413792227311,0.19112728504755358,-0.21582294024188117,-0.017576664173522813,-0.1152469577666428,-0.04352176088044022,0.5327990429877932,0.10044099244498329,-0.1508811999145837,Tobacco,Consumer Defensive,MO
2014Q3,2014,Q3,2014-10-30,2014-09-30,1397000000.0,4753000000.0,1999000000.0,0.71,2674000000.0,0.5625920471281296,34082000000.0,4294000000.0,5662000000.0,7367000000.0,29791000000.0,1890000000.0,26066000000.0,90391802825.95999,102143802825.95999,2.182347888113437,0.768562508483779,0.41056862860160787,3.25873311597578,0.07223734113479914,2.182347888113437,0.3253376804843968,19.017841957912896,16.176056339649246,21.050722595705633,0.6814602720114531,1.1,0.010531928451886028,0.13945777829939557,0.31858286955341386,0.040989378557596386,40.26360927659688,0.5625920471281296,0.10937499999999992,0.6511627907755723,-0.21351700484045721,0.20299671731139837,0.02727621974644641,0.10697305863708399,0.012151898734177215,0.24325660686602968,0.14641786189996564,0.014379398548314118,Tobacco,Consumer Defensive,MO
2014Q2,2014,Q2,2014-07-22,2014-06-30,1262000000.0,4571000000.0,1975000000.0,0.64,2603000000.0,0.5694596368409538,33282000000.0,4395000000.0,4475000000.0,5046000000.0,28889000000.0,1850000000.0,25698000000.0,83041200000.0,95841200000.0,2.2196969696969697,0.8868410622275069,0.4204374737095127,3.183845278725825,0.06969030322111269,2.2196969696969697,0.2871444823663254,18.166965653029973,16.450316957210777,18.89447098976109,0.7567353407290016,1.0637837837837838,0.011500315506037967,0.13734150591911543,0.25723345223939753,0.03791839432726399,-59.35754110078628,0.5694596368409538,0.08474576271186449,0.30076272946294635,-0.2917824514087143,0.3686191308160879,0.15381205673758866,0.07404255319148936,0.1389850057670127,1.98015288015288,0.1975572819650782,-0.005376449581068581,Tobacco,Consumer Defensive,MO
2014Q1,2014,Q1,2014-04-24,2014-03-31,1175000000.0,4008000000.0,1734000000.0,0.59,2256000000.0,0.562874251497006,35406000000.0,4115000000.0,6977000000.0,7584000000.0,31293000000.0,1970000000.0,25388000000.0,74542796620.31999,84914796620.31999,2.0662553188675736,0.9199630801687764,0.3951872563972208,3.4002430133657353,0.06230497300377765,2.0662553188675736,0.28554070473876064,18.59850215077844,15.860169493685106,18.11489589801215,0.814468085106383,0.8893401015228426,0.012838262627500168,0.11320115234705982,0.4922204641350211,0.033186465570807205,35.53040830329837,0.562874251497006,1.4583333333333333,1.064499150822442,0.0880953582943781,0.5329561598941933,-0.06312292358803986,1.4077868852459017,-0.03613118399110617,0.3122305227668843,0.06368441338627417,-0.21032897771501502,Tobacco,Consumer Defensive,MO
2013Q4,2013,Q4,2014-02-26,2013-12-31,488000000.0,4404000000.0,1799000000.0,0.24,2408000000.0,0.5467756584922797,34859000000.0,4119000000.0,6590000000.0,7058000000.0,30741000000.0,1879000000.0,25168000000.0,78059666653.87,89401666653.87,2.025737705250121,0.9336922640974781,0.41644912361226655,3.5243991260014567,0.0660706765201617,2.025737705250121,0.11847535809662539,17.724719948653497,39.98958332677766,18.951120819099298,1.9672131147540983,1.0622671633847791,0.012298284647522327,0.12633753119710836,0.4661377160668745,0.0139992541380992,57.48134510594256,0.5467756584922797,-0.6571428571428571,-0.27151693655215237,2.556910979617781,0.47632440258857817,-0.14640198511166252,-0.6504297994269341,-0.15619136960600374,-0.45575625671165026,0.09053854001773372,-0.1868957284781872,Tobacco,Consumer Defensive,MO
2013Q3,2013,Q3,2013-10-24,2013-09-30,1396000000.0,4760000000.0,2132000000.0,0.7,2821000000.0,0.5926470588235294,35950000000.0,3981000000.0,7549000000.0,8337000000.0,31969000000.0,1718000000.0,25636000000.0,68631300000.0,79296300000.0,1.9924924924924925,0.9054815881012355,0.41379694019471486,3.736749560411957,0.0745202085794266,1.9924924924924925,0.3506656618939965,14.418340336134454,12.29070558739255,17.239713639789,0.6325214899713467,1.1286379511059372,0.012865849838193359,0.13240611961057025,0.5161329015233297,0.0388317107093185,29.11807382265592,0.5926470588235294,0.11111111111111104,0.6585027934508904,-0.06396660119455085,-0.01853768560326728,0.10454189506656225,0.10268562401263823,0.06546726636681659,0.2849631240435839,0.11081716103011777,-0.19526516808070202,Tobacco,Consumer Defensive,MO
2013Q2,2013,Q2,2013-07-24,2013-06-30,1266000000.0,4526000000.0,2001000000.0,0.63,2554000000.0,0.5642951833848873,34440000000.0,3565000000.0,5860000000.0,7070000000.0,30874000000.0,1701000000.0,25201000000.0,71096952397.8,83399952397.8,1.7740521322810303,0.8288543140028288,0.4318815331010453,4.172230014025246,0.0699522916372353,1.7740521322810303,0.3551192145862553,15.708562173619091,14.03968254300948,19.943044150855542,0.6974723538704581,1.1593180482069372,0.01241966034014312,0.13141695702671313,0.3797736916548798,0.0367595818815331,-56.92310039855885,0.5642951833848873,-0.08695652173913036,0.4056451609572312,-0.07529276255649739,-0.06427092666925832,-0.04487658937920718,-0.08592057761732852,-0.07016728624535316,0.25697696707257955,0.07866378197728477,-0.18419500486346774,Tobacco,Consumer Defensive,MO
2013Q1,2013,Q1,2013-04-25,2013-03-31,1385000000.0,3973000000.0,2152000000.0,0.69,2674000000.0,0.6730430405235338,36006000000.0,3569000000.0,7116000000.0,9498000000.0,32436000000.0,1816000000.0,24817000000.0,68702899999.99999,78805900000.0,1.781827259111333,0.7492103600758054,0.3854357607065489,3.88848416923508,0.07956814528765528,1.781827259111333,0.3880638834407397,17.29244903095897,12.40124548736462,19.24990193331465,0.6397111913357401,0.7153083700440529,0.012896107733443567,0.11034272065766816,0.40924405137923775,0.03846581125367994,38.64055118110236,0.6730430405235338,0.25454545454545435,-0.4039113744247117,0.16431207773425882,-0.19934445897752773,0.12211498111624003,0.2556663644605621,0.21926345609065157,0.7665046096292215,0.04271850892352948,-0.1318660058235424,Tobacco,Consumer Defensive,MO
2012Q4,2012,Q4,2013-02-27,2012-12-31,1103000000.0,4460000000.0,1765000000.0,0.55,2383000000.0,0.534304932735426,35329000000.0,3168000000.0,6315000000.0,8251000000.0,32159000000.0,1746000000.0,24316000000.0,63051490894.8,74029490894.8,1.5796917501313898,0.7653617743303842,0.3928217611593875,4.380681818181818,0.06508271067900723,1.5796917501313898,0.34816919191919193,14.137105581793723,14.290909087669991,19.90261707537879,0.8087035358114234,1.1895761741122566,0.014147167455378366,0.12624189759121401,0.37486365289055873,0.031220810099351806,36.3199832343318,0.534304932735426,0.7187500000000001,-0.46822007184016434,-0.49154087847726596,-0.8198843843447009,-0.04066022544283414,0.6788432267884322,-0.10360589131538853,0.5756551727709225,0.1266127857848392,-0.19365451830353975,Tobacco,Consumer Defensive,MO
2012Q3,2012,Q3,2012-10-30,2012-09-30,657000000.0,4466000000.0,1969000000.0,0.32,2484000000.0,0.5562024182713838,35038000000.0,3866000000.0,5934000000.0,6348000000.0,31137000000.0,1624000000.0,24098000000.0,68087360000.0,79779360000.0,1.9100790513833992,0.9347826086956522,0.39608425138421144,3.589756854630109,0.0698996898037239,1.9100790513833992,0.16994309363683394,15.245714285714286,25.908432267884322,17.611836523538543,1.269406392694064,1.2204433497536946,0.012248969559107594,0.12746161310577087,0.3752362948960302,0.018751070266567728,31.42010152284264,0.5562024182713838,-0.4666666666666666,-0.7403162055335969,-0.5335390012741522,-0.7666111425352983,-0.00400962309542903,-0.4636734693877551,0.049014384656366546,-0.24510524853291113,-0.2815975732004832,0.0529113351427588,Tobacco,Consumer Defensive,MO
2012Q2,2012,Q2,2012-07-26,2012-06-30,1225000000.0,4580000000.0,1877000000.0,0.6,2494000000.0,0.5445414847161572,34547000000.0,4273000000.0,5143000000.0,6081000000.0,30239000000.0,1684000000.0,24334000000.0,70032850000.0,82193850000.0,2.1080414405525407,0.8457490544318369,0.39624279966422554,3.2036040252749824,0.07089929197512033,2.1080414405525407,0.28668382869178566,15.291015283842794,14.292418367346938,16.38962087526328,0.6824489795918367,1.2387173396674585,0.011937255159542987,0.1325730164703158,0.2933728005262292,0.035458939994789704,-36.00660668380463,0.5445414847161572,0.25,-0.42443677013812403,-0.51347736204296,-0.725309555172507,0.13260672116257946,0.2589928057553957,0.1431181485992692,0.23334977811915383,-0.30684177326878925,0.2997746464857242,Tobacco,Consumer Defensive,MO
2012Q1,2012,Q1,2012-04-26,2012-03-31,973000000.0,3994000000.0,1642000000.0,0.48,2202000000.0,0.5513269904857286,37815000000.0,3701000000.0,7893000000.0,8781000000.0,34079000000.0,1830000000.0,23720000000.0,62789580000.0,72322580000.0,1.819567354965585,0.8988725657669969,0.3619992066640222,3.6987300729532557,0.06016547835717672,1.819567354965585,0.2629019184004323,15.720976464697046,16.13298561151079,16.965571467171035,0.8612538540596094,0.9792349726775956,0.013346163487636006,0.10561946317598836,0.5010818813346999,0.025730530212878487,34.480823723228994,0.5513269904857286,0.1678468899521531,-0.6348337799780102,-0.5438641281160408,-0.7367537930867533,-0.07245155855096883,0.1638755980861244,0.21091445427728614,0.6738810343014258,0.0616520721707881,0.3499381996342947,Tobacco,Consumer Defensive,MO
2011Q4,2011,Q4,2012-02-16,2011-12-31,836000000.0,4346000000.0,1356000000.0,0.4110127826941986,2374000000.0,0.5462494247583985,36962000000.0,3680000000.0,7131000000.0,7643000000.0,33247000000.0,1779000000.0,23583000000.0,60308100000.0,70727100000.0,1.809242871189774,0.9330105979327489,0.3703533358584492,3.719836956521739,0.05523642820861119,1.809242871189774,0.22717391304347825,13.87669121030833,18.034718899521533,16.388070652173912,1.0083732057416268,1.108487914558741,0.013978221830898339,0.11758021752069693,0.462907235378778,0.022617823710838158,59.18361138370952,0.5462494247583985,-0.27892494264175677,-0.7084105801449705,-0.7506038588973276,-0.9041361738643172,-0.02903885480572597,-0.2872975277067349,-0.2779552715654952,0.24756604585087383,2.508916546204562,0.31854651963299996,Tobacco,Consumer Defensive,MO
2011Q3,2011,Q3,2011-10-27,2011-09-30,1173000000.0,4328000000.0,1878000000.0,0.57,2445000000.0,0.5649260628465804,37201000000.0,4419000000.0,6575000000.0,6979000000.0,32746000000.0,1625000000.0,23585000000.0,55067740000.0,65712740000.0,2.1514118792599803,0.9421120504370254,0.36794709819628507,3.0975333785924417,0.0679104946301885,2.1514118792599803,0.2654446707399864,12.723599815157117,11.73651747655584,12.461584068793846,0.6734867860187553,1.1587692307692308,0.014345967348578317,0.11634095857638235,0.46382003152314083,0.031531410445955754,26.86231219512195,0.5649260628465804,1.7142857142857142,-0.5861733204167477,-0.7513701572819333,-0.8911845573907625,0.23985801217038538,1.6418918918918919,0.45019305019305017,0.3555759207285641,-0.17212133785277467,0.059742854838927544,Tobacco,Consumer Defensive,MO
2011Q2,2011,Q2,2011-07-28,2011-06-30,444000000.0,4002000000.0,1295000000.0,0.21,1972000000.0,0.4927536231884058,36832000000.0,4633000000.0,5657000000.0,5446000000.0,32164000000.0,1673000000.0,23256000000.0,54827160000.0,66451160000.0,2.2316955684007707,1.0387440323172972,0.3716333622936577,2.954457155191021,0.027148493163724422,2.2316955684007707,0.09583423267860997,13.699940029985008,30.87114864864865,11.834051370602202,1.7905405405405406,1.213389121338912,0.014500112717857354,0.10865551694178975,0.40947484392214467,0.012054735013032145,-34.054136645962735,0.4927536231884058,-0.5333333333333333,-0.8354824366688487,-0.7750872132213549,-0.8827456198204467,-0.08193668528864059,-0.5261472785485592,-0.1585445094217024,-0.5228106159487849,-0.20853338853675107,0.17711446477671555,Tobacco,Consumer Defensive,MO
2011Q1,2011,Q1,2011-04-28,2011-03-31,937000000.0,3943000000.0,1539000000.0,0.45,2148000000.0,0.5447628709104743,38584000000.0,5453000000.0,6988000000.0,7884000000.0,33096000000.0,1824000000.0,23601000000.0,54246520000.0,63008520000.0,2.6166026871401153,0.8863521055301877,0.3160377358490566,2.2362002567394095,0.0564160363293165,2.6166026871401153,0.1718320190720704,13.757676895764646,14.473457844183566,9.94801393728223,0.847385272145144,0.9841008771929824,0.014636883619446926,0.10219261870205266,0.4443176052765094,0.024284677586564378,26.474631527574427,0.5447628709104743,0.020457018498367754,-0.7307687887367328,-0.7656443626676551,-0.8571764680178517,-0.04702750665483585,0.01958650707290533,0.030810448760884127,-0.612399894172349,0.11060813231393032,0.1757578796711646,Tobacco,Consumer Defensive,MO
2010Q4,2010,Q4,2011-02-25,2010-12-31,919000000.0,4139000000.0,1493000000.0,0.44097888675623803,2254000000.0,0.5445759845373278,37402000000.0,5192000000.0,5981000000.0,6840000000.0,32175000000.0,1803000000.0,23459000000.0,51308080000.0,61188080000.0,2.491362763915547,0.8744152046783625,0.3260253462381691,2.348613251155624,0.05615053031828581,2.491362763915547,0.17700308166409862,12.396250302005315,13.957584330794342,9.882141756548537,0.8628944504896626,1.045479755962285,0.015455655327581933,0.11066253141543234,0.3507309941520468,0.02457087856264371,51.66976837865055,0.5445759845373278,-0.1833724319328926,-0.5988930162883656,-0.7680429019388414,-0.8547313752442505,-0.08966074313408724,-0.1874447391688771,-0.15934684684684686,-0.5736295987889359,-0.5459206849291293,-0.7159361388030209,Tobacco,Consumer Defensive,MO
2010Q3,2010,Q3,2010-10-28,2010-09-30,1131000000.0,4461000000.0,1776000000.0,0.54,2476000000.0,0.5550325039228873,37110000000.0,5150000000.0,5506000000.0,6349000000.0,31925000000.0,1618000000.0,23334000000.0,49961600000.0,60455600000.0,2.4759615384615383,0.8672231847535045,0.3285906763675559,2.367766990291262,0.0688132683465872,2.4759615384615383,0.2196116504854369,11.199641336023314,11.04367816091954,9.701281553398058,0.6454465075154731,1.226823238566131,0.014611221418049061,0.12021018593371059,0.280674121908962,0.03047696038803557,36.099421965317916,0.5550325039228873,0.08000000000000007,-0.6088129497203434,-0.7429592196942868,-0.8511738941882738,0.04296545914069082,0.0854126679462572,0.16154349247874428,-0.5650000000000001,-0.546605742210419,-0.6974670581463319,Tobacco,Consumer Defensive,MO
2010Q2,2010,Q2,2010-07-29,2010-06-30,1042000000.0,4341000000.0,1529000000.0,0.5,2374000000.0,0.5468785994010597,35245000000.0,4521000000.0,4652000000.0,5551000000.0,30722000000.0,1650000000.0,22996000000.0,41663160000.0,52993160000.0,2.1746031746031744,0.8380471987029364,0.345694424741098,2.6949789869497898,0.07061039195648824,2.1746031746031744,0.23047998230479982,9.597595024187974,9.995959692898271,9.215474452554744,0.699616122840691,1.1921212121212121,0.017497472587292947,0.12316640658249398,0.17005944874797335,0.02956447723081288,-23.39312745648512,0.5468785994010597,0.282051282051282,-0.6114709293877948,-0.750830225868664,-0.8653448654587429,0.13915547024952016,0.2816728167281673,0.06923076923076923,-0.5226642844612958,-0.5503996713264847,-0.716636161953982,Tobacco,Consumer Defensive,MO
2010Q1,2010,Q1,2010-04-28,2010-03-31,813000000.0,3951000000.0,1430000000.0,0.39,2084000000.0,0.5274614021766642,37999000000.0,4263000000.0,7038000000.0,9040000000.0,33734000000.0,1813000000.0,22683000000.0,42620040000.0,51490040000.0,2.0524795377948966,0.7785398230088496,0.32000842127424406,2.8524513253577295,0.05526179156124365,2.0524795377948966,0.19071076706544687,10.787152619589977,13.105793357933578,9.997663617171005,0.8683886838868389,1.0297848869277442,0.016564977414380653,0.10397642043211663,0.3827433628318584,0.021395299876312536,21.278102845731404,0.5274614021766642,0.11728275862068968,-0.6893413119216779,-0.7619204578163029,-0.8695189784315606,0.016089712335446125,0.12137931034482759,0.19166666666666668,-0.7011985137421981,-0.558116638626608,-0.7030571846559758,Tobacco,Consumer Defensive,MO
2009Q4,2009,Q4,2010-02-24,2009-12-31,725000000.0,4100000000.0,1200000000.0,0.3490611458834858,2051000000.0,0.5002439024390244,36677000000.0,4069000000.0,5773000000.0,7992000000.0,32605000000.0,1810000000.0,22599000000.0,40771510000.0,50860510000.0,1.9590755897929706,0.7223473473473474,0.3260899201134226,2.939297124600639,0.05055952365407467,1.9590755897929706,0.1781764561317277,9.944270731707316,14.059141379310343,10.020031948881789,0.9737931034482759,1.1320441988950276,0.01731601306892975,0.11178667829975189,0.2461211211211211,0.019767156528614663,30.54045692883895,0.5002439024390244,-0.16890203361074807,-0.6306231261061361,-0.7461097041028825,-0.86858378449208,-0.5193344269978908,-0.17800453514739228,-0.13916786226685796,-0.7523616264318825,-0.7695915957327624,-0.8961971967848232,Tobacco,Consumer Defensive,MO
2009Q3,2009,Q3,2009-10-29,2009-09-30,882000000.0,6300000000.0,1394000000.0,0.42,4267000000.0,0.6773015873015873,35880000000.0,3721000000.0,5008000000.0,7170000000.0,32157000000.0,1762000000.0,22581000000.0,36531209307.71,47460209307.71,1.8140929702541586,0.698465829846583,0.33330546265328875,3.2139209889814566,0.06354335494327391,1.8140929702541586,0.23703305563020693,5.798604652017461,10.354651164316893,9.817578421851652,0.7517006802721088,1.1538024971623155,0.018148865382895285,0.17558528428093645,0.15648535564853555,0.024581939799331105,20.1607115384713,0.6773015873015873,-0.14285714285714288,-0.6666666667636323,-0.6053851221801421,-0.8719591326150028,-0.06854398602925126,-0.12673267326732673,-0.1687537268932618,-0.6884057971972309,-0.6375844176573074,-0.908245682105087,Tobacco,Consumer Defensive,MO
2009Q2,2009,Q2,2009-07-31,2009-06-30,1010000000.0,6719000000.0,1677000000.0,0.49,4581000000.0,0.6817978865902664,35829000000.0,3343000000.0,4882000000.0,6977000000.0,32484000000.0,1881000000.0,22404000000.0,33783469391.100002,46091469391.100006,1.6218514849879355,0.6997276766518561,0.35870384325546345,3.8444510918336823,0.06514594511930956,1.6218514849879355,0.3021238408615016,5.028050214481322,8.362244898787129,10.105734188184266,0.6564356435643565,1.1366294524189262,0.01962498263054837,0.1875296547489464,0.092446610290956,0.028189455469033464,-17.08824956555387,0.6817978865902664,0.7499999999999998,-0.6171875000379022,-0.5931862975057274,-0.8801585325420987,1.243388834476004,0.7147707979626485,0.4080604534005038,-0.6230769231837596,-0.6196847336675277,-0.9147871271923422,Tobacco,Consumer Defensive,MO
2009Q1,2009,Q1,2009-05-07,2009-03-31,589000000.0,3812000000.0,1191000000.0,0.28,2042000000.0,0.5356768100734522,38656000000.0,2778000000.0,8079000000.0,9604000000.0,35875000000.0,2033000000.0,22058000000.0,33017220000.0,42829220000.0,1.3478893740902476,0.8412119950020824,0.35363203642384106,4.92080633549316,0.04438033450483244,1.3478893740902476,0.21202303815694745,8.66139034627492,14.014100169779287,11.885248380129589,1.1222410865874364,0.8706345302508608,0.020019856305285546,0.09861341059602649,0.4106622240733028,0.015236961920529802,16.50861,0.5356768100734522,-0.1501030927835051,-0.7329125231465817,-0.7556681593601069,-0.8970267111732256,3.797260273972603,-0.1325478645066274,0.1933867735470942,-0.8288720957039795,-0.7709020292023153,-0.9264273777310894,Tobacco,Consumer Defensive,MO
2008Q4,2008,Q4,2009-02-27,2008-12-31,679000000.0,1255000000.0,998000000.0,0.3294517224648229,-730000000.0,-0.5816733067729084,27215000000.0,2828000000.0,11076000000.0,7142000000.0,24387000000.0,1069000000.0,22131000000.0,31038660000.0,30596660000.0,1.3721494420184377,1.5508260991318958,0.27462796252066873,2.642857142857143,0.06705169527566177,1.3721494420184377,0.2400990099009901,24.732,11.428078055964654,10.97548090523338,0.9734904270986745,1.8568755846585594,0.021296022444267888,0.0461142752158736,1.114533744049286,0.024949476391695757,70.8645205479452,-0.5816733067729084,-0.21559113698851687,-0.6769344904121102,-0.9190858440106089,-0.8878036628045397,-1.242686170212766,-0.21683967704728951,-0.28663330950679056,-0.7003362504529288,-0.9288826297548924,-0.9199914740284106,Tobacco,Consumer Defensive,MO
2008Q3,2008,Q3,2008-11-03,2008-09-30,867000000.0,5238000000.0,1399000000.0,0.42,3008000000.0,0.5742649866361207,20670000000.0,4178000000.0,3845000000.0,6473000000.0,16492000000.0,1060000000.0,22113000000.0,40830720000.0,40800720000.0,2.0301263362487854,0.5940058705391627,0.04281567489114659,0.21182383915749162,0.1764124025496709,2.0301263362487854,0.20751555768310195,7.795097365406644,11.77356401384083,9.77279080899952,2.7912341407151096,2.1037735849056602,0.05926909934480704,0.25341074020319304,0.14938977290282712,0.04194484760522496,13.31291816106945,0.5742649866361207,-0.06666666666666672,-0.6574936594681935,-0.6632821329378998,-0.8199759976700904,0.495773247140726,-0.06774193548387097,-0.012702893436838392,-0.6969188498218671,-0.6949624765392544,-0.8779723383274086,Tobacco,Consumer Defensive,MO
2008Q2,2008,Q2,2008-08-07,2008-06-30,930000000.0,5054000000.0,1417000000.0,0.45,2011000000.0,0.39790265136525527,20851000000.0,3934000000.0,3557000000.0,6881000000.0,16917000000.0,1139000000.0,21907000000.0,42662000000.0,44937000000.0,1.8959036144578314,0.5169306786804243,0.1290105990120378,0.6837824097610574,0.13524455905969515,1.8959036144578314,0.2364006100660905,8.441234665611397,11.468279569892472,10.84443314692425,1.7043010752688172,2.671641791044776,0.037152501054802875,0.24238645628507027,0.07789565470135154,0.044602177353604146,-14.990161630358397,0.39790265136525527,-0.6120689655172414,-0.6265060241576894,-0.680607935766352,-0.8268610371258142,0.1712288875946418,-0.6210268948655256,0.16817807089859851,-0.6525637434236382,-0.7093454014029451,-0.8826024171841553,Tobacco,Consumer Defensive,MO
2008Q1,2008,Q1,2008-05-09,2008-03-31,2454000000.0,3604000000.0,1213000000.0,1.16,1717000000.0,0.47641509433962265,25847000000.0,4708000000.0,8635000000.0,11092000000.0,21139000000.0,1277000000.0,21575000000.0,46964482750.2,44156482750.2,2.2254604730966596,0.7784890010818608,0.07757186520679382,0.4258708581138488,0.11332607124103414,2.2254604730966596,0.5212404418011894,13.031210530022197,4.784482757762836,9.975463625785896,0.6450692746536267,1.4776820673453406,0.033706322465422205,0.13943591132433164,0.4489722322394519,0.09494332030796611,11.79715718417483,0.47641509433962265,0.12157221186471656,0.07407407422734716,-0.7619292176195385,-0.7764406746584583,-0.6701248799231508,0.12157221206581353,-0.6004611330698287,-0.07936507934186486,-0.7867840160912242,-0.8585221676305683,Tobacco,Consumer Defensive,MO
2007Q4,2007,Q4,2008-02-28,2007-12-31,2188000000.0,9253000000.0,3036000000.0,1.034262428873299,5205000000.0,0.56252026369826,57211000000.0,18554000000.0,22890000000.0,18782000000.0,38657000000.0,10571000000.0,34426000000.0,159890793074.78,164438793074.78,8.770431949412792,1.2187200511127676,0.19307475835066684,0.595343322194675,0.0731748670212766,8.770431949412792,0.11792605368114692,17.279886855590618,18.269057709641224,8.617591520684487,0.723491773308958,0.3829344432882414,0.009900507524905702,0.1617346314519935,0.5228942604621446,0.038244393560678894,106.5228468186409,0.56252026369826,-0.16591739606992023,0.1840632171915799,-0.38792592902737655,-0.08861259233043879,-0.07696400070934563,-0.16900873528294721,-0.1805668016194332,0.0944575965226841,-0.43744532955222115,-0.41167304561056806,Tobacco,Consumer Defensive,MO
2007Q3,2007,Q3,2007-11-06,2007-09-30,2633000000.0,9964000000.0,3705000000.0,1.24,5639000000.0,0.5659373745483741,51728000000.0,17239000000.0,20747000000.0,19184000000.0,34489000000.0,8932000000.0,33822000000.0,146963528000.0,147679528000.0,8.184105582985188,1.0814741451209342,0.15513841633158057,0.4655142409652532,0.10230659417921949,8.184105582985188,0.15273507744068682,14.749450822962666,13.953999999999999,8.525061082429374,0.5518420053171288,0.4842140618002687,0.009886806745684549,0.19262295081967212,0.512510425354462,0.050900866068666874,51.76594857344135,0.5659373745483741,0.1809523809523809,-0.3961352658293187,-0.3462955716393198,-0.19259471487804528,0.019342010122921187,0.1887133182844244,0.14210850801479655,-0.031007752077039274,-0.392248683917094,-0.42235596807973497,Tobacco,Consumer Defensive,MO
2007Q2,2007,Q2,2007-08-07,2007-06-30,2215000000.0,9797000000.0,3244000000.0,1.05,5532000000.0,0.5646626518321936,49495000000.0,16189000000.0,18496000000.0,17080000000.0,33306000000.0,8263000000.0,32770000000.0,147962000033.4,150114000033.4,7.674243790592722,1.082903981264637,0.16785533892312354,0.5131879671381803,0.08806096319802317,7.674243790592722,0.13682129841250232,15.102786570725732,16.700000003769752,9.139662736018284,0.817607223476298,0.5161563596756626,0.01223962909119366,0.19793918577634104,0.5082552693208431,0.044751995151025355,27.8176349000564,0.5646626518321936,-0.1923076923076923,-0.13934426260807206,-0.3985780006289126,-0.20072784097202329,0.07878315132605304,-0.19454545454545455,-0.0018461538461538461,-0.17968750018517218,-0.4204046376650047,-0.4329365875931852,Tobacco,Consumer Defensive,MO
2007Q1,2007,Q1,2007-05-07,2007-03-31,2750000000.0,9037000000.0,3250000000.0,1.3,5128000000.0,0.567444948544871,44609000000.0,14510000000.0,14657000000.0,10622000000.0,30099000000.0,8562000000.0,32010000000.0,184333969446.21,190675969446.21,6.912036364365269,1.379871963848616,0.1912394359882535,0.5879393521709166,0.09378039169749754,6.912036364365269,0.18952446588559613,20.397694970256723,16.75763358601909,12.703926219587181,0.6563636363636364,0.456552207428171,0.009792009608552981,0.2025824385213746,0.4626247411033704,0.061646752897397385,-226.73304974933578,0.567444948544871,-0.07772638279824266,0.19090909103467768,-0.420079505520982,-0.24495080868888686,-0.36518940331765287,-0.07063197026022305,-0.22949265054528212,0.22429906571707506,-0.4313198744021706,-0.47194841756998857,Tobacco,Consumer Defensive,MO
