Year,Date,FillingDate,NetIncome,Revenue,OperatingIncome,EPSDiluted,GrossProfit,GrossProfitRatio,TotalAssets,CommonStockEquity,CurrentAssets,CurrentLiability,TotalLiability,Inventory,RetainedEarnings,EnterpriseValue,bookValuePerShare,currentRatio,debtToAssets,debtToEquity,roic,shareholdersEquityPerShare,roe,priceToSalesRatio,peRatio,pbRatio,payoutRatio,inventoryTurnover,dividendYield,assetTurnover,quickRatio,returnOnAssets,priceToFreeCashFlowsRatio,grossProfitMargin,epsdilutedGrowth,fiveYNetIncomeGrowthPerShare,fiveYRevenueGrowthPerShare,fiveYShareholdersEquityGrowthPerShare,grossProfitGrowth,netIncomeGrowth,operatingIncomeGrowth,threeYNetIncomeGrowthPerShare,threeYRevenueGrowthPerShare,threeYShareholdersEquityGrowthPerShare,Industry,Sector,Price,MarketCap,AvgVolume,Symbol
2022,2022-12-31,2023-03-01,-465264000.0,298542000.0,-135538000.0,-13.92,112632000.0,0.3772735495,691236000.0,211605000.0,250042000.0,248944000.0,479631000.0,80000.0,-976570000.0,306519820.0,6.331877075914899,1.0044106305032456,0.3403511969862681,1.1118026511660877,-0.2962569720044889,6.331877075914899,-2.1987382150705326,0.6470172371056668,-0.41516605626053166,0.9128414735001537,0.0,2323.875,0.0,0.43189590819922574,0.9720419050067485,-0.6730899432321233,-2.8663276450511948,0.3772735494503286,-2.488721804511278,-12.83610154348109,0.33758784980659756,1.5922574014389699,0.08991677956260886,-2.6189009450472525,-0.3994197391923843,-20.211031618968942,0.008079529578474392,0.049486295131992555,Advertising Agencies,Communication Services,6.88,233288416,890104,CDLX
2021,2021-12-31,2022-03-01,-128565000.0,267116000.0,-96853000.0,-3.99,103340000.0,0.3868731188,1263797000.0,690700000.0,358725000.0,327350000.0,573097000.0,95000.0,-522618000.0,2091990180.0,21.448978324327683,1.0958454253856729,0.15605908227349805,0.2855465469813233,-0.10132625046887991,21.448978324327683,-0.18613725206312437,7.967438041899399,-16.553729086454325,3.0812656435500214,0.0,1723.957894736842,0.0,0.21135989403361458,1.07117458377883,-0.10172915428664572,-41.65893828175465,0.3868731187948307,-1.0151515151515154,0.33079350439916827,-0.06713181459794154,2.255077072331818,0.6332142744255145,-1.3864459005438716,-0.7961352298648072,-0.4346399277040212,0.04923510574691449,6.865657082475915,Advertising Agencies,Communication Services,6.88,233288416,890104,CDLX
2020,2020-12-31,2021-03-01,-53873000.0,186892000.0,-53923000.0,-1.98,63274000.0,0.3385591679,422537000.0,157192000.0,385591000.0,81274000.0,265345000.0,110000.0,-394053000.0,3780084010.0000005,5.7763568882519385,4.744333981347048,0.4452225485578778,1.1967721003613416,-0.14583182631129202,5.7763568882519385,-0.34272100361341545,20.788476820837705,-72.11775861748929,24.71627061173597,0.0,1123.8,0.0,0.4423091942244111,4.673007357826611,-0.12749889358801714,-219.31696359017783,0.33855916786165274,-1.9999999999999996,0.31645649358762357,0.2408723964659425,1.499657488986316,-0.20366990951080458,-2.4564994225587067,-2.1124386724386723,-0.9674444531031571,0.02831132179698547,1.540296357526156,Advertising Agencies,Communication Services,6.88,233288416,890104,CDLX
2019,2019-12-31,2020-03-03,-15586000.0,210430000.0,-17325000.0,-0.66,79457000.0,0.377593499,224313000.0,143267000.0,195730000.0,78401000.0,81046000.0,129000.0,-338631000.0,1388252560.0,6.033310873410259,2.4965242790270534,0.00016494808593349472,0.0002582590547718595,-0.10988168921140812,6.033310873410259,-0.1087898818290325,7.093444660932376,-95.7701501347363,10.418823315906662,0.0,1015.2945736434109,0.0,0.9381088033239269,2.421117077588296,-0.06948326668539051,3415.7289702517164,0.3775934990258043,0.7634408602150538,0.7733709222605912,0.6011426477185128,1.5218841251677389,0.45310071139884056,0.7061573847140002,0.5765818608402375,0.8899818221673638,-0.003401069266460053,1.3530364026187163,Advertising Agencies,Communication Services,6.88,233288416,890104,CDLX
2018,2018-12-31,2019-03-05,-53042000.0,150684000.0,-40917000.0,-2.79,54681000.0,0.3628852432905949,153763000.0,51975000.0,124368000.0,51922000.0,101788000.0,0.0,-321487000.0,213510800.0,2.72691500524659,2.395285235545626,0.30380520671422906,0.8987782587782588,-0.4146054778141434,2.72691500524659,-1.0205291005291006,1.3698853229274508,-3.891629274914219,3.9715209235209232,0.0,0.0,0.0,0.9799756768533392,1.92914371557336,-0.3449594505830401,-7.837635265975623,0.3628852432905949,-1.1454359502781761,0.03912162854144814,0.42842380020804693,1.235879383936914,0.09130643036762065,-1.700575327121837,-1.392946955962337,0.03912162854144814,0.42842380020804693,1.235879383936914,Advertising Agencies,Communication Services,6.88,233288416,890104,CDLX
2017,2017-12-31,2018-03-19,-19641000.0,130365000.0,-17099000.0,-1.300435,50106000.0,0.3843516281210448,100758000.0,-208686000.0,74629000.0,42139000.0,309444000.0,0.0,-268445000.0,296670306.03,-10.691089820964232,1.7710197204489901,0.5652652891085571,-0.27292199764239095,0.1127679219151883,-10.691089820964232,0.09411747793335441,2.001897027806543,-13.287373658673182,-1.250574097112408,0.0,0.0,0.0,1.2938426725421306,1.7206863001020432,-0.1949324123146549,-10.98898084256179,0.3843516281210448,0.7656873873873873,0.6525729072888155,0.206708873240357,0.07521588471540458,0.23997129352371996,0.7405279010779962,0.6959204723289231,0.6525729072888155,0.206708873240357,0.07521588471540458,Advertising Agencies,Communication Services,6.88,233288416,890104,CDLX
2016,2016-12-31,2016-12-31,-75696000.0,112821000.0,-56232000.0,-5.55,40409000.0,0.35816913517873444,86859000.0,-216835000.0,68324000.0,39604000.0,303694000.0,0.0,-248804000.0,258598560.0,-17.089769861286253,1.725179274820725,1.2871205056470831,-0.5155901953097978,0.5363755162776501,-17.089769861286253,0.3490949339359421,1.5036080162381118,-2.2410505178609172,-0.7823393824797658,0.0,0.0,0.0,1.2988982143473906,1.683011816988183,-0.8714813663523642,-4.840868647090717,0.35816913517873444,-0.8702214578089832,-1.0599239344262295,0.6066068288273222,-0.47827283899496353,0.6073587907716786,-0.8632861538461538,-0.41860289109210624,-1.0599239344262295,0.6066068288273222,-0.47827283899496353,Advertising Agencies,Communication Services,6.88,233288416,890104,CDLX
2015,2015-12-31,2015-12-31,-40625000.0,77634000.0,-39639000.0,-2.967563,25140000.0,0.3238271891181699,82290000.0,-162161000.0,68080000.0,67263000.0,244451000.0,0.0,-173108000.0,192415990.0,-11.560633064803593,1.0121463508912776,0.39127475999513917,-0.1985557563162536,0.3058564286754998,-11.560633064803593,0.250522628745506,2.4157069067676535,-4.616393599999999,-1.1565110599959298,0.0,0.0,0.0,0.9434196135617936,0.9878982501523869,-0.49368088467614535,-5.288953157167433,0.3238271891181699,0.0,0.0,0.0,0.0,0.0,0.0,0.0,0.0,0.0,0.0,Advertising Agencies,Communication Services,6.88,233288416,890104,CDLX
TTM,,,,,,,,,,,,,,,,360147416.0,6.885391659998222,1.2910455190916093,0.388627745414814,1.1452005853994491,-0.23675263581698386,6.885391659998222,-1.0462755989427108,0.7814257826369488,-0.5586607817561355,0.9992169421487604,0.0,2267.1951219512193,0.0,0.436084931843014,1.2473289562624776,-0.6069652758707326,-4.035782648559813,0.3772735494503286,,,,,,,,,,,Advertising Agencies,Communication Services,6.88,233288416,890104,CDLX
