Quarters,Year,Quarter,FillingDate,Date,NetIncome,Revenue,OperatingIncome,EPSDiluted,GrossProfit,GrossProfitRatio,TotalAssets,CommonStockEquity,CurrentAssets,CurrentLiability,TotalLiability,Inventory,RetainedEarnings,MarketCap,EnterpriseValue,bookValuePerShare,currentRatio,debtToAssets,debtToEquity,roic,shareholdersEquityPerShare,roe,priceToSalesRatio,peRatio,pbRatio,payoutRatio,inventoryTurnover,dividendYield,assetTurnover,quickRatio,returnOnAssets,priceToFreeCashFlowsRatio,grossProfitMargin,epsdilutedGrowth,fiveYNetIncomeGrowthPerShare,fiveYRevenueGrowthPerShare,fiveYShareholdersEquityGrowthPerShare,grossProfitGrowth,netIncomeGrowth,operatingIncomeGrowth,threeYNetIncomeGrowthPerShare,threeYRevenueGrowthPerShare,threeYShareholdersEquityGrowthPerShare,Industry,Sector,Symbol
2023Q1,2023,Q1,2023-05-04,2023-03-31,326000000.0,2008000000.0,500000000.0,1.04,1061000000.0,0.5283864542,13213000000.0,444000000.0,2732000000.0,2454000000.0,11780000000.0,488000000.0,-5572000000.0,11214660000.0,16858660000.0,1.427652733118971,1.113284433577832,0.43881026262014683,13.058558558558559,0.0315167686611174,1.427652733118971,0.7342342342342343,5.584990039840638,8.600199386503068,25.258243243243246,0.2392638036809816,1.9405737704918034,0.006955181878006109,0.15197154317717398,0.6813365933170334,0.024672670854461516,-52.404953271028035,0.5283864541832669,-0.24637681159420283,1.7615478434416232,0.42732523520304866,-0.9273042729870105,-0.1986404833836858,-0.26410835214446954,-0.24471299093655588,1.0888013247991977,0.8159163987138266,1.4331081325192385,Oil & Gas E&P,Energy,APA
2022Q4,2022,Q4,2023-02-23,2022-12-31,443000000.0,2472000000.0,662000000.0,1.38,1324000000.0,0.5355987055,13147000000.0,423000000.0,2708000000.0,2916000000.0,11802000000.0,427000000.0,-5814000000.0,14984280000.0,20192280000.0,1.3177570093457944,0.9286694101508917,0.41477143074465656,12.891252955082741,0.07362406494107278,1.3177570093457944,1.0472813238770686,6.061601941747573,8.456139954853272,35.42382978723404,0.18058690744920994,2.6885245901639343,0.0053389285304332275,0.1880276869247737,0.5867626886145405,0.03369590020537005,19.309639175257733,0.5355987055016181,0.07812499999999989,0.15307837350385303,0.7890585821746068,-0.932299700571636,-0.14081765087605452,0.04976303317535545,-0.4762658227848101,1.1757714490191127,0.7866168224299064,-0.8473749946164778,Oil & Gas E&P,Energy,APA
2022Q3,2022,Q3,2022-11-03,2022-09-30,422000000.0,2887000000.0,1264000000.0,1.28,1541000000.0,0.5337720817,13629000000.0,600000000.0,3135000000.0,2984000000.0,12078000000.0,491000000.0,-6257000000.0,11248510000.0,16623510000.0,1.8237082066869301,1.050603217158177,0.41404358353510895,9.405,0.08991727160030516,1.8237082066869301,0.7033333333333334,3.896262556286803,6.6638092417061605,18.747516666666666,0.0971563981042654,2.741344195519348,0.0036449271948018006,0.21182772030229657,0.7359249329758714,0.030963386895590285,102.25918181818182,0.5337720817457569,-0.5276752767527675,6.757128383268201,1.4069862860819153,-0.9008939057555669,-0.13814317673378076,-0.5442764578833693,-0.20901126408010012,4.181370980643097,1.300558864684571,-0.8908843050434895,Oil & Gas E&P,Energy,APA
2022Q2,2022,Q2,2022-08-04,2022-06-30,926000000.0,3047000000.0,1598000000.0,2.71,1788000000.0,0.5868066951,12924000000.0,584000000.0,3083000000.0,2813000000.0,11419000000.0,473000000.0,-6679000000.0,11900900000.0,17024900000.0,1.7126099706744868,1.095982936366868,0.4182915506035283,9.256849315068493,0.1908453303802141,1.7126099706744868,1.5856164383561644,3.9057761732851985,3.21298596112311,20.378253424657533,0.04643628509719223,2.6617336152219875,0.003613172113033468,0.23576292169606933,0.7735513686455742,0.0716496440730424,10.375675675675677,0.5868066951099442,-0.5169340463458111,0.8087791973422471,1.5292862963140488,-0.9054204379146283,0.11610486891385768,-0.5241521068859198,0.5089707271010387,3.8757290190780584,1.1080584601719892,-0.9014419235316316,Oil & Gas E&P,Energy,APA
2022Q1,2022,Q1,2022-05-05,2022-03-31,1946000000.0,2669000000.0,1059000000.0,5.61,1602000000.0,0.6002248033,12476000000.0,-18000000.0,2593000000.0,2114000000.0,11624000000.0,529000000.0,-7605000000.0,14300180000.0,19955180000.0,-0.05202312138728324,1.2265846736045412,0.4720262904777172,-327.1666666666667,0.1499391240232887,-0.05202312138728324,-108.11111111111111,5.357879355563882,1.8371248715313462,-794.4544444444443,0.02774922918807811,2.0170132325141776,0.0037761762439353914,0.21393074703430587,0.8817407757805109,0.1559794806027573,27.9300390625,0.600224803297115,3.1865671641791047,9.033922223126815,0.9386717435850384,-1.0030961293856175,0.44064748201438847,3.0123711340206185,0.44672131147540983,45.994219653179194,0.7535768953876049,-1.0027987828933493,Oil & Gas E&P,Energy,APA
2021Q4,2021,Q4,2022-02-22,2021-12-31,485000000.0,2299000000.0,732000000.0,1.34,1112000000.0,0.4836885602,13303000000.0,-1595000000.0,2380000000.0,2117000000.0,13308000000.0,473000000.0,-9488000000.0,9707290000.0,17014290000.0,-4.418282548476454,1.1242324043457723,0.571976245959558,-4.770532915360501,0.08880157642683588,-4.418282548476454,-0.30407523510971785,4.222396694214876,5.003757731958763,-6.0860752351097185,0.07422680412371134,2.509513742071882,0.0037085530565173185,0.17281816131699618,0.8011336797354748,0.03645794181763512,12.60687012987013,0.48368856024358414,7.118795180722892,3.8050896471949103,0.6632302405498282,-1.2691483437674018,0.17796610169491525,6.843373493975903,-0.08155583437892096,2.336437862164736,0.4172821955063819,-1.2348568142878789,Oil & Gas E&P,Energy,APA
2021Q3,2021,Q3,2021-11-05,2021-09-30,-83000000.0,2059000000.0,797000000.0,-0.21899736147757257,944000000.0,0.4584749878581836,13310000000.0,-1095000000.0,2181000000.0,1839000000.0,13460000000.0,476000000.0,-9870000000.0,8121970000.0,15239970000.0,-2.8891820580474934,1.1859706362153344,0.5631104432757326,-6.844748858447488,-0.03021174758091215,-2.8891820580474934,0.07579908675799087,3.944618746964546,-24.463765060240963,-7.417324200913242,-0.24096385542168675,2.342436974789916,0.0024624567684933584,0.15469571750563485,0.8412180532898315,-0.0062359128474830956,15.181252336448598,0.4584749878581836,-1.26706995302143,0.8629011575593449,0.4346301026255041,-1.1697154401079064,0.2243839169909209,-1.2441176470588236,0.21865443425076453,-2.0355060425421025,0.05300145278967671,-1.1453700378655005,Oil & Gas E&P,Energy,APA
2021Q2,2021,Q2,2021-08-05,2021-06-30,340000000.0,1756000000.0,654000000.0,0.82,771000000.0,0.4390660592255125,13512000000.0,-964000000.0,2945000000.0,1773000000.0,13436000000.0,479000000.0,-9757000000.0,8176140000.0,15664140000.0,-2.5502645502645502,1.661026508742245,0.6466104203670812,-9.063278008298756,0.06845137085137086,-2.5502645502645502,-0.35269709543568467,4.656116173120729,6.011867647058824,-8.481473029045643,0.06470588235294118,2.056367432150313,0.0026907562737428664,0.1299585553582001,1.3068245910885505,0.02516281823564239,12.332036199095022,0.4390660592255125,-0.19607843137254907,2.397128979096192,0.2703070004657307,-1.1353332770302806,0.08134642356241234,-0.16461916461916462,0.14736842105263157,0.7620404287070952,-0.08337706064978782,-1.1275132275132276,Oil & Gas E&P,Energy,APA
2021Q1,2021,Q1,2021-05-07,2021-03-31,407000000.0,1871000000.0,570000000.0,1.02,713000000.0,0.3810796365579904,13127000000.0,-1258000000.0,2345000000.0,1338000000.0,13388000000.0,502000000.0,-10073000000.0,6766199999.999999,15049200000.0,-3.328042328042328,1.7526158445440956,0.6719737944694142,-7.011923688394277,0.05394571357665339,-3.328042328042328,-0.3235294117647059,3.6163548904329232,4.156142506142506,-5.378537360890302,0.04914004914004914,2.306772908366534,0.002955868877656587,0.14253066199436276,1.20254110612855,0.031004799268682867,16.304096385542167,0.3810796365579904,26.5,1.8323108384458076,0.7650943396226414,-1.6233894945490583,1.0847953216374269,12.566666666666666,3.0425531914893615,1.8365991607370917,0.09421235057809114,-1.1694630990818675,Oil & Gas E&P,Energy,APA
2020Q4,2020,Q4,2021-02-26,2020-12-31,30000000.0,1219000000.0,141000000.0,-0.04,342000000.0,0.280557834290402,12746000000.0,-1639000000.0,1846000000.0,1308000000.0,13391000000.0,492000000.0,-10461000000.0,5363820000.0,13989820000.0,-4.335978835978836,1.4113149847094801,0.6973168052722423,-5.422818791946309,0.01504218795461158,-4.335978835978836,-0.018303843807199512,4.400180475799836,44.6985,-3.272617449664429,0.7333333333333333,1.782520325203252,0.004101554489151388,0.0956378471677389,0.8944954128440367,0.002353679585752393,17.82,0.280557834290402,-2.0080000000000005,1.004159157077499,-0.0016380016380017238,-1.6387373343725642,0.052307692307692305,1.0,-0.13496932515337423,-0.9336883876357561,-0.25080816879597373,-1.2227626667351585,Oil & Gas E&P,Energy,APA
2020Q3,2020,Q3,2020-11-05,2020-09-30,15000000.0,1120000000.0,163000000.0,0.03968253968253968,325000000.0,0.29017857142857145,12875000000.0,-1641000000.0,1719000000.0,1382000000.0,13512000000.0,503000000.0,-10471000000.0,3579660000.0000005,12461660000.0,-4.341269841269841,1.243849493487699,0.7024466019417476,-5.511273613650213,0.012354511439430912,-4.341269841269841,-0.009140767824497258,3.1961250000000003,59.66100000000001,-2.181389396709324,1.3333333333333333,1.58051689860835,0.005587122799372007,0.08699029126213592,0.7677279305354558,0.0011650485436893205,55.07169230769232,0.29017857142857145,1.0389044506691567,1.0026525198938991,-0.28753180661577615,-1.167295341013355,7.770833333333333,1.0408719346049047,1.6653061224489796,-0.7600151171579743,-0.18726501879849622,-1.2359183867527899,Oil & Gas E&P,Energy,APA
2020Q2,2020,Q2,2020-07-30,2020-06-30,-367000000.0,752000000.0,-245000000.0,-1.02,-48000000.0,-0.06382978723404255,12999000000.0,-1635000000.0,1658000000.0,1710000000.0,13635000000.0,477000000.0,-10467000000.0,5103000000.0,13908000000.0,-4.325396825396825,0.9695906432748538,0.68774521117009,-5.467889908256881,-0.029970408226668323,-4.325396825396825,0.22446483180428134,6.785904255319149,-3.4761580381471386,-3.121100917431193,-0.027247956403269755,1.6771488469601676,0.0019596315892612187,0.05785060389260712,0.5883040935672514,-0.02823294099546119,-20.330677290836654,-0.06382978723404255,0.9139966273187184,0.9344642857142856,-0.6147540983606558,-1.1051852804940812,-1.167832167832168,0.9177498879426266,-3.1491228070175437,-1.6467005217005217,-0.4368735111677163,-1.238871748148455,Oil & Gas E&P,Energy,APA
2020Q1,2020,Q1,2020-05-07,2020-03-31,-4462000000.0,1344000000.0,114000000.0,-11.86,286000000.0,0.21279761904761904,13391000000.0,-1246000000.0,1908000000.0,2025000000.0,13619000000.0,452000000.0,-10081000000.0,1580040000.0,10166040000.0,-3.2962962962962963,0.9422222222222222,0.6731386752296319,-7.234349919743178,0.014603664934874023,-3.2962962962962963,3.581059390048154,1.175625,-0.08852756611385029,-1.2680898876404494,-0.0210667861945316,2.34070796460177,0.05949216475532265,0.1003659174072138,0.6251851851851852,-0.3332088716301994,-54.48413793103448,0.21279761904761904,-0.5031685678073511,0.043174421157650626,-0.25778269964316486,-1.0585876999530293,-0.41030927835051545,-0.5074324324324324,1.4253731343283582,-22.059194674218148,-0.10640799529688422,-1.1961773833347835,Oil & Gas E&P,Energy,APA
2019Q4,2019,Q4,2020-02-28,2019-12-31,-2960000000.0,1625000000.0,-268000000.0,-7.89,485000000.0,0.29846153846153844,18107000000.0,3255000000.0,1961000000.0,1855000000.0,13642000000.0,502000000.0,-5601000000.0,9647430000.0,18135430000.0,8.63395225464191,1.0571428571428572,0.48241011763406416,2.683563748079877,-0.0235809082647778,8.63395225464191,-0.9093701996927803,5.93688,-0.8148167229729729,2.963880184331797,-0.03175675675675676,2.270916334661355,0.009743527550860696,0.08974429778538687,0.7056603773584905,-0.16347269011984317,58.469272727272724,0.29846153846153844,-16.53333333333333,0.385126713751558,-0.4446343130553656,-0.8745036048887689,0.5594855305466238,-18.473684210526315,-3.1102362204724407,-15.393155915702335,0.12572579689536684,-0.4740458709900728,Oil & Gas E&P,Energy,APA
2019Q3,2019,Q3,2019-10-31,2019-09-30,-152000000.0,1438000000.0,127000000.0,-0.45,311000000.0,0.21627260083449235,21405000000.0,6301000000.0,1971000000.0,1921000000.0,13537000000.0,475000000.0,-2625000000.0,9651200000.0,18049200000.0,16.713527851458885,1.026028110359188,0.39995328194347113,1.3586732264719885,-0.07070529230944926,16.713527851458885,-0.024123155054753213,6.711543810848401,-15.873684210526315,1.5316933820028569,-0.618421052631579,2.3726315789473684,0.00973972148541114,0.067180565288484,0.6418532014575742,-0.007101144592384956,-205.34468085106383,0.21627260083449235,0.53125,0.8845017051913603,-0.5809523372463355,-0.7933722463688159,-0.4143126177024482,0.5730337078651685,-0.5077519379844961,0.7475954710517001,0.007257102725699234,-0.018219109050181446,Oil & Gas E&P,Energy,APA
2019Q2,2019,Q2,2019-08-01,2019-06-30,-356000000.0,1598000000.0,258000000.0,-0.96,531000000.0,0.33229036295369213,21806000000.0,6551000000.0,2791000000.0,2262000000.0,13652000000.0,453000000.0,-2455000000.0,11008400000.0,18963400000.0,17.376657824933687,1.2338638373121131,0.3899844079611116,1.2981224240573959,0.03522482570779743,17.376657824933687,-0.05434284842008854,6.888861076345432,-7.73061797752809,1.6804152037856814,-0.2640449438202247,2.355408388520971,0.008538933905017986,0.07328258277538292,0.7281167108753316,-0.016325781894891315,207.7056603773585,0.33229036295369213,-7.0,-1.719909656748168,-0.559894872081012,-0.7957559681697612,-0.043243243243243246,-6.574468085106383,-0.11945392491467577,-0.46675653346088625,0.15907464183326261,-0.07788388187484359,Oil & Gas E&P,Energy,APA
2019Q1,2019,Q1,2019-05-03,2019-03-31,-47000000.0,1654000000.0,293000000.0,-0.12,555000000.0,0.3355501813784764,21751000000.0,6989000000.0,2504000000.0,2374000000.0,13142000000.0,438000000.0,-2095000000.0,13148720000.0,21441720000.0,18.58776595744681,1.054759898904802,0.3963036182244494,1.2333667191300615,-0.0002248363605669267,18.58776595744681,-0.0067248533409643724,7.949649334945587,-69.94,1.8813449706681928,-2.0,2.509132420091324,0.007148984844152131,0.0760424808054802,0.636899747262005,-0.0021608201921750722,-49.61781132075472,0.3355501813784764,0.88,-1.208686440677966,-0.5247653273748752,-0.7786234270227301,-0.11764705882352941,0.8766404199475065,0.35648148148148145,0.9033742331288344,0.5686772380570051,2.481751997975666,Oil & Gas E&P,Energy,APA
2018Q4,2018,Q4,2019-03-01,2018-12-31,-381000000.0,1703000000.0,216000000.0,-1.0,629000000.0,0.3693482090428655,21582000000.0,7130000000.0,2687000000.0,2201000000.0,12770000000.0,401000000.0,-2048000000.0,9948750000.0,17438750000.0,18.812664907651715,1.2208087233075875,0.38013159114076545,1.1506311360448809,0.014332036119764257,18.812664907651715,-0.05343618513323983,5.841896652965355,-6.528051181102362,1.3953366058906032,-0.24934383202099739,2.678304239401496,0.009548938308832767,0.07890834955055138,0.8668786915038619,-0.017653600222407563,-397.95,0.3693482090428655,-5.761904761904762,-3.305204258029297,-0.5190804522857758,-0.7752349593318651,-0.2948430493273543,-5.703703703703703,-0.6614420062695925,0.9473180752869617,0.3910782934529636,1.7713122895917182,Oil & Gas E&P,Energy,APA
2018Q3,2018,Q3,2018-11-01,2018-09-30,81000000.0,1976000000.0,638000000.0,0.21,892000000.0,0.451417004048583,21870000000.0,7612000000.0,2785000000.0,2207000000.0,12924000000.0,362000000.0,-1667000000.0,18521880000.0,26131880000.0,19.87467362924282,1.261893973719982,0.37508001828989485,1.0776405675249605,0.01599747075561176,19.87467362924282,0.010641093011035208,9.37342105263158,57.166296296296295,2.4332475039411454,1.1851851851851851,2.994475138121547,0.005183059171099262,0.09035208047553726,0.9288627095604893,0.003703703703703704,289.404375,0.451417004048583,-0.5882352941176472,-0.7242359084626018,-0.5331031293100335,-0.7595586920327496,0.0022471910112359553,-0.5846153846153846,0.042483660130718956,1.014136615162995,0.24058756701811723,-0.23410881518464813,Oil & Gas E&P,Energy,APA
2018Q2,2018,Q2,2018-08-02,2018-06-30,195000000.0,1936000000.0,612000000.0,0.51,890000000.0,0.4597107438016529,21910000000.0,7640000000.0,3139000000.0,2312000000.0,12915000000.0,361000000.0,-1748000000.0,17858500000.0,25223500000.0,20.0,1.3576989619377162,0.3805111821086262,1.0912303664921466,0.020283586789868704,20.0,0.025523560209424083,9.224431818181818,22.89551282051282,2.3375,0.49230769230769234,2.897506925207756,0.0053755914550494156,0.08836147877681425,1.0458477508650519,0.008900045641259699,186.02604166666666,0.4597107438016529,0.34210526315789475,-0.8066621139691934,-0.5176788957824106,-0.7603985208276031,0.19463087248322147,0.3448275862068966,0.275,1.0344568062827226,-0.018582095957428574,-0.5136387030365415,Oil & Gas E&P,Energy,APA
2018Q1,2018,Q1,2018-05-03,2018-03-31,145000000.0,1728000000.0,480000000.0,0.38,745000000.0,0.43113425925925924,21791000000.0,7502000000.0,3253000000.0,2342000000.0,12922000000.0,386000000.0,-1943000000.0,14699359999.999998,21958360000.0,19.638743455497384,1.3889837745516653,0.38254325180120236,1.111170354572114,0.01609075393513968,19.638743455497384,0.019328179152226073,8.506574074074074,25.343724137931034,1.959392162090109,0.6551724137931034,2.5466321243523318,0.006462866410510391,0.07929879307971181,1.0614859094790776,0.006654123261897114,-56.10442748091602,0.43113425925925924,-0.680672268907563,-0.7924744609228387,-0.5723020737833476,-0.7593276195155853,0.0673352435530086,-0.6820175438596491,0.1111111111111111,1.0307680271427302,-0.05571306813240333,-0.6509449680485355,Oil & Gas E&P,Energy,APA
2017Q4,2017,Q4,2018-02-23,2017-12-31,456000000.0,1640000000.0,432000000.0,1.19,698000000.0,0.42560975609756097,21922000000.0,7416000000.0,3725000000.0,2564000000.0,13131000000.0,368000000.0,-2088000000.0,16085820000.0,22901820000.0,19.46456692913386,1.452808112324493,0.387008484627315,1.1440129449838188,0.05062576354011131,19.46456692913386,0.061488673139158574,9.808426829268292,8.818980263157894,2.169069579288026,0.20833333333333334,2.5597826086956523,0.005905822643794348,0.07481069245506797,1.1751170046801873,0.020801021804579874,-169.32442105263158,0.42560975609756097,6.4375,-0.2994483473996888,-0.6168803506891481,-0.7570889639880203,0.6120092378752887,6.238095238095238,14.428571428571429,1.0937292476994591,-0.4453922924706182,-0.7170782383358343,Oil & Gas E&P,Energy,APA
2017Q3,2017,Q3,2017-11-03,2017-09-30,63000000.0,1389000000.0,28000000.0,0.16,433000000.0,0.3117350611951044,21835000000.0,7011000000.0,3769000000.0,2465000000.0,13458000000.0,396000000.0,-2544000000.0,17449800000.0,24086800000.0,18.401574803149607,1.5290060851926979,0.38850469429814516,1.209955783768364,0.0020403319495163577,18.401574803149607,0.008985879332477536,12.562850971922247,69.24523809523808,2.488917415489944,1.507936507936508,2.414141414141414,0.005444188472074179,0.0636134646210213,1.2133874239350912,0.002885275933134875,-79.67945205479452,0.3117350611951044,-0.8933333333333334,-0.6408136482939633,-0.6557699365096871,-0.7657414941710133,0.2231638418079096,-0.8898601398601399,-0.7894736842105263,1.0473684210526317,-0.5994809688581314,-0.7725030826140566,Oil & Gas E&P,Energy,APA
2017Q2,2017,Q2,2017-08-04,2017-06-30,572000000.0,1346000000.0,133000000.0,1.5,354000000.0,0.26300148588410105,22602000000.0,6899000000.0,4647000000.0,2873000000.0,14337000000.0,416000000.0,-2607000000.0,18261330000.0,25073330000.0,18.10761154855643,1.6174730247128437,0.375143792584727,1.2290186983620814,0.5890738573142007,18.10761154855643,0.08291056674880418,13.567109955423478,7.981350524475525,2.6469531816205247,0.1660839160839161,2.3846153846153846,0.005202249781368608,0.059552252013096184,0.9335189697180647,0.025307494911954696,456.53325,0.26300148588410105,1.6785714285714284,0.6404789288979326,-0.6540124704955688,-0.77035631035802,-0.34806629834254144,1.6854460093896713,-0.5491525423728814,0.14456485018580584,-0.6331900664520494,-0.7871643887591443,Oil & Gas E&P,Energy,APA
2017Q1,2017,Q1,2017-05-05,2017-03-31,213000000.0,1512000000.0,295000000.0,0.56,543000000.0,0.35912698412698413,22610000000.0,6385000000.0,3426000000.0,1898000000.0,14787000000.0,454000000.0,-3179000000.0,19528200000.0,26484200000.0,16.80263157894737,1.8050579557428872,0.374922600619195,1.3276429130775254,0.009850850876389925,16.80263157894737,0.033359436178543464,12.915476190476191,22.92042253521127,3.0584494909945183,0.4460093896713615,2.1343612334801763,0.004864759680871765,0.06687306501547988,1.4183350895679663,0.00942061034940292,-336.69310344827585,0.35912698412698413,2.166666666666667,-0.7292313280063396,-0.6622807017543859,-0.7822980596367243,0.3179611650485437,2.17032967032967,2.3146067415730336,-0.06420606601248893,-0.5701383978179614,-0.7998840202495235,Oil & Gas E&P,Energy,APA
2016Q4,2016,Q4,2017-02-24,2016-12-31,-182000000.0,1455000000.0,89000000.0,-0.48,412000000.0,0.2831615120274914,22519000000.0,6238000000.0,3241000000.0,1843000000.0,14840000000.0,476000000.0,-3385000000.0,24118600000.0,31285600000.0,16.41578947368421,1.7585458491589798,0.37941294018384475,1.3696697659506252,0.007552452366201663,16.41578947368421,-0.029176017954472586,16.57635738831615,-33.129945054945054,3.866399487015069,-0.521978021978022,2.1911764705882355,0.00393886875689302,0.06461210533327412,1.3591969614758546,-0.008082064034815045,73.08666666666667,0.2831615120274914,0.7000000000000001,-1.1546810676818202,-0.6578273703808042,-0.7825798241680841,0.15083798882681565,0.700164744645799,1.225,-2.0982758620689657,-0.5901958154506437,-0.8038717211642112,Oil & Gas E&P,Energy,APA
2016Q3,2016,Q3,2016-11-04,2016-09-30,-607000000.0,1439000000.0,40000000.0,-1.6,358000000.0,0.24878387769284224,23149000000.0,6469000000.0,3272000000.0,1628000000.0,15200000000.0,513000000.0,-3203000000.0,24270600000.0,31762600000.0,17.023684210526316,2.0098280098280097,0.37677653462352584,1.3482763951151646,0.0015304205637897694,17.023684210526316,-0.09383212243005101,16.866296038915912,-9.996128500823723,3.7518318132632555,-0.15650741350906094,2.107212475633528,0.003914200720212932,0.06216251241954296,1.4090909090909092,-0.026221435051190116,115.0265402843602,0.24878387769284224,-1.4615384615384617,-1.6121651433974156,-0.6640140091448584,-0.7657207204658243,0.16993464052287582,-1.4877049180327868,4.333333333333333,-3.082843137254902,-0.6573032433658426,-0.7940496043176375,Oil & Gas E&P,Energy,APA
2016Q2,2016,Q2,2016-08-04,2016-06-30,-244000000.0,1386000000.0,-12000000.0,-0.65,306000000.0,0.22077922077922077,24346000000.0,7142000000.0,3292000000.0,1570000000.0,15650000000.0,530000000.0,-2596000000.0,21098930000.0,28617930000.0,18.844327176781004,2.096815286624204,0.35816971987184754,1.2209465135816298,-0.0005384519774873229,18.844327176781004,-0.03416409969196304,15.222893217893217,-21.617756147540984,2.9542047045645474,-0.38524590163934425,2.0377358490566038,0.004455202230634444,0.056929269695227144,1.4121019108280255,-0.010022180234946193,79.31928571428571,0.22077922077922077,0.49612403100775193,-1.1963613958391404,-0.6762828583628023,-0.7286450805908461,1.676991150442478,0.5010224948875256,0.9800664451827242,-1.2438351624539532,-0.6519687067012321,-0.7742435667217337,Oil & Gas E&P,Energy,APA
2016Q1,2016,Q1,2016-05-06,2016-03-31,-489000000.0,1060000000.0,-602000000.0,-1.29,-452000000.0,-0.42641509433962266,17679000000.0,2018000000.0,3222000000.0,1598000000.0,14125000000.0,547000000.0,-7642000000.0,18450180000.0,26165180000.0,5.338624338624339,2.016270337922403,0.4931840036201143,4.320614469772051,-0.044489444753360495,5.338624338624339,-0.2423191278493558,17.405830188679246,-9.432607361963191,9.142804757185333,-0.19427402862985685,2.764168190127971,0.005149001256356306,0.05995814242887041,1.3291614518147685,-0.027659935516714747,-56.59564417177914,-0.42641509433962266,0.9323544834819089,-1.436920858878531,-0.7263640346442894,-0.9188549439759852,0.9345117357287742,0.9322057396367669,0.9145371947756956,-1.7072679373934605,-0.7348626967536761,-0.934575273056531,Oil & Gas E&P,Energy,APA
2015Q4,2015,Q4,2016-02-26,2015-12-31,-7213000000.0,1221000000.0,-7044000000.0,-19.07,-6902000000.0,-5.652743652743653,18842000000.0,2566000000.0,3752000000.0,1841000000.0,14614000000.0,570000000.0,-7153000000.0,16809660000.0,24120660000.0,6.788359788359788,2.038022813688213,0.46587411102855325,3.4208885424785658,-0.5637790833524797,6.788359788359788,-2.8109898674980514,13.767125307125307,-0.5826168029945931,6.550919719407639,-0.013032025509496743,14.250877192982456,0.005592022682195832,0.0648020380002123,1.4774579033134165,-0.38281498779322787,-23.843489361702126,-5.652743652743653,-0.27558528428093654,-11.61449673712593,-0.6397536548314899,-0.8933444722918407,-0.24025157232704403,-0.27550839964633067,-0.20040899795501022,-12.169260684979248,-0.7124989611900605,-0.915283627166427,Oil & Gas E&P,Energy,APA
2015Q3,2015,Q3,2015-11-06,2015-09-30,-5655000000.0,1572000000.0,-5868000000.0,-14.95,-5565000000.0,-3.5400763358778624,27812000000.0,9809000000.0,4079000000.0,2167000000.0,15840000000.0,667000000.0,60000000.0,14802479999.999998,21924480000.0,25.94973544973545,1.8823257960313797,0.31558320149575725,0.8947904985217657,-0.27634344158495716,25.94973544973545,-0.576511367111836,9.416335877862593,-0.6543978779840848,1.509071261086757,-0.016622458001768346,10.700149925037481,0.006350287249163654,0.056522364447001296,1.378403322565759,-0.20332949805839207,-69.49521126760563,-3.5400763358778624,-0.008091706001348564,-7.857066068510757,-0.5075798805102387,-0.5781919981999525,-0.03323431117712588,-0.009821428571428571,-0.054826532446521664,-33.49713403880071,-0.6073258893833634,-0.669650759886483,Oil & Gas E&P,Energy,APA
2015Q2,2015,Q2,2015-08-07,2015-06-30,-5600000000.0,1952000000.0,-5563000000.0,-14.83,-5386000000.0,-2.75922131147541,35312000000.0,15544000000.0,5493000000.0,2383000000.0,17557000000.0,629000000.0,5809000000.0,21784140000.0,28510140000.0,41.12169312169312,2.3050776332354177,0.2740144993203444,0.6224909933093155,-0.18725180463920313,41.12169312169312,-0.3602676273803397,11.159907786885245,-0.97250625,1.401450077200206,-0.016964285714285713,11.666136724960255,0.004360970871468876,0.05527865881286815,1.9047419219471255,-0.158586316266425,138.75248407643312,-2.75922131147541,-0.20178282009724474,-6.821057339093941,-0.4126877484718065,-0.2136614054992671,0.25142460041695625,-0.20404214147495162,0.24722598105548038,-17.188098210570118,-0.4942587530704348,-0.4784879658221034,Oil & Gas E&P,Energy,APA
2015Q1,2015,Q1,2015-05-08,2015-03-31,-4651000000.0,1806000000.0,-7390000000.0,-12.34,-7195000000.0,-3.9839424141749724,48650000000.0,21211000000.0,5906000000.0,5493000000.0,25245000000.0,666000000.0,11504000000.0,22744410000.0,34788410000.0,56.262599469496024,1.0751866011287092,0.25227132579650563,0.5786148696431097,-0.13660566655273568,56.262599469496024,-0.2192730187167036,12.593803986710963,-1.2225548269189421,1.072293149780774,-0.02021070737475812,13.515015015015015,0.0041328836404197775,0.03712230215827338,0.3633715638084835,-0.09560123329907502,-15.871884159106768,-3.9839424141749724,0.034428794992175236,-6.8960278316961405,-0.3962340653406042,0.1311381891389844,-1.9719124328789757,0.0338595762359784,-1.5334247514569763,-6.959466700391721,-0.5934030847823951,-0.2710381694176016,Oil & Gas E&P,Energy,APA
2014Q4,2014,Q4,2015-02-27,2014-12-31,-4814000000.0,2926000000.0,-2917000000.0,-12.78,-2421000000.0,-0.8274094326725906,55952000000.0,25937000000.0,6415000000.0,3664000000.0,27815000000.0,708000000.0,16249000000.0,23626590000.0,34102590000.0,68.79840848806366,1.7508187772925765,0.20097583643122677,0.4335505262752053,-0.07335725756323241,68.79840848806366,-0.18560357790029688,8.074706083390295,-1.226972891566265,0.9109222346454872,-0.019526381387619442,7.55225988700565,0.00397856821487993,0.052294824134972835,0.7622816593886463,-0.08603803259937089,-10.394452265728113,-0.8274094326725906,-2.6514285714285712,-8.344172486612134,0.023390498582537576,0.46906595838966925,-27.151162790697676,-2.619548872180451,-6.028915662650602,-5.123956783334412,-0.306416357350048,-0.08879423104140852,Oil & Gas E&P,Energy,APA
2014Q3,2014,Q3,2014-11-06,2014-09-30,-1330000000.0,3468000000.0,-415000000.0,-3.5,-86000000.0,-0.024798154555940023,60990000000.0,30818000000.0,4426000000.0,4307000000.0,28004000000.0,713000000.0,21156000000.0,35764470000.0,46176470000.0,80.88713910761155,1.027629440445786,0.17907853746515823,0.354403270815757,-0.05686011053725167,80.88713910761155,-0.04315659679408138,10.312707612456748,-6.722644736842106,1.1605058731909923,-0.07142857142857142,4.984572230014026,0.002656267519132815,0.05686178061977373,0.649407940561876,-0.021806853582554516,-52.74995575221239,-0.024798154555940023,-3.67175572519084,-3.6548098376458102,0.31186773644234395,0.7707827810628517,-1.05470737913486,-3.633663366336634,-1.3452579034941763,-2.3377968472503814,-0.19239669902630013,0.11316566022731726,Oil & Gas E&P,Energy,APA
2014Q2,2014,Q2,2014-08-08,2014-06-30,505000000.0,3708000000.0,1202000000.0,1.31,1572000000.0,0.42394822006472493,61171000000.0,32755000000.0,5126000000.0,4570000000.0,26279000000.0,794000000.0,22581000000.0,38738700000.0,47889700000.0,85.07792207792208,1.1216630196936543,0.1581631818999199,0.2953747519462677,0.017738186575160627,85.07792207792208,0.01541749351244085,10.447330097087379,19.177574257425743,1.182680506792856,0.19207920792079208,2.690176322418136,0.002503955992328085,0.06061695901652744,0.6413566739606127,0.008255545928626309,-70.82029250457039,0.42394822006472493,1.1833333333333336,-0.01004872758110738,0.5441915473397604,0.908943161984888,-0.11386696730552424,1.1398305084745763,-0.18673883626522328,-0.5999298556883942,-0.14744840222018651,0.2251067640875269,Oil & Gas E&P,Energy,APA
2014Q1,2014,Q1,2014-05-09,2014-03-31,236000000.0,3647000000.0,1478000000.0,0.6,1774000000.0,0.48642720043871673,61121000000.0,33082000000.0,5463000000.0,4356000000.0,25944000000.0,727000000.0,22170000000.0,32682300000.0,40712300000.0,83.96446700507614,1.2541322314049588,0.1582598452250454,0.29239465570400824,0.02058661082531281,83.96446700507614,0.007133788767305483,8.961420345489444,34.62108050847458,0.987917900973339,0.3347457627118644,2.576341127922971,0.00241721053903795,0.05966852636573355,0.9462809917355371,0.0038611933705273147,-79.13389830508474,0.48642720043871673,0.3953488372093023,1.1142453315955019,0.898513178838764,0.9087268463633458,0.32190760059612517,0.3563218390804598,0.6100217864923747,-0.7976973831457757,-0.09676937502020763,0.27622790947472675,Oil & Gas E&P,Energy,APA
2013Q4,2013,Q4,2014-02-28,2013-12-31,174000000.0,3728000000.0,918000000.0,0.43,1342000000.0,0.35997854077253216,61637000000.0,33396000000.0,6366000000.0,4700000000.0,26244000000.0,891000000.0,22032000000.0,34290060000.0,42109060000.0,83.69924812030075,1.354468085106383,0.1577786070055324,0.29120253922625466,0.00659899483000603,83.69924812030075,0.005210204814947898,9.197977467811159,49.267327586206896,1.0267714696370822,0.45977011494252873,2.6778900112233446,0.0023330376208148948,0.06048315135389458,1.0336170212765958,0.0028229797037493715,-88.83435233160621,0.35997854077253216,-0.4266666666666667,1.0496112622219445,0.6681834161457649,0.6989779427555449,0.0052434456928838954,-0.43137254901960786,-0.0717896865520728,-0.7574218787665662,0.04202641261208232,0.3150433617785285,Oil & Gas E&P,Energy,APA
2013Q3,2013,Q3,2013-11-08,2013-09-30,306000000.0,4409000000.0,989000000.0,0.75,1335000000.0,0.3027897482422318,60239000000.0,32981000000.0,6016000000.0,4523000000.0,27258000000.0,889000000.0,21938000000.0,33970860000.0,43644860000.0,82.65914786967419,1.3300906478001326,0.18136091236574312,0.33125132652133044,0.01335808317769781,82.65914786967419,0.009278069191352597,7.704889997731912,27.753970588235298,1.030013037809648,0.31699346405228757,3.4578177727784025,0.002855388412303957,0.0731917860522253,0.9588768516471369,0.005079765600358572,-45.537345844504024,0.3027897482422318,-0.7047244094488189,-0.7843653914666161,0.09824511752565107,0.47504092262036257,-0.260797342192691,-0.7043478260869566,-0.3141470180305132,-0.6484832248559055,0.30840516683227653,0.34360868768538355,Oil & Gas E&P,Energy,APA
2013Q2,2013,Q2,2013-08-06,2013-06-30,1035000000.0,4119000000.0,1442000000.0,2.54,1806000000.0,0.4384559359067735,63350000000.0,32721000000.0,4758000000.0,5158000000.0,30629000000.0,973000000.0,21718000000.0,32653600000.0,45244600000.0,83.47193877551021,0.9224505622334238,0.20165745856353592,0.3904220531157361,0.020027119882052184,83.47193877551021,0.03163106262033556,7.927555231852391,7.887342995169082,0.9979401607530332,0.09371980676328502,2.3771839671120247,0.0029705759854962393,0.0650197316495659,0.6006203955021326,0.01633780584056827,-453.52222222222224,0.4384559359067735,0.4431818181818182,-0.38941854047464625,-0.10048421917340004,0.6892809485770525,-0.03215434083601286,0.4435146443514644,0.050254916241806266,0.03743269987870019,0.19505191432239802,0.5961698566920149,Oil & Gas E&P,Energy,APA
2013Q1,2013,Q1,2013-05-09,2013-03-31,717000000.0,4146000000.0,1373000000.0,1.76,1866000000.0,0.45007235890014474,61792000000.0,31987000000.0,4848000000.0,5562000000.0,29805000000.0,885000000.0,20781000000.0,30070319999.999996,42301320000.0,81.59948979591837,0.8716289104638619,0.20195170895908857,0.3901272391909213,0.016772109844907037,81.59948979591837,0.02241535623847188,7.252850940665701,10.484769874476987,0.9400794072591989,0.1199442119944212,2.5762711864406778,0.002859962913597195,0.06709606421543242,0.6030204962243797,0.011603443811496634,-166.13436464088394,0.45007235890014474,0.07317073170731714,-0.4030918193010699,0.106059633600876,0.6916852011610963,-0.1227080394922426,0.07335329341317365,-0.18419489007724302,-0.12584665402329986,0.3330162412732662,0.6405267441022297,Oil & Gas E&P,Energy,APA
2012Q4,2012,Q4,2013-03-01,2012-12-31,668000000.0,4393000000.0,1683000000.0,1.64,2127000000.0,0.48417937628044616,60737000000.0,31331000000.0,4962000000.0,5536000000.0,29406000000.0,908000000.0,20161000000.0,30693500000.0,42878500000.0,80.1304347826087,0.8963150289017341,0.20325337109175626,0.3940187035204749,0.015685889095588875,80.1304347826087,0.021320736650601642,6.986910994764398,11.487088323353293,0.9796527400976668,0.12874251497005987,2.495594713656388,0.0028018961669408833,0.07232823484860958,0.5863439306358381,0.010998238306139585,-64.48214285714286,0.48417937628044616,3.0,-0.46897932423333194,0.24343728019286165,0.7370670245420416,0.7363265306122448,2.7111111111111112,0.8453947368421053,-0.01739756149293177,0.48146997771365807,0.711040946398019,Oil & Gas E&P,Energy,APA
2012Q3,2012,Q3,2012-11-07,2012-09-30,180000000.0,4141000000.0,912000000.0,0.41,1225000000.0,0.2958222651533446,58810000000.0,30714000000.0,5044000000.0,5390000000.0,28096000000.0,774000000.0,19578000000.0,33786310000.0,45102310000.0,78.55242966751918,0.9358070500927643,0.19782349940486313,0.3787849189294784,0.004481447691055285,78.55242966751918,0.005860519632740769,8.15897367785559,46.92543055555556,1.1000296281825876,0.4722222222222222,3.7674418604651163,0.0025158118776510367,0.07041319503485802,0.6111317254174397,0.0030607039619112396,-29.328394097222223,0.2958222651533446,-0.5232558139534884,-0.7503846453944187,0.409662941410116,0.7804480431075327,-0.6858974358974359,-0.4943820224719101,0.045871559633027525,-0.6498916242029313,0.5263861310037783,0.7196712777891326,Oil & Gas E&P,Energy,APA
2012Q2,2012,Q2,2012-08-07,2012-06-30,356000000.0,3972000000.0,872000000.0,0.86,3900000000.0,0.9818731117824774,57217000000.0,30673000000.0,4639000000.0,5121000000.0,26544000000.0,745000000.0,19484000000.0,34189210000.0,44066210000.0,78.8508997429306,0.9058777582503418,0.17893283464704546,0.33377889348938805,0.009356330051631431,78.8508997429306,0.011606298699181691,8.607555387713997,24.009276685393257,1.1146353470478922,0.23595505617977527,0.09664429530201342,0.002456915500533648,0.06941992764388207,0.5830892403827378,0.006221927049653075,60.943333333333335,0.9818731117824774,-0.5700000000000001,-0.5219288713310757,0.38266738239183473,0.8500887563335708,-0.12536443148688048,-0.5533249686323714,-0.45703611457036114,-0.3093093670099345,0.6371248977566107,0.7692238151134171,Oil & Gas E&P,Energy,APA
2012Q1,2012,Q1,2012-05-08,2012-03-31,797000000.0,4536000000.0,1606000000.0,2.0,4459000000.0,0.9830246913580247,53237000000.0,29715000000.0,4954000000.0,4698000000.0,23522000000.0,607000000.0,19213000000.0,38669400000.0,46297400000.0,77.18181818181819,1.0544912728820774,0.14788586885061142,0.26495036177014974,0.021828809248996543,77.18181818181819,0.026821470637725053,8.525,12.129673776662484,1.3013427561837454,0.09661229611041405,0.12685337726523888,0.0019912385503783356,0.08520389954355054,0.7254150702426565,0.014970790991227905,966.735,0.9830246913580247,-0.32885906040268453,0.3947071663455188,0.9341470106526378,0.9061163993068039,0.05613453339649455,-0.3296888141295206,-0.18929833417465927,1.3948392090794222,1.4164977277248176,0.7545399103869102,Oil & Gas E&P,Energy,APA
2011Q4,2011,Q4,2012-02-29,2011-12-31,1189000000.0,4297000000.0,1981000000.0,2.98,4222000000.0,0.9825459622992786,52051000000.0,28993000000.0,4803000000.0,4963000000.0,23058000000.0,655000000.0,18500000000.0,34782720000.0,41703720000.0,75.50260416666667,0.9677614346161596,0.1386332635299994,0.2488876625392336,0.03351384555196036,75.50260416666667,0.04100989894112372,8.0946520828485,7.313439865433137,1.1996937191735935,0.063919259882254,0.11450381679389313,0.002184993008022374,0.08255364930548885,0.6798307475317349,0.022842980922556724,37.24059957173448,0.9825459622992786,0.192,0.9743897905872825,0.889680145981203,0.9009465089860926,-0.007988721804511278,0.18662674650698602,-0.07213114754098361,1.3522528813753423,0.9979054002454414,0.532597508108997,Oil & Gas E&P,Energy,APA
2011Q3,2011,Q3,2011-11-08,2011-09-30,1002000000.0,4328000000.0,2135000000.0,2.5,4256000000.0,0.9833641404805915,47482000000.0,27903000000.0,4576000000.0,4024000000.0,19579000000.0,566000000.0,17388000000.0,30812159999.999996,37428160000.0,72.6640625,1.1371769383697814,0.151678530811676,0.25810844712038133,0.029101806328864412,72.6640625,0.035910117191699814,7.1192606284658035,7.687664670658682,1.1042597570153747,0.07684630738522955,0.127208480565371,0.002499013376537056,0.09115033065161535,0.7818091451292246,0.02110273366749505,46.96975609756097,0.9833641404805915,-0.2113564668769716,0.3283921699592312,0.6417239444343479,0.8944361136845862,-0.0021101992966002345,-0.20413026211278792,-0.019742883379247015,-0.26632042124157623,0.12018075160641828,0.29668002336939847,Oil & Gas E&P,Energy,APA
2011Q2,2011,Q2,2011-08-08,2011-06-30,1259000000.0,4338000000.0,2178000000.0,3.17,4265000000.0,0.983171968649147,46529000000.0,26667000000.0,4900000000.0,4484000000.0,19862000000.0,633000000.0,16463000000.0,47381760000.0,54126760000.0,69.4453125,1.0927743086529884,0.16875497001869802,0.29444631942100724,0.03727708550908021,69.4453125,0.04721190985112686,10.922489626556017,9.408610007942812,1.776793790077624,0.06115965051628276,0.11532385466034756,0.0016250979279790368,0.09323217778159858,0.8033006244424621,0.0270583936899568,47.28718562874251,0.983171968649147,0.10839160839160841,0.4941607359035815,0.7866611248304659,0.9358802830551015,0.3220706757594544,0.11022927689594356,0.10222672064777327,-0.24179990298754836,-0.03292226367613631,0.40541414390446784,Oil & Gas E&P,Energy,APA
2011Q1,2011,Q1,2011-05-09,2011-03-31,1134000000.0,3925000000.0,1976000000.0,2.86,3226000000.0,0.8219108280254777,44866000000.0,25198000000.0,4001000000.0,3957000000.0,19668000000.0,593000000.0,15281000000.0,50142359999.99999,57946359999.99999,65.7911227154047,1.0111195350012636,0.1818749164177774,0.32383522501785855,0.03485926900860358,65.7911227154047,0.04500357171204064,12.775123566878978,11.054312169312169,1.9899341217556947,0.06701940035273368,1.178752107925801,0.001515684542969258,0.08748272634065885,0.7192317412180945,0.025275264119823473,177.1814840989399,0.8219108280254777,0.653179190751445,0.4772370518657081,0.6904074426806669,0.9273009656793783,-0.04624584210786173,0.6469846673570253,0.3125294754531747,-0.033751744286521744,0.0717073251001045,0.3639529970564953,Oil & Gas E&P,Energy,APA
2010Q4,2010,Q4,2011-02-28,2010-12-31,688531000.0,3434180000.0,1505490000.0,1.73,3382423000.0,0.9849288622029131,43425000000.0,24377000000.0,3480000000.0,3524000000.0,19048000000.0,564000000.0,14223000000.0,45665090000.0,53672090000.0,63.64751958224543,0.9875141884222475,0.1874726540011514,0.3339623415514624,0.025142292598528244,63.64751958224543,0.028245108093694876,13.297232527124379,16.58062236849176,1.8732858842351399,0.10786006730270678,0.0917677304964539,0.0016262970247074952,0.07908301669545192,0.6435868331441543,0.015855636154289005,105.4920681856509,0.9849288622029131,-0.18396226415094344,-0.2479241643069861,0.4068396455620405,0.9910229898550804,0.1389323726462791,-0.11530005846337688,0.07788456857124038,-0.44122566489593973,-0.007652639520234775,0.379750500046058,Oil & Gas E&P,Energy,APA
2010Q3,2010,Q3,2010-11-09,2010-09-30,778265000.0,3012659000.0,1396708000.0,2.12,2969819000.0,0.9857800036446209,36928349000.0,21945382000.0,4250460000.0,2526730000.0,14982967000.0,528725000.0,13610838000.0,34872751680.0,40177260680.0,61.52025409427054,1.6821979396294815,0.1764483974087225,0.2969165904699221,0.02855816179543961,61.52025409427054,0.03546372535233153,11.575406204286645,11.20208145040571,1.589070159726543,0.06510635837407566,0.08102510757009787,0.001452996897547948,0.08158119931113086,1.1747646167180505,0.021075001213837097,72.64808494592967,0.9857800036446209,-0.16205533596837934,0.046744134781207,0.3506027835223032,1.0876756747454066,0.1960979055733907,-0.09527529489446342,-0.03658699775823418,0.18298169446135892,0.12411763833089831,0.3944013759629572,Oil & Gas E&P,Energy,APA
2010Q2,2010,Q2,2010-08-06,2010-06-30,860223000.0,2971910000.0,1449750000.0,2.53,2482923000.0,0.835463725348345,30432407000.0,17675760000.0,4506940000.0,2202835000.0,12756647000.0,508702000.0,12900582000.0,28456220000.0,31663205000.0,52.29514792899408,2.0459725762483347,0.1647037646414232,0.2835709468786632,0.039431708999931286,52.29514792899408,0.048666818286738446,9.575061155956943,8.270012543259131,1.6099007906873593,0.05880335680399152,0.9612445007096493,0.0017776078481259985,0.09765609404474644,1.567661218384491,0.02826667637561498,35.056176176373484,0.835463725348345,0.21634615384615372,0.4183757515880274,0.6379193561143758,0.8634991864782094,0.13238972197898424,0.22020735310597023,0.12379016692324507,0.3294942708355544,0.19063057894700902,0.22700775146078145,Oil & Gas E&P,Energy,APA
2010Q1,2010,Q1,2010-05-07,2010-03-31,704981000.0,2673251000.0,1290054000.0,2.08,2192640000.0,0.8202147871636446,29228161000.0,16758536000.0,5038255000.0,2240726000.0,12469625000.0,497749000.0,12091022000.0,34197786000.0,37136541000.0,49.739810758509336,2.248492229750536,0.17327087393558563,0.3021975785951708,0.03453364646541315,49.739810758509336,0.04206698007510919,12.792583262851112,12.12720130046058,2.040618941893254,0.07160618513123049,0.9655689916001841,0.0014761481927514255,0.09146148469621472,1.7600425040812666,0.024119923247993603,430.87624735409736,0.8202147871636446,0.20231213872832376,0.22770733006387417,0.5696880396544293,0.8967486256066804,0.04326973402483704,0.203437656835198,0.11304529387048319,0.40971364991720954,0.30252166106780914,0.2283964179473828,Oil & Gas E&P,Energy,APA
2009Q4,2009,Q4,2010-02-26,2009-12-31,585806000.0,2555192000.0,1159031000.0,1.73,2101700000.0,0.8225213604300577,28185743000.0,15778621000.0,4585849000.0,2392558000.0,12407122000.0,533251000.0,11436580000.0,34760449080.0,37780048080.0,46.831395210789374,1.9167138267912418,0.17979714070336908,0.32117610277856345,0.029015861654009843,46.831395210789374,0.0371265651161784,13.603850152943497,14.83445418790521,2.203009317480913,0.09128960782238489,0.8504287849436757,0.0015384726439213194,0.0906554778421133,1.5020810362799983,0.020783770007411193,30.584825230571056,0.8225213604300577,0.3307692307692307,0.11503428357193922,0.6248844594735804,0.8771586886972985,0.13564644905828394,0.3253049663360602,0.2094114528931708,0.1086746920339114,0.28069514120785083,0.17908485699889143,Oil & Gas E&P,Energy,APA
2009Q3,2009,Q3,2009-11-06,2009-09-30,442016000.0,2332431000.0,958343000.0,1.3,1850664000.0,0.79344855217582,27225496000.0,15355322000.0,4019702000.0,1986949000.0,11870174000.0,539442000.0,10904323000.0,30869480970.0,34561815970.0,45.678747259481376,2.023052428622979,0.18547684126673028,0.3288566009882437,0.023845161224372673,45.678747259481376,0.028785850273931084,13.23489568180152,17.45948165337906,2.0103440989384658,0.1171767537826685,0.8930839645411369,0.0016778383818741606,0.0856708358958823,1.4838211750779713,0.016235369963507735,83.11049269439216,0.79344855217582,-0.007633587786259549,-0.007123682049446636,0.6150862536874575,0.9500854670878393,0.11847873779331401,-0.006080230257240511,0.09768789172744932,-0.3306040863328135,0.01066718845327244,0.1908977486117342,Oil & Gas E&P,Energy,APA
2009Q2,2009,Q2,2009-08-07,2009-06-30,444720000.0,2093378000.0,873056000.0,1.31,1654626000.0,0.7904095676939378,26401927000.0,14958695000.0,3485085000.0,1808355000.0,11443232000.0,571612000.0,10514200000.0,24216209550.000004,28411975550.000004,44.56807503344387,1.9272128536708777,0.18814244126953308,0.33206927475959636,0.02476585218498418,44.56807503344387,0.02972986614139803,11.568006136493267,13.613177701699948,1.6188718033224156,0.11624842597589495,0.7675696101551402,0.002134851034108267,0.07928883372793205,1.27641198769047,0.016844225044634054,-60.62631010379688,0.7904095676939378,1.2495238095238097,0.157860108134268,0.6391104990405647,0.9977817256555424,0.0338272249804122,1.253121905130511,1.4370929426283472,-0.3961631063142488,-0.013580407631809056,0.24239426110962234,Oil & Gas E&P,Energy,APA
2009Q1,2009,Q1,2009-05-08,2009-03-31,-1756940000.0,1633825000.0,-1997415000.0,-5.25,1600486000.0,0.9795945098159228,26292804000.0,14741150000.0,3802596000.0,2036383000.0,11551654000.0,522434000.0,10121246000.0,21476815360.0,25799317360.0,43.989776308250576,1.867328493706734,0.18682659331427717,0.3332301075560591,-0.07277869941234724,43.989776308250576,-0.11918608792394081,13.145113681085796,-3.0559972679772787,1.4569294363058514,-0.029388026910423803,0.06381475937630399,0.0024041273873483633,0.0621396257318162,1.3111069970629297,-0.06682208561703804,-41.62375184844227,0.9795945098159228,0.4027405675671064,-5.880039300859826,0.3776124743621113,1.0797771600301491,0.20934326910144366,0.4035401120242204,0.5910808637968022,-3.6158523690452373,-0.1957771018177267,0.2886470827630359,Oil & Gas E&P,Energy,APA
2008Q4,2008,Q4,2009-03-02,2008-12-31,-2945613000.0,1876890000.0,-4884621000.0,-8.79015,1323434000.0,0.7051207049960306,29186485000.0,16508721000.0,4450974000.0,2615228000.0,12677764000.0,498567000.0,11929827000.0,24975301120.0,28715424120.0,49.26447013464477,1.7019449164661742,0.1686250673899238,0.29811958176529846,-0.1369994167340114,49.26447013464477,-0.178427692853977,13.306747395958208,-2.1197031925103533,1.5128550006993273,-0.017525384359724106,1.1100935280513953,0.0020669620659212293,0.06430681872106216,1.2734751998678508,-0.10092386938680695,-55.22515698349346,0.7051207049960306,-3.4972017045454544,-11.917194294687139,0.7091098054915884,1.4502507518580778,-0.5337297386043467,-3.4735901580836814,-3.6054160588224313,-4.67733323194464,-0.1212212908982837,0.5410921472652042,Oil & Gas E&P,Energy,APA
2008Q3,2008,Q3,2008-11-10,2008-09-30,1190825000.0,3368882000.0,1874795000.0,3.52,2838341000.0,0.8425171911631217,32992432000.0,18763106000.0,4172292000.0,2916306000.0,14229326000.0,479723000.0,14927178000.0,34915551000.0,37328788000.0,56.0385455088479,1.4306770277193135,0.12299308520208513,0.216267018904013,0.05394925766209014,56.0385455088479,0.06346630456599243,10.364135935898021,7.3301179854302685,1.8608620022719053,0.043322906388428194,1.1059319649047472,0.001477565111316731,0.10211075073216791,1.1400158282429895,0.036093883591242985,58.6289800414418,0.8425171911631217,-0.17757009345794397,3.1627348750061146,1.9529315819789637,1.8847926510238975,-0.16949607811065795,-0.176030234654854,-0.22289095449788085,0.7063500389007396,0.6090539644555827,0.9016551545392704,Oil & Gas E&P,Energy,APA
2008Q2,2008,Q2,2008-08-11,2008-06-30,1445229000.0,3904118000.0,2412525000.0,4.28,3417613000.0,0.8753867070616206,31877159000.0,16514469000.0,4156346000.0,4124303000.0,15362690000.0,468346000.0,13788073000.0,46455891394.0,49493377394.0,49.412703580077604,1.0077693127784257,0.12692247762731929,0.24499292105607512,0.07235085350156158,49.412703580077604,0.08751289550999188,11.899202686496668,8.036077914641902,2.8130417874168403,0.03561580898252111,1.0387726168260218,0.0011079972519190103,0.12247383777205491,0.7940248328020516,0.04533744679066287,119.96728470346402,0.8753867070616206,0.4125412541254127,4.73216305282135,2.5890951109376235,1.6680694167335575,0.2694843148187288,0.41479256749546994,0.38124006304687236,1.4099477022383229,1.176058167908366,0.760785399215042,Oil & Gas E&P,Energy,APA
2008Q1,2008,Q1,2008-05-12,2008-03-31,1021513000.0,3187741000.0,1746637000.0,3.03,2692127000.0,0.8445250100306142,29816075000.0,16080007000.0,3053103000.0,3000482000.0,13736068000.0,490423000.0,12394428000.0,40277005254.5,44033477254.5,48.2356231170623,1.017537515639154,0.13883490700905468,0.2574322262421901,0.052653955450009886,48.2356231170623,0.0635269002059514,12.634967914425921,9.857193509651859,2.504787793593622,0.08288881296664849,1.0105847401121073,0.0021022417000712812,0.10691350219638232,0.7849932110907514,0.03426047861765843,71.67096746006466,0.8445250100306142,-0.05015673981191227,1.878699420492911,2.1498751952536588,1.6465940493713496,0.07231533505883515,-0.047560751610921166,0.07677384036268989,0.7979389546962198,0.891778333668764,0.8393888206926435,Oil & Gas E&P,Energy,APA
2007Q4,2007,Q4,2008-02-29,2007-12-31,1072523000.0,3012166000.0,1622102000.0,3.19,2510574000.0,0.8334779690096761,28634651000.0,15377979000.0,2752251000.0,2665016000.0,13256672000.0,461211000.0,11457592000.0,35849934986.5,39950790986.5,46.129731121764976,1.0327333869665323,0.14760714213000187,0.2748526968335696,0.05741365407205362,46.129731121764976,0.06974408015513613,11.90171291572244,8.356448996082136,2.331251394380237,0.04786097827272702,1.0875542864328909,0.0014318575478401865,0.10519304041805852,0.7740291240277732,0.03745542419916345,50.885183778171424,0.8334779690096761,0.7431693989071038,4.665310324637822,2.9397592020376164,1.9827556481580395,0.22725166301019512,0.7486369891154777,0.2891331005834113,1.0632631760993698,0.9359380503616767,0.8490336491734798,Oil & Gas E&P,Energy,APA
2007Q3,2007,Q3,2007-11-09,2007-09-30,613348000.0,2498594000.0,1258289000.0,1.83,2045688000.0,0.8187356569334594,27650918000.0,14672794000.0,2553992000.0,2926777000.0,12978124000.0,418752000.0,10436458000.0,30583097197.399998,35332339197.399994,44.119473169470574,0.8726295170421252,0.1757867134827133,0.3312705133051006,0.033652030211403436,44.119473169470574,0.04180171820036457,12.240122723979965,12.465638266286023,2.0843403919798775,0.08358876200786503,1.081561401497784,0.00167638351567475,0.09036206320527948,0.6193338269365927,0.022181831359089056,236.9790723061664,0.8187356569334594,-0.03174603174603166,2.7978254927815107,2.5136412098863565,1.7960743642771773,0.025392099366926813,-0.0318686487629787,0.04673365998119972,0.3925998887140166,0.7488189450006734,0.8835180166964424,Oil & Gas E&P,Energy,APA
2007Q2,2007,Q2,2007-08-09,2007-06-30,633538000.0,2444031000.0,1202110000.0,1.89,1995030000.0,0.8162867001277807,26931931000.0,14105188000.0,2540659000.0,3136506000.0,12826743000.0,406024000.0,9874555000.0,27002359972.88,31800625972.88,42.6200632120991,0.8100284201592473,0.18516711631260305,0.3535513316093341,0.035044840247219336,42.6200632120991,0.04491524678721049,11.048288656273183,10.655382933967656,1.9143566163655528,0.0806897139555954,1.1058484227533347,0.0018931678583406304,0.09074845023180848,0.5979969430952786,0.02352367529829183,147.17348041880823,0.8162867001277807,0.2857142857142857,2.8581930267411533,2.372190650351137,1.6730326843744427,0.24492288146328345,0.2851998888323133,0.3261208667315325,0.6728120211480719,0.9407622124647138,0.9104613193978518,Oil & Gas E&P,Energy,APA
2007Q1,2007,Q1,2007-05-10,2007-03-31,492949000.0,2023067000.0,906486000.0,1.47,1602533000.0,0.792130463301512,26053807000.0,13447855000.0,2371771000.0,3592277000.0,12605952000.0,373707000.0,9292202000.0,23480473162.3,28377545162.3,40.49166053546722,0.6602416795809455,0.19243022718330569,0.3728133594539798,0.029712320944064584,40.49166053546722,0.03665632920640503,11.60637446130059,11.90816553147486,1.7460385438644304,0.10352389395251842,1.1253040483587409,0.002173380393455462,0.07764957343853818,0.48229604788272173,0.018920421111586493,-165.39854160802463,0.792130463301512,-0.057692307692307744,4.322445654404606,2.3865575611896315,1.6099753177530811,0.038912551620410886,-0.05355185171674273,0.07078765828765829,0.381530764538027,0.7211708291284975,0.9143909749221446,Oil & Gas E&P,Energy,APA
