Quarters,Year,Quarter,FillingDate,Date,NetIncome,Revenue,OperatingIncome,EPSDiluted,GrossProfit,GrossProfitRatio,TotalAssets,CommonStockEquity,CurrentAssets,CurrentLiability,TotalLiability,Inventory,RetainedEarnings,MarketCap,EnterpriseValue,bookValuePerShare,currentRatio,debtToAssets,debtToEquity,roic,shareholdersEquityPerShare,roe,priceToSalesRatio,peRatio,pbRatio,payoutRatio,inventoryTurnover,dividendYield,assetTurnover,quickRatio,returnOnAssets,priceToFreeCashFlowsRatio,grossProfitMargin,epsdilutedGrowth,fiveYNetIncomeGrowthPerShare,fiveYRevenueGrowthPerShare,fiveYShareholdersEquityGrowthPerShare,grossProfitGrowth,netIncomeGrowth,operatingIncomeGrowth,threeYNetIncomeGrowthPerShare,threeYRevenueGrowthPerShare,threeYShareholdersEquityGrowthPerShare,Industry,Sector,Symbol
2023Q1,2023,Q1,2023-05-22,2023-03-31,658208.0,0.0,-2118542.0,0.14,0.0,0.0,20854048.0,16878243.0,86216.0,3975805.0,3975805.0,0.0,-3890050.0,625486.083,2361482.083,1.376194317340231,0.021685168160913326,0.08631417746808677,0.10664617164239193,0.10224498429297499,1.376194317340231,0.03899742408021972,0.0,0.23757158945196652,0.037058720093080776,2.1194865452865965,0.0,2.2303661710727467,0.0,0.016098375046059855,0.031562601179396924,-0.982251680308046,0.0,-0.7454545454545455,0.0,0.0,0.0,0.0,-0.7405796724454188,-1.8395450920471528,0.0,0.0,0.0,Shell Companies,Financial Services,OXUSW
2022Q4,2022,Q4,2023-03-31,2022-12-31,2537226.0,0.0,-746085.0,0.55,0.0,0.0,179449742.0,176948589.0,916794.0,2501153.0,2501153.0,0.0,-1584820.0,690000.0,1509208.0,10.257889217391304,0.36654854780975016,0.008358886356047255,0.008477038491671725,-0.013895046403621976,10.257889217391304,0.014338774976046856,0.0,0.06798763689162889,0.003899437706168994,0.7028837793716445,0.0,2.5846014492753624,0.0,0.2721912653884029,0.014138922529072234,-0.4795109821913791,0.0,3.230769230769231,0.0,0.0,0.0,0.0,3.3518380032382886,0.28090687937575176,0.0,0.0,0.0,Shell Companies,Financial Services,OXUSW
2022Q3,2022,Q3,2022-11-14,2022-09-30,583024.0,0.0,-1037536.0,0.13,0.0,0.0,177756532.0,176185150.0,742696.0,1571382.0,1571382.0,0.0,-1473607.0,1552500.0,1032742.0,10.213631884057971,0.4726387345661335,0.0,0.0,0.015107929464844653,10.213631884057971,0.0033091551700015582,0.0,0.6657101594445511,0.00881175286339399,1.3646247838853975,0.0,0.5124695652173913,0.0,0.3307648935777551,0.0032799019728850247,-5.753537360006523,0.0,60.09090909090909,0.0,0.0,0.0,0.0,16.488656288188725,-0.9304862982093152,0.0,0.0,0.0,Shell Companies,Financial Services,OXUSW
2022Q2,2022,Q2,2022-08-02,2022-06-30,-37642.0,0.0,-537448.0,-0.0022,0.0,0.0,177192317.0,176412406.0,974090.0,779911.0,779911.0,0.0,-1246351.0,1759500.0,1033034.0,10.226806144927536,1.2489758446797135,0.0,0.0,-0.0003988174920197433,10.226806144927536,-0.00021337501626727997,0.0,-11.685749960150895,0.009973788351370253,-7.020429307688221,0.0,0.15019210002841718,0.0,0.9314729501186674,-0.00021243584731724005,-7.86101704002216,0.0,0.0,0.0,0.0,0.0,0.0,0.9298799229539773,0.04967623978413628,0.0,0.0,0.0,Shell Companies,Financial Services,OXUSW
2022Q1,2022,Q1,2022-05-23,2022-03-31,-536822.0,0.0,-565542.0,0.0,0.0,0.0,177241103.0,176699951.0,1250567.0,541152.0,541152.0,0.0,-958806.0,0.0,-950292.0,0.0,2.310934820531015,0.0,0.0,-0.003117193153482293,0.0,-0.0030380427213587626,0.0,0.0,0.0,0.0,0.0,,0.0,1.7560537519957424,-0.0030287669785038517,0.0,0.0,1.0,0.0,0.0,0.0,0.0,-0.4119500577329241,-0.345097003902989,0.0,0.0,0.0,Shell Companies,Financial Services,OXUSW
2021Q4,2021,Q4,2022-03-31,2021-12-31,-380199.0,0.0,-420447.0,-0.067,0.0,0.0,177486184.0,1301133.0,1435968.0,235051.0,176185051.0,0.0,-407624.0,0.0,-1123384.0,0.0,6.109176306418607,0.0,0.0,-0.3068951278957694,0.0,-0.29220610037559575,0.0,0.0,0.0,-0.010426118953495406,0.0,,0.0,4.779320232630365,-0.002142132933569635,0.0,0.0,-36.22222222222223,0.0,0.0,0.0,0.0,-51.07492124366525,-52.0264850548619,0.0,0.0,0.0,Shell Companies,Financial Services,OXUSW
2021Q3,2021,Q3,2021-11-15,2021-09-30,-7301.0,0.0,-7929.0,-0.0018,0.0,0.0,177714821.0,1699587.0,1764193.0,65234.0,176015234.0,0.0,-26009.0,0.0,-1747044.0,0.0,27.04407210963608,0.0,0.0,-0.004263966595543488,0.0,-0.004295749496789514,0.0,0.0,0.0,,0.0,,0.0,26.781187724192904,-4.108267368426182e-05,0.0,0.0,0.0,0.0,0.0,0.0,0.0,0.0,0.0,0.0,0.0,0.0,Shell Companies,Financial Services,OXUSW
2021Q2,2021,Q2,2021-06-30,2021-06-30,0.0,0.0,0.0,0.0,0.0,0.0,318318.0,6332.0,87774.0,311986.0,311986.0,0.0,-18708.0,0.0,192201.0,0.0,0.28133954728737826,0.8794193228155492,44.20957043588124,,0.0,0.0,0.0,0.0,0.0,0.0,0.0,,0.0,0.28133954728737826,0.0,0.0,0.0,0.0,0.0,0.0,0.0,0.0,0.0,0.0,0.0,0.0,0.0,Shell Companies,Financial Services,OXUSW
2021Q1,2021,Q1,2021-03-31,2021-03-31,,,,,,,31211.0,7082.0,0.0,24129.0,,0.0,-17918.0,0.0,0.0,0.0,0.0,0.0,0.0,,0.0,,0.0,0.0,0.0,0.0,0.0,,,0.0,,0.0,0.0,0.0,0.0,0.0,0.0,0.0,0.0,0.0,0.0,0.0,0.0,Shell Companies,Financial Services,OXUSW
