Quarters,Year,Quarter,FillingDate,Date,NetIncome,Revenue,OperatingIncome,EPSDiluted,GrossProfit,GrossProfitRatio,TotalAssets,CommonStockEquity,CurrentAssets,CurrentLiability,TotalLiability,Inventory,RetainedEarnings,MarketCap,EnterpriseValue,bookValuePerShare,currentRatio,debtToAssets,debtToEquity,roic,shareholdersEquityPerShare,roe,priceToSalesRatio,peRatio,pbRatio,payoutRatio,inventoryTurnover,dividendYield,assetTurnover,quickRatio,returnOnAssets,priceToFreeCashFlowsRatio,grossProfitMargin,epsdilutedGrowth,fiveYNetIncomeGrowthPerShare,fiveYRevenueGrowthPerShare,fiveYShareholdersEquityGrowthPerShare,grossProfitGrowth,netIncomeGrowth,operatingIncomeGrowth,threeYNetIncomeGrowthPerShare,threeYRevenueGrowthPerShare,threeYShareholdersEquityGrowthPerShare,Industry,Sector,Symbol
2023Q1,2023,Q1,2023-05-04,2023-03-31,397000000.0,4690900000.0,2438000000.0,0.77,1987200000.0,0.423628728,94517900000.0,15732000000.0,7798200000.0,12621700000.0,70550100000.0,1457200000.0,12313800000.0,25888794226.8,68963894226.8,30.596488699346764,0.6178407029164059,0.4536992463861343,2.7258263412153574,0.0400944620279862,30.596488699346764,0.025235189422832444,5.518939697456778,16.302767145340052,1.6456136681159421,1.0876574307304785,1.8554076310732912,0.016679030943550163,0.049629752671187154,0.2363469263252969,0.004200262595762284,-18.841917195633187,0.4236287279626511,0.878048780487805,-0.16075197037616534,0.11306783419841152,0.24540594671337804,0.09108878273760501,0.8656015037593985,0.03480475382003396,-0.22789181199843211,0.20554331906417145,0.1316290390556813,Utilities—Regulated Electric,Utilities,AEPPZ
2022Q4,2022,Q4,2023-02-23,2022-12-31,212800000.0,4881100000.0,2356000000.0,0.41,1821300000.0,0.3731331052,93469400000.0,15758700000.0,9418700000.0,14567400000.0,69347000000.0,1302100000.0,12345600000.0,26506962000.0,65845761999.0,30.664915353181552,0.6465601274077736,0.4263234812569675,2.528647667574102,0.02988749356674447,30.664915353181552,0.013503651950985804,5.430530413226527,31.140697838345865,1.6820525804793542,2.033364661654135,2.349896321327087,0.016324013291300603,0.05222136870462419,0.23110507022529758,0.0022766809244522805,-19.246995352889922,0.3731331052426707,-0.6917293233082707,-0.4901294060787667,0.22985757635706572,0.2654311860456052,-0.214652235781122,-0.6887523767734386,-0.17190959895961477,0.33263929794323677,0.29759348261171287,0.14377539709395476,Utilities—Regulated Electric,Utilities,AEPPZ
2022Q3,2022,Q3,2022-10-27,2022-09-30,683700000.0,5526100000.0,2845100000.0,1.33,2319100000.0,0.4196630535,91249400000.0,15802300000.0,9320000000.0,11836400000.0,66737100000.0,1134000000.0,12389800000.0,25429644702.0,62751544702.0,30.75992052450816,0.7874015748031497,0.41473259002250973,2.3948475854780633,0.051152228217149924,30.75992052450816,0.043265853704840436,4.6017344423734645,9.298539089512944,1.6092369276624288,0.5982155916337575,2.828042328042328,0.016083590816659457,0.060560398205358065,0.27681558582001287,0.0074926520064789465,235.67789343836887,0.41966305350970845,0.303921568627451,0.2098674735429389,0.29767791892066026,0.2842637510738737,0.08929074682949742,0.3035271687321258,0.1054942493005906,-0.10077356892953869,0.23549656284424467,0.13452775036431036,Utilities—Regulated Electric,Utilities,AEPPZ
2022Q2,2022,Q2,2022-07-27,2022-06-30,524500000.0,4639700000.0,2573600000.0,1.02,2129000000.0,0.4588658749,90861300000.0,15520600000.0,9371000000.0,12448000000.0,66564300000.0,1102300000.0,12108600000.0,27879479834.68,64987679833.68,30.21785818801557,0.7528116966580977,0.41473652698123403,2.4279667022537788,0.043303928747442995,30.21785818801557,0.033793796631573524,6.008897091337802,13.28859858659676,1.796288792616265,0.7715919923736893,2.277692098339835,0.014516052752769917,0.05106354410513607,0.25821015424164523,0.005772534621450496,-233.10601868461538,0.45886587494881137,-0.276595744680851,0.34365283281634396,0.24624812572417729,0.28483522851236615,-0.007320371147479834,-0.26960033421529034,-0.027104676218198315,0.09804005459974115,0.25383418257769,0.14988290007015498,Utilities—Regulated Electric,Utilities,AEPPZ
2022Q1,2022,Q1,2022-04-28,2022-03-31,718100000.0,4592600000.0,2645300000.0,1.41,2144700000.0,0.4669903758,89831400000.0,15396200000.0,8268000000.0,13568600000.0,65793300000.0,966800000.0,11985100000.0,28319373979.039997,64983173979.03999,30.374460065277173,0.6093480535943281,0.4156608936296217,2.4252347981969575,0.04614983676227155,30.374460065277173,0.046641379041581686,6.1663053562339405,9.859133121793622,1.8393742598199554,0.5553544074641414,2.5319611088125775,0.01408223219535727,0.05112466242316161,0.21285910116003126,0.007993864060896302,-296.5379474245026,0.4669903758219745,0.7848101265822783,0.18058892090664896,0.13679912074431239,0.30090396642382705,0.21629898485793683,0.8015554440541897,0.24660697455230915,0.2212999362139583,0.10284744384434169,0.16231241201335886,Utilities—Regulated Electric,Utilities,AEPPZ
2021Q4,2021,Q4,2022-02-24,2021-12-31,398600000.0,4061400000.0,2122000000.0,0.79,1763300000.0,0.4341606343,87668700000.0,15075800000.0,7809200000.0,12426700000.0,64988500000.0,989200000.0,11667100000.0,26499892466.2,62755392466.2,29.924162183353637,0.6284210611023039,0.35703392430821945,2.076221494050067,0.038431602488147074,29.924162183353637,0.02643972459172979,6.52481717294529,16.62060490855494,1.75777686532058,0.9954841946813848,2.323190456934897,0.014973645666906354,0.046326682156801684,0.2162199135731932,0.00454666260592435,-35.47509031619813,0.4341606342640469,-0.5,0.041878106856893686,0.0458731822603212,0.31133709816777133,-0.18685727461378834,-0.4992462311557789,0.8663148636763413,0.07356691107839602,0.045786943137363555,0.16528134940068975,Utilities—Regulated Electric,Utilities,AEPPZ
2021Q3,2021,Q3,2021-10-28,2021-09-30,796000000.0,4623000000.0,1137000000.0,1.58,2168500000.0,0.469067705,86337100000.0,14927500000.0,5785100000.0,9954000000.0,63809900000.0,978500000.0,11523000000.0,25048810108.96,61587010108.96,29.62996233240299,0.5811834438416716,0.37129461147061926,2.1474794841735054,0.021865183886761824,29.62996233240299,0.05332440127281862,5.418301991987886,7.867088602060301,1.6780311578603249,0.47261306532663316,2.5084312723556463,0.015018677468652798,0.0535459263746408,0.388597548724131,0.009219674971709729,39.969379462198816,0.4690677049534934,0.37391304347826104,2.0128211615900513,-0.0317208560758763,0.30595022684767775,0.15882007160797307,0.37668626772742997,0.3542162934730824,0.35042850389326363,0.04546836160121606,0.15814400955449062,Utilities—Regulated Electric,Utilities,AEPPZ
2021Q2,2021,Q2,2021-07-22,2021-06-30,578200000.0,3826500000.0,839600000.0,1.15,1871300000.0,0.489036979,84358200000.0,14481400000.0,4605800000.0,10428600000.0,62728300000.0,1188400000.0,11098700000.0,25762580833.920002,62506780833.92,28.8025078226254,0.44165084479220607,0.3634418467914204,2.117150275525847,0.016510366750946463,28.8025078226254,0.039927078873589573,6.732674985997648,11.13913041937046,1.779011755349621,0.6476997578692494,1.6452372938404578,0.014536587091729527,0.04536014281954807,0.2683006347927814,0.006854105469296405,-186.55018706676324,0.48903697896249837,0.0,0.12005314007527508,-0.03919278280984111,0.16223096609859372,0.009821380389617398,0.005565217391304348,-0.0003571853792118109,0.0747663551017371,-0.06349586700285295,0.15091585244960853,Utilities—Regulated Electric,Utilities,AEPPZ
2021Q1,2021,Q1,2021-04-22,2021-03-31,575000000.0,4281100000.0,839900000.0,1.15,1853100000.0,0.4328560417,82985100000.0,14269100000.0,4258399999.0,10220100000.0,61765100000.0,1271900000.0,10892700000.0,24430000000.0,60415900000.0,28.5382,0.4166691127288383,0.36409909730782997,2.117498650931033,0.01692673343441613,28.5382,0.04029686525429074,5.706477307234122,10.621739130434783,1.712091162021431,0.6469565217391304,1.9089551065335326,0.015227179697093737,0.05158877919048118,0.24640659093355252,0.0069289547159670836,-14.665626125585304,0.432856041671533,0.32183908045977,0.12745208399840383,0.04013304592598086,0.17345476646605462,0.17589948600799543,0.3203214695752009,0.3998333333333333,0.24999999878961254,0.044631637174764704,0.16162492819820007,Utilities—Regulated Electric,Utilities,AEPPZ
2020Q4,2020,Q4,2021-02-25,2020-12-31,435500000.0,3610600000.0,600000000.0,0.87,1575900000.0,0.4364648535,80757200000.0,14047100000.0,4351500000.0,9926700000.0,59982700000.0,1310000000.0,10687800000.0,25327038295.100002,59365838295.100006,28.080846434286638,0.43836320227265857,0.3589327019757991,2.0635148891942108,0.013093603456784656,28.080846434286638,0.03100284044393505,7.014634214562677,14.539057574684271,1.803008328772487,0.8477611940298507,1.553206106870229,0.01457730650138547,0.044709326227259,0.2640857485367746,0.005392708018603914,-39.175619946017015,0.4364648534869551,-0.42,1.1200246446269908,-0.007425871453344017,0.19061019570394114,-0.18156323032978447,-0.4182473951375902,-0.38328707986432314,0.07196014583466555,-0.06541537624380546,0.15879592032909604,Utilities—Regulated Electric,Utilities,AEPPZ
2020Q3,2020,Q3,2020-10-22,2020-09-30,748600000.0,4066400000.0,972900000.0,1.5,1925500000.0,0.4735146567,78689300000.0,13979000000.0,4338200000.0,9047200000.0,58054700000.0,1267300000.0,10621400000.0,24464247967.32,57445647967.32,28.010285904368537,0.47950747192501547,0.35780595328716863,2.014128335360183,0.022556973362138685,28.010285904368537,0.053551756205737176,6.016193184959669,8.169999989086294,1.7500713904656986,0.4690088164573871,1.6893395407559377,0.01435155499032747,0.05167665743627151,0.27294632593509593,0.009513364587053132,-81.49316444810127,0.47351465669879994,0.4285714285714285,0.4423090793017975,-0.09756775244681176,0.19289371570818975,0.1196720358202012,0.4374039966155991,0.292890365448505,0.363636364957253,-0.017042360930292315,0.16946319206301577,Utilities—Regulated Electric,Utilities,AEPPZ
2020Q2,2020,Q2,2020-08-06,2020-06-30,520799999.0,3494000000.0,752500000.0,1.05,1719700000.0,0.4921866056,77804800000.0,13577300000.0,4273200000.0,10122000000.0,57462900000.0,1279800000.0,10221900000.0,25291040941.01,57719140941.009995,27.373588764866106,0.4221695317131002,0.3423657666365057,1.9619291022515521,0.017854004316763896,27.373588764866106,0.038358141824957837,7.238420418148253,12.140476665501104,1.8627445030315304,0.6545698937299729,1.3863884982028443,0.013479081418401522,0.044907255079378136,0.2304485279589014,0.0066936744134038,-70.62563792518849,0.49218660560961647,0.050000000000000044,0.19674076168197202,-0.1239985356790407,0.19108352810573473,-0.014442088371826466,0.051696282310177706,-0.03686164085498528,0.38157894573264023,-0.028146796537076114,0.1638995377196838,Utilities—Regulated Electric,Utilities,AEPPZ
2020Q1,2020,Q1,2020-05-06,2020-03-31,495200000.0,3747500000.0,781300000.0,1.0,1744900000.0,0.4656170781,77724000000.0,13389000000.0,5292000000.0,11654700000.0,57651500000.0,1195900000.0,10038800000.0,25250248990.399998,57023048990.399994,27.0375605815832,0.4540657417179335,0.3317250784828367,1.9256852640227051,0.017804933711063554,27.0375605815832,0.03698558518186571,6.7378916585456965,12.7475005,1.8858950623945028,0.7344507269789984,1.674554728656242,0.014403818359901191,0.048215480417888944,0.29870352733232086,0.0063712624157274455,-21.429388942035132,0.46561707805203467,2.225806451612903,-0.20866605786326173,-0.21301861218376109,0.19332407529665113,0.25190127708423016,2.2260586319218243,0.6239866971523592,-0.16666666666666663,-0.05050847991222952,0.15798831411046968,Utilities—Regulated Electric,Utilities,AEPPZ
2019Q4,2019,Q4,2020-02-20,2019-12-31,153500000.0,3616000000.0,481100000.0,0.31,1393800000.0,0.3854535398,75892300000.0,13244300000.0,4077800000.0,10299100000.0,55913400000.0,1169200000.0,9900900000.0,25189121360.162365,55474821360.16237,26.810259628851416,0.3959375091027371,0.3310849717296748,1.8971784088249284,0.007342090926600555,26.810259628851416,0.011589891500494552,6.966018075266141,41.02462762241428,1.901883931967893,2.267100977198697,1.9006158056790967,0.013815487845891136,0.047646467428184416,0.20920274587099844,0.002022603083580284,-31.660534640726954,0.38545353982300884,-0.7905405405405405,-0.02897499937975865,-0.09490855711931574,0.2450192978934127,-0.27553407141743336,-0.7907293796864349,-0.5131552317344668,-0.5908162526695608,-0.050353302768784566,0.17487961224792578,Utilities—Regulated Electric,Utilities,AEPPZ
2019Q3,2019,Q3,2019-10-24,2019-09-30,733500000.0,4315000000.0,988200000.0,1.48,1923900000.0,0.4458632677,73900700000.0,13437200000.0,4166399999.0,8611200000.0,53835700000.0,1051300000.0,10095300000.0,25271075448.796883,54343375448.79688,27.11253251816078,0.48383500545800817,0.332249897497588,1.8272780043461436,0.02399752054291417,27.11253251816078,0.05458726520406037,5.8565644145531595,8.613181816222523,1.8806801602117167,0.45521472392638035,2.2744221440121755,0.013212734087100218,0.05838916275488595,0.27549005945745075,0.009925481084752918,178.34209914464984,0.4458632676709154,0.5913978494623655,0.5012263430614977,-0.010528041810709697,0.22942644484062485,0.30354360051494006,0.5900715369607631,0.7008605851979346,1.9487179166060653,-0.08129777272535509,0.19499368899925135,Utilities—Regulated Electric,Utilities,AEPPZ
2019Q2,2019,Q2,2019-07-25,2019-06-30,461300000.0,3573600000.0,581000000.0,0.93,1475900000.0,0.4130008955,72550000000.0,13035000000.0,4061300000.0,8357100000.0,53059200000.0,1034400000.0,9694200000.0,25292164709.664074,53816864709.66408,26.279074318064875,0.48597001352143687,0.33321019986216405,1.8545761411584196,0.013152638510174208,26.279074318064875,0.03538933640199463,7.077502996883835,13.707004503394794,1.940327173737175,0.7251246477346629,2.027938900812065,0.013225439729648304,0.049257064093728466,0.2593483385384882,0.0063583735354927635,-58.791642746778415,0.413000895455563,-0.1982758620689654,0.18906392438811914,-0.12304507695082455,0.22847166055212187,-0.1339123290886685,-0.1946578212290503,-0.29007820136852397,-0.09421886929067198,-0.0904642951959035,0.060406063282766334,Utilities—Regulated Electric,Utilities,AEPPZ
2019Q1,2019,Q1,2019-04-26,2019-03-31,572800000.0,4056800000.0,818400000.0,1.16,1704100000.0,0.4200601459,70722000000.0,12904200000.0,3914800000.0,7990600000.0,51425000000.0,946600000.0,9565600000.0,25178533031.29706,52323933031.29706,26.132784741292145,0.489925662653618,0.32377760809931844,1.7744765270222098,0.020588522371586482,26.132784741292145,0.044388648657026394,6.206500944413592,10.989234039497669,1.9511889951563874,0.5824022346368715,2.4854215085569407,0.013249381907410306,0.05736263114730918,0.28519760718844644,0.0080993184581884,-31.891745448128002,0.42006014592782487,0.5675675675675674,0.010581492793461477,-0.13766932254902672,0.22814106421241354,0.16919382504288163,0.5762245459548707,0.32878714076960547,0.1372550350753121,-0.001974289103108822,0.07454712685805867,Utilities—Regulated Electric,Utilities,AEPPZ
2018Q4,2018,Q4,2019-02-21,2018-12-31,363400000.0,3801100000.0,615900000.0,0.74,1457500000.0,0.3834416353,68802800000.0,12662700000.0,4113899999.0,8648800000.0,49674000000.0,921100000.0,9325300000.0,25143176410.94025,50165776410.94025,25.679774415632576,0.47566136331051706,0.31464126459969655,1.7096037969785274,0.016938348886992013,25.679774415632576,0.028698460833787423,6.61471058665656,17.297176947537324,1.9856094206559622,0.9163456246560264,2.5443491477581155,0.01324415000545061,0.055246298115774355,0.26821061881417074,0.005281761788764411,-71.4497766721803,0.3834416353160927,-0.3675213675213675,0.037296332084670834,-0.005015058323685497,0.24203545985201882,-0.0892901774556361,-0.37084487534626037,-0.16261046906866078,0.7946470081180133,0.06006924466009815,0.08880625497448878,Utilities—Regulated Electric,Utilities,AEPPZ
2018Q3,2018,Q3,2018-10-25,2018-09-30,577600000.0,4333100000.0,735500000.0,1.17,1600400000.0,0.3693429646,67617400000.0,12630200000.0,4692400000.0,8426200000.0,48500600000.0,847900000.0,9293700000.0,25172521616.00127,49400821616.00127,25.58400517376151,0.5568821058128219,0.3086454078388107,1.652372884039841,0.018404549397302065,25.58400517376151,0.04573165903944514,5.809356261337442,10.895308871191686,1.99304220170712,0.5337603878116344,3.2229036442976766,0.012247481786013236,0.0640826177877292,0.3643991360281028,0.008542179971427474,54.85404579647259,0.3693429646211719,0.09345794392523352,0.3157306427540774,0.023448333089127287,0.25039664140643325,0.004393121626710179,0.093111279333838,-0.06709791983764586,0.1250001202265405,-0.027879524004148063,0.0895639944062877,Utilities—Regulated Electric,Utilities,AEPPZ
2018Q2,2018,Q2,2018-07-26,2018-06-30,528400000.0,4013200000.0,788400000.0,1.07,1593400000.0,0.3970397688,66870100000.0,12358500000.0,4570100000.0,9058300000.0,48048300000.0,915600000.0,9023100000.0,25180483194.913548,49590483194.91354,25.025728650206844,0.5045207158076018,0.2953577159298401,1.598138932718372,0.02161043077039974,25.025728650206844,0.04275599789618481,6.274415228474421,11.913551852249029,2.037503191723393,0.5830809992429977,2.642857142857143,0.012235666711202593,0.060014864640549365,0.29199739465462615,0.0079018873906275,-222.0501163572623,0.39703976876308184,0.1630434782608696,0.5507268860472234,0.11135915140649537,0.2552731802239278,0.04055377783582577,0.16285211267605634,0.06829268292682927,0.2195358254231486,0.010590892501441155,0.08892310139338554,Utilities—Regulated Electric,Utilities,AEPPZ
2018Q1,2018,Q1,2018-04-26,2018-03-31,454400000.0,4048300000.0,738000000.0,0.92,1531300000.0,0.3782575402,65609500000.0,12134200000.0,4135000000.0,9471400000.0,47027200000.0,922800000.0,8801500000.0,25184627050.396084,49121027050.39609,24.567482418155134,0.43657748590493484,0.28722822152279776,1.553040167460566,0.019473315738576056,24.567482418155134,0.03744787460236357,6.221037731985298,13.855978790930944,2.0755078250231644,0.6736355633802817,2.7275682704811444,0.012154239941194042,0.0617029546026109,0.23257385391811136,0.006925826290400019,-22.33867930671996,0.37825754020206015,0.13580246913580243,0.2312897489608651,0.04077365137597056,0.2354285484979214,-0.03430661537491329,0.13401547292238583,-0.09813027007210069,-0.27197277252924484,-0.14763491931023,0.0843052260780191,Utilities—Regulated Electric,Utilities,AEPPZ
2017Q4,2017,Q4,2018-02-23,2017-12-31,400700000.0,3810400000.0,818300000.0,0.81,1585700000.0,0.4161505354,64729100000.0,11956100000.0,4253100000.0,8271299999.0,46415500000.0,953200000.0,8626700000.0,25157722991.680817,47755022991.68082,24.232779855068635,0.5141997026482172,0.3000134406318024,1.6242420187184785,0.018266031820802886,24.232779855068635,0.033514273048903906,6.602383737056691,15.696108679611191,2.10417468837504,0.7908659845270776,2.3339278220730173,0.012596529507252817,0.05886687749404827,0.2741165234333317,0.006190415130134669,-31.380470240340298,0.4161505353768633,-0.26363636363636367,17.773121302263338,0.0376216998145777,0.23498303890548602,-0.10219680670365756,-0.26436570589315217,-0.17050177394830207,1.5379500024898385,-0.045059541830532415,0.1253258632637762,Utilities—Regulated Electric,Utilities,AEPPZ
2017Q3,2017,Q3,2017-10-27,2017-09-30,544700000.0,4104700000.0,986500000.0,1.1,1766200000.0,0.4302872317,63964900000.0,11860300000.0,4067800000.0,7322000000.0,45859400000.0,916500000.0,8532000000.0,25249321890.183636,46686421890.18364,23.951404451606905,0.5555585905490303,0.287069939920175,1.5482239066465435,0.022141172589309165,23.951404451606905,0.045926325641004025,6.151319679923901,11.588636813926763,2.1288940322069116,0.5325867449972462,2.551554828150573,0.011489417468782967,0.06417113135485243,0.3035509423654739,0.0085156077786411,240.24093140041518,0.430287231709991,0.4473684210526317,0.10000000040389212,-0.028662504350093175,0.1988010244535007,0.1945891105850524,0.45253333333333334,0.32451664876476904,0.11577708816902117,-0.05794096859532443,0.08608408322442247,Utilities—Regulated Electric,Utilities,AEPPZ
2017Q2,2017,Q2,2017-07-27,2017-06-30,375000000.0,3576500000.0,744800000.0,0.76,1478500000.0,0.413392982,62739100000.0,11604700000.0,3809000000.0,8392200000.0,44889600000.0,982200000.0,8276400000.0,25159540428.3221,46390740428.3221,23.518858696770806,0.4538738352279498,0.26772618670015985,1.4474221651572208,0.017405472241328497,23.518858696770806,0.032314493265659605,7.034682071388817,16.773026952214735,2.1680474659682805,0.7826666666666666,2.1360211769497046,0.011665554895017357,0.05700591815948906,0.23332380067205263,0.005977133876641521,-93.32173749377634,0.4133929819656088,-0.36666666666666664,0.01718371367768564,-0.011027403501358085,0.2033902874209284,-0.08275947639431727,-0.3667679837892604,-0.15517241379310345,-0.028290802080887606,-0.11770695064443339,0.0994394645648347,Utilities—Regulated Electric,Utilities,AEPPZ
2017Q1,2017,Q1,2017-04-28,2017-03-31,592200000.0,3933300000.0,881600000.0,1.2,1611900000.0,0.4098085577,61728300000.0,11522599999.0,3616400000.0,7914500000.0,44016600000.0,955300000.0,8194299999.0,25163565987.0,45760965987.0,23.348733533941235,0.4569334765304188,0.27090005718608806,1.4512523216506041,0.019785215089516896,23.348733533941235,0.05139465051736541,6.397570993059263,10.622917083333332,2.183844443891469,0.49206349206349204,2.4300219826232596,0.011580234699268898,0.06371955812811951,0.25377471729104806,0.009593654774228352,-44.71932821574551,0.40980855769964153,0.5789473684210525,0.0,0.0,0.0,0.29887187751813055,0.5859667916443492,0.5231513476157568,0.045430031428571445,-0.16342371662577354,0.09730129162533267,Utilities—Regulated Electric,Utilities,AEPPZ
2016Q4,2016,Q4,2017-02-28,2016-12-31,373400000.0,3790100000.0,578800000.0,0.76,1241000000.0,0.3274319939,63467700000.0,11220700000.0,6033900000.0,9498000000.0,46047600000.0,967300000.0,7892400000.0,25072481985.537376,46831381985.53738,22.819580278148408,0.6352811118130133,0.2738148696108414,1.5487803791207322,0.017436159233628387,22.819580278148408,0.03327778124359443,6.615256058029439,16.78661086337532,2.2344846565309986,0.7798607391537226,2.6352734415383026,0.011614326821252624,0.059716989901950124,0.23856601389766266,0.005883307572198142,-85.22257642942684,0.32743199387878946,1.4871794871794872,0.0,0.0,0.0,-0.36054001133611585,1.4875946722381823,-0.4909410729991205,0.06884578126762457,-0.005097101376496917,0.1036984759159904,Utilities—Regulated Electric,Utilities,AEPPZ
2016Q3,2016,Q3,2016-11-02,2016-09-30,-765800000.0,4652200000.0,1137000000.0,-1.56,1940700000.0,0.4171574739,61442000000.0,11137700000.0,5949200000.0,7779400000.0,44099000000.0,1024800000.0,7809400000.0,25030877254.295498,46001677254.2955,22.688431552191876,0.764737640434995,0.28189023794798346,1.5550697181644326,0.0563979349259907,22.688431552191876,-0.06875746339010748,5.380438771827414,-8.171479908035877,2.2474009224791023,-0.3613214938626273,2.64588212334114,0.011054346884806688,0.07571693629764656,0.31199064195182147,-0.012463786986100713,45.87770757752107,0.417157473883324,-2.5145631067961163,0.0,0.0,0.0,0.19105192095249784,-2.517637732857709,0.3126298776264142,-2.7543078983771143,0.10503552481972239,0.10887792661704712,Utilities—Regulated Electric,Utilities,AEPPZ
2016Q2,2016,Q2,2016-07-28,2016-06-30,504600000.0,3892900000.0,866200000.0,1.03,1629400000.0,0.4185568599,63317100000.0,12179400000.0,4438900000.0,7869900000.0,44912200000.0,1362000000.0,8851400000.0,25059538122.539673,46416738122.53967,24.78208605928853,0.5640351211578292,0.27697730944721094,1.4399231489235922,0.021985102669768598,24.78208605928853,0.041430612345435734,6.437241676523844,12.415546037722788,2.057534699783214,0.5481569560047562,1.6618942731277533,0.011037713410655941,0.06148260106669446,0.31170662905500707,0.007969411106952151,-130.11182825825375,0.4185568599244779,0.00980392156862746,0.0,0.0,0.0,-0.008941061979198346,0.006783719074221868,-0.029902564676895508,0.48802679394589243,0.08324793976895761,0.24305223696130274,Utilities—Regulated Electric,Utilities,AEPPZ
2016Q1,2016,Q1,2016-04-28,2016-03-31,501200000.0,4044900000.0,892900000.0,1.02,1644100000.0,0.4064624589,62486500000.0,11950100000.0,4146300000.0,7221900000.0,44344800000.0,1351900000.0,8624800000.0,25055111782.44606,45868311782.44606,24.319812587190633,0.5741286918954845,0.28405015483344404,1.4852846419695234,0.020478595198954452,24.319812587190633,0.04194107162283161,6.194247517230601,12.497561743039736,2.0966445287023587,0.5516759776536313,1.7758709963754715,0.011035672177432454,0.06473238219455402,0.3023581052077708,0.008020932521424627,-55.78960539400147,0.4064624588988603,1.487804878048781,0.0,0.0,0.0,0.38462186289371736,1.455658990690838,0.9144511149228131,0.36512425366444456,0.045275013253072136,0.22297393981774655,Utilities—Regulated Electric,Utilities,AEPPZ
2015Q4,2015,Q4,2016-02-24,2015-12-31,204100000.0,3614200000.0,466400000.0,0.41,1187400000.0,0.328491991,61683100000.0,11722299999.0,4072400000.0,7108500000.0,43778200000.0,1339400000.0,8398300000.0,25342955646.696266,45539255646.696266,23.585256144798933,0.5728916086375466,0.2876136251258448,1.513431664563561,0.010911316409146325,23.585256144798933,0.017411258884127794,7.0120512552421745,31.042326857785724,2.1619439571464825,1.3522782949534542,1.8122293564282514,0.01089060028544775,0.05859303439677967,0.2718857705563762,0.0033088479664608295,-71.28820153782354,0.32853743567041116,-0.6057692307692308,0.0,0.0,0.0,-0.31887799001892964,-0.6001958863858962,-0.5142678608623203,8.492360336446376,-0.022999634956849244,0.2019830775203308,Utilities—Regulated Electric,Utilities,AEPPZ
2015Q3,2015,Q3,2015-10-22,2015-09-30,510500000.0,4432000000.0,960200000.0,1.04,1743300000.0,0.3933971205,61099000000.0,11526000000.0,4548000000.0,7058000000.0,43390000000.0,1105000000.0,8204000000.0,25029250979.17171,45059250979.17171,23.480956882851515,0.6443751771039955,0.2880570876773761,1.5269824744056915,0.021428201793435794,23.480956882851515,0.04429116779455145,5.647394174000837,12.25722378999594,2.171547022312312,0.5112634671890304,2.4326696832579184,0.010427799066667765,0.07253801207875743,0.3039104562198923,0.008355292230642073,41.37066277549043,0.39334386281588446,0.18181818181818185,0.0,0.0,0.0,0.13113158577731637,0.18693327133224832,0.19413008332296977,0.03999900127500422,0.058011406454799935,0.17525447090942314,Utilities—Regulated Electric,Utilities,AEPPZ
2015Q2,2015,Q2,2015-07-23,2015-06-30,430100000.0,3942000000.0,804100000.0,0.88,1541200000.0,0.402749105,60938000000.0,11266000000.0,4225000000.0,6650000000.0,43496000000.0,1160000000.0,7945000000.0,24995697263.305622,45483697263.30562,22.98208993654734,0.6353383458646616,0.29146017263448093,1.5765134031599504,0.018225643299531927,22.98208993654734,0.038176815196165455,6.3408668856686,14.529003291854,2.2186842946303584,0.6091606603115555,1.970258620689655,0.010481804017710813,0.06468869999015393,0.3341353383458647,0.0070579933703108074,-157.20564316544417,0.39096905124302384,-0.30158730158730157,0.0,0.0,0.0,-0.16416291555941212,-0.3048327137546468,-0.27085600290170475,0.1742890755923675,0.09718559293651917,0.17592542099301017,Utilities—Regulated Electric,Utilities,AEPPZ
2015Q1,2015,Q1,2015-04-23,2015-03-31,618700000.0,4708000000.0,1102800000.0,1.26,1843900000.0,0.4025630949,60038000000.0,11093000000.0,4116000000.0,7128000000.0,42790000000.0,1192000000.0,7776000000.0,24964618806.09662,44858618806.09662,22.657349450409665,0.5774410774410774,0.279456344315267,1.5124853511223293,0.025902553992701693,22.657349450409665,0.0557739114757054,5.302595328397753,10.087529823055041,2.2504839814384403,0.4202359786649426,2.2957214765100673,0.010414739436618407,0.07841700256504214,0.30667789001122336,0.010305140077950631,195.03608442262984,0.39165250637213256,2.9374999999999996,0.0,0.0,0.0,0.628455356354323,2.8838669177652227,1.562267657992565,0.0,0.0,0.0,Utilities—Regulated Electric,Utilities,AEPPZ
2014Q4,2014,Q4,2015-02-20,2014-12-31,159300000.0,4026000000.0,430400000.0,0.32,1132300000.0,0.2964446539,59633000000.0,10719900000.0,4478100000.0,7966600000.0,42720100000.0,1316600000.0,7406000000.0,25383460370.625,45250460370.625,21.53401129943503,0.5621093063540281,0.26850904700417555,1.493670649912779,0.009225806949898756,21.53401129943503,0.014860213248257913,6.304883350875559,39.835939062499996,2.3678821976534294,1.6446955430006278,2.041090688136108,0.010321681763421011,0.06751295423674811,0.2755127657972033,0.002671339694464474,-71.7046903125,0.2812468951813214,-0.6767676767676767,0.0,0.0,0.0,-0.30703794369645043,-0.6695020746887966,-0.5244198895027624,0.0,0.0,0.0,Utilities—Regulated Electric,Utilities,AEPPZ
2014Q3,2014,Q3,2014-10-23,2014-09-30,482000000.0,4302000000.0,905000000.0,0.99,1634000000.0,0.3926940639,57925000000.0,10782000000.0,4111000000.0,7457000000.0,41053000000.0,1205000000.0,7470000000.0,24929686728.496464,44075686728.49646,22.05299278532721,0.5512940860936033,0.27064307293914547,1.453997403079206,0.022115750503431012,22.05299278532721,0.04470413652383602,5.794906259529629,12.930335440091527,2.312157923251388,0.5103734439834025,2.0970954356846474,0.009867753360847649,0.07426845058264998,0.28885610835456615,0.008321104876996116,54.07741155856066,0.3798233379823338,0.26923076923076916,0.0,0.0,0.0,0.17553956834532375,0.2519480519480519,0.20505992010652463,0.0,0.0,0.0,Utilities—Regulated Electric,Utilities,AEPPZ
2014Q2,2014,Q2,2014-07-25,2014-06-30,385000000.0,4044000000.0,751000000.0,0.78,1390000000.0,0.3706666667,57620000000.0,10530000000.0,4323000000.0,7600000000.0,41035000000.0,1219000000.0,7222000000.0,25099697032.27484,44516697032.27484,21.391681356535372,0.5688157894736842,0.27075668170774037,1.4815764482431149,0.018551115430883423,21.391681356535372,0.0365622032288699,6.206651096012572,16.298504566412234,2.3836369451353128,0.6363636363636364,1.9360131255127153,0.009761073995632811,0.07018396390142312,0.2922368421052632,0.006681707740367928,317.7176839528461,0.3437190900098912,-0.3217391304347825,0.0,0.0,0.0,-0.21468926553672316,-0.3125,-0.27857829010566765,0.0,0.0,0.0,Utilities—Regulated Electric,Utilities,AEPPZ
2014Q1,2014,Q1,2014-04-25,2014-03-31,560000000.0,4648000000.0,1041000000.0,1.15,1770000000.0,0.3808089501,57038000000.0,10381000000.0,4335000000.0,6519000000.0,40619000000.0,1214000000.0,7076000000.0,24876357050.254696,44003357050.2547,21.27832502535095,0.664979291302347,0.2888425260352747,1.5870340044311724,0.025052584598658285,21.27832502535095,0.05394470667565745,5.352056163996277,11.105516540292275,2.3963353289909155,0.4375,2.370675453047776,0.009848708936965976,0.08148953329359375,0.35879736155852127,0.009818016059469126,140.5443901144333,0.38080895008605853,0.6197183098591549,0.0,0.0,0.0,0.40476190476190477,0.6184971098265896,0.71499176276771,0.0,0.0,0.0,Utilities—Regulated Electric,Utilities,AEPPZ
2013Q4,2013,Q4,2014-02-25,2013-12-31,346000000.0,3773000000.0,607000000.0,0.71,1260000000.0,0.3339517625,56414000000.0,10069000000.0,4310000000.0,6112000000.0,40328000000.0,1423000000.0,6766000000.0,24832140713.09038,43848140713.09038,20.675556572830995,0.7051701570680629,0.2982947495302585,1.6712682490813389,0.015324750859752217,20.675556572830995,0.03436289601747939,6.581537427270178,17.942298203099988,2.4661973098709287,0.708092485549133,1.7659873506676036,0.009866245638292758,0.06688056156273266,0.3404777486910995,0.006133229340234693,-205.2243034139701,0.3339517625231911,-0.202247191011236,0.0,0.0,0.0,-0.2575132586918091,-0.20092378752886836,-0.4043179587831207,0.0,0.0,0.0,Utilities—Regulated Electric,Utilities,AEPPZ
2013Q3,2013,Q3,2013-10-25,2013-09-30,433000000.0,4176000000.0,1019000000.0,0.89,1697000000.0,0.4063697318,54963000000.0,9963000000.0,4317000000.0,5692000000.0,39200000000.0,1440000000.0,6664000000.0,24828725300.776417,43467725300.77641,20.460711686641197,0.7584328882642305,0.29478012481123667,1.6262170029107699,0.024460488556010598,20.460711686641197,0.043460804978420156,5.94557598198669,14.335291744097239,2.492093275195866,0.5542725173210161,1.7215277777777778,0.009666223178702412,0.07597838545930899,0.36946591707659876,0.007878027036369922,39.473331161806705,0.4063697318007663,0.28985507246376824,0.0,0.0,0.0,0.24231332357247437,0.28106508875739644,0.4536376604850214,0.0,0.0,0.0,Utilities—Regulated Electric,Utilities,AEPPZ
2013Q2,2013,Q2,2013-07-26,2013-06-30,338000000.0,3582000000.0,701000000.0,0.69,1366000000.0,0.3813512004,54979000000.0,9766000000.0,4622000000.0,6519000000.0,39442000000.0,1574000000.0,6470000000.0,24977747303.891563,44016747303.89156,19.936479998515154,0.7090044485350514,0.2873642663562451,1.6177554781896375,0.022839022369630622,19.936479998515154,0.03460987098095433,6.973128783889325,18.474665165600268,2.5576231111910266,0.7071005917159763,1.4078780177890724,0.009568517012051104,0.06515214900234635,0.32857800276115967,0.0061478018879935975,-542.9945066063383,0.3813512004466778,-0.08000000000000007,0.0,0.0,0.0,-0.04005621925509487,-0.06887052341597796,-0.1070063694267516,0.0,0.0,0.0,Utilities—Regulated Electric,Utilities,AEPPZ
2013Q1,2013,Q1,2013-04-26,2013-03-31,363000000.0,3826000000.0,785000000.0,0.75,1423000000.0,0.3719289075,54550000000.0,9661000000.0,4397000000.0,6175000000.0,39129000000.0,1520000000.0,6370000000.0,24772172187.578213,43473172187.57822,19.885797886106133,0.7120647773279353,0.2914573785517873,1.6456888520857054,0.01999854423699822,19.885797886106133,0.03757375012938619,6.474692155666025,17.06072464709243,2.564141619664446,0.6336088154269972,1.580921052631579,0.009284611711012225,0.07013748854262145,0.3468825910931174,0.006654445462878094,-184.866956623718,0.3719289074751699,16.321016166281755,0.0,0.0,0.0,0.18484596169858453,16.285714285714285,0.37719298245614036,0.0,0.0,0.0,Utilities—Regulated Electric,Utilities,AEPPZ
2012Q4,2012,Q4,2013-02-26,2012-12-31,21000000.0,3613000000.0,570000000.0,0.0433,1201000000.0,0.332410739,54367000000.0,9525000000.0,4589000000.0,6823000000.0,39130000000.0,1519000000.0,6236000000.0,24751855986.131344,43210855986.13135,19.62195357479981,0.6725780448483072,0.28668125885187706,1.6363254593175853,-0.04993827406315957,19.62195357479981,0.002204724409448819,6.8507766360728874,294.6649522158493,2.598620051037411,10.904761904761905,1.58788676761027,0.009251831463802573,0.0664557544098442,0.3272753920562802,0.0003862637261574117,-825.0618662043781,0.33241073899806256,-0.9567,0.0,0.0,0.0,-0.25818406423718343,-0.9568788501026694,-0.3837837837837838,0.0,0.0,0.0,Utilities—Regulated Electric,Utilities,AEPPZ
2012Q3,2012,Q3,2012-10-26,2012-09-30,487000000.0,4156000000.0,925000000.0,1.0,1619000000.0,0.3895572666,53843000000.0,9730000000.0,4648000000.0,6795000000.0,38537000000.0,1462000000.0,6444000000.0,24832130974.0,42832130974.0,19.97946611909651,0.6840323767476085,0.2777891276489052,1.5372045220966084,0.02508220478692267,19.97946611909651,0.0500513874614594,5.975007452839269,12.7475005,2.5521203467625897,0.4702258726899384,1.7352941176470589,0.009221923009336976,0.0771873781178612,0.3573215599705666,0.009044815482049664,54.10050321132898,0.3895572666025024,0.3333333333333333,0.0,0.0,0.0,0.14985795454545456,0.3453038674033149,0.2483130904183536,0.0,0.0,0.0,Utilities—Regulated Electric,Utilities,AEPPZ
2012Q2,2012,Q2,2012-07-27,2012-06-30,362000000.0,3551000000.0,741000000.0,0.75,1408000000.0,0.3965080259,53421000000.0,9469000000.0,4483000000.0,6407000000.0,38413000000.0,1494000000.0,6185000000.0,24704689775.371323,42917689775.37132,19.54383290493041,0.6997034493522709,0.2867598884333876,1.6178054704826275,0.019622675149645122,19.54383290493041,0.038230013729010456,6.957107793683842,17.0612498448697,2.609007263213784,0.6325966850828729,1.4344042838018742,0.009269495066815021,0.06647198667190805,0.3410332448884033,0.006776361356021041,121.10142046750649,0.3965080259081949,0.0,0.0,0.0,0.0,-0.39100346020761245,-0.06940874035989718,-0.017241379310344827,0.0,0.0,0.0,Utilities—Regulated Electric,Utilities,AEPPZ
2012Q1,2012,Q1,2012-04-27,2012-03-31,389000000.0,3625000000.0,754000000.0,0.0,2312000000.0,0.6377931034482759,52902000000.0,14856000000.0,4214000000.0,6342000000.0,38045000000.0,1418000000.0,6050000000.0,0.0,18084000000.0,0.0,0.6644591611479028,0.3472458508184946,1.2365374259558428,0.03021761651465086,0.0,0.026184706515885836,0.0,0.0,0.0,0.5886889460154242,0.9259520451339915,,0.0685229291898227,0.3500473036896878,0.007353219159956145,0.0,0.6377931034482759,0.0,0.0,0.0,0.0,0.1035799522673031,0.2508038585209003,1.1982507288629738,0.0,0.0,0.0,Utilities—Regulated Electric,Utilities,AEPPZ
2011Q4,2011,Q4,2012-02-28,2011-12-31,311000000.0,3444000000.0,343000000.0,0.0,2095000000.0,0.6083042973286876,52223000000.0,14664000000.0,4182000000.0,6611000000.0,37558000000.0,1292000000.0,5890000000.0,0.0,17945000000.0,0.0,0.6325820602026925,0.3478543936579668,1.2388161483906164,0.08175928866306763,0.0,0.021208401527550463,0.0,0.0,0.0,0.7395498392282959,1.0441176470588236,,0.06594795396664305,0.3630313114506126,0.005955230454014515,0.0,0.6083042973286876,0.0,0.0,0.0,0.0,-0.21476761619190404,-0.6652314316469322,-0.6146067415730337,0.0,0.0,0.0,Utilities—Regulated Electric,Utilities,AEPPZ
2011Q3,2011,Q3,2011-10-28,2011-09-30,929000000.0,4333000000.0,890000000.0,0.0,2668000000.0,0.6157396722824833,51187000000.0,14653000000.0,4374000000.0,5684000000.0,36534000000.0,1173000000.0,5810000000.0,0.0,17183000000.0,0.0,0.7695285010555947,0.3463574735772755,1.2099228826861395,0.018155348776018796,0.0,0.0633999863509179,0.0,0.0,0.0,0.24004305705059203,1.4194373401534526,,0.08465039951550199,0.4792399718508093,0.018149139429933382,0.0,0.6157396722824833,0.0,0.0,0.0,0.0,0.13919726729291204,1.6392045454545454,0.2412831241283124,0.0,0.0,0.0,Utilities—Regulated Electric,Utilities,AEPPZ
2011Q2,2011,Q2,2011-07-29,2011-06-30,352000000.0,3609000000.0,717000000.0,0.0,2342000000.0,0.6489332224993073,50752000000.0,13939000000.0,4754000000.0,5887000000.0,36813000000.0,1305000000.0,5103000000.0,0.0,17857000000.0,0.0,0.8075420417869883,0.36006462799495587,1.3109979195064208,0.014824489081880787,0.0,0.025252887581605567,0.0,0.0,0.0,0.6335227272727273,0.9708812260536398,,0.07111049810844892,0.4968574825887549,0.0069356872635561164,0.0,0.6489332224993073,0.0,0.0,0.0,0.0,-0.023759899958315966,-0.005649717514124294,-0.13822115384615385,0.0,0.0,0.0,Utilities—Regulated Electric,Utilities,AEPPZ
2011Q1,2011,Q1,2011-05-03,2011-03-31,354000000.0,3730000000.0,832000000.0,0.0,2399000000.0,0.6431635388739947,50560000000.0,13779000000.0,4789000000.0,5989000000.0,36781000000.0,1328000000.0,4973000000.0,0.0,18135000000.0,0.0,0.7996326598764402,0.37104430379746833,1.3614921256985268,0.036906270688889437,0.0,0.025691269322882647,0.0,0.0,0.0,0.632768361581921,1.0022590361445782,,0.0737737341772152,0.5077642344297879,0.007001582278481013,0.0,0.6431635388739947,0.0,0.0,0.0,0.0,0.08306997742663656,1.0,0.7119341563786008,0.0,0.0,0.0,Utilities—Regulated Electric,Utilities,AEPPZ
2010Q4,2010,Q4,2011-02-25,2010-12-31,177000000.0,3434000000.0,486000000.0,0.0,2215000000.0,0.6450203843913803,50455000000.0,13622000000.0,5016000000.0,6518000000.0,36833000000.0,1448000000.0,4842000000.0,0.0,17863000000.0,0.0,0.7695612150966554,0.35986522643940144,1.3329173395977096,0.009271785884505284,0.0,0.012993686683306416,0.0,0.0,0.0,1.2598870056497176,0.8418508287292817,,0.06806064810226935,0.4636391531144523,0.003508076503815281,0.0,0.6450203843913803,0.0,0.0,0.0,0.0,-0.1571537290715373,-0.6816546762589928,-0.5258536585365854,0.0,0.0,0.0,Utilities—Regulated Electric,Utilities,AEPPZ
2010Q3,2010,Q3,2010-11-01,2010-09-30,556000000.0,4064000000.0,1025000000.0,0.0,2628000000.0,0.6466535433070866,49892000000.0,13656000000.0,5421000000.0,6148000000.0,36236000000.0,1409000000.0,4887000000.0,0.0,17657000000.0,0.0,0.8817501626545218,0.37575162350677466,1.3728031634446398,0.021582034382573285,0.0,0.040714704159343876,0.0,0.0,0.0,0.3669064748201439,1.0191625266146203,,0.08145594484085625,0.552537410540013,0.011144071193778561,0.0,0.6466535433070866,0.0,0.0,0.0,0.0,0.1742627345844504,3.088235294117647,1.601522842639594,0.0,0.0,0.0,Utilities—Regulated Electric,Utilities,AEPPZ
2010Q2,2010,Q2,2010-07-30,2010-06-30,136000000.0,3360000000.0,394000000.0,0.0,2238000000.0,0.6660714285714285,49937000000.0,13269000000.0,5793000000.0,5778000000.0,36667000000.0,1577000000.0,4533000000.0,0.0,17909000000.0,0.0,1.002596053997923,0.3768948875583235,1.4184188710528298,0.01624845544790848,0.0,0.010249453613686035,0.0,0.0,0.0,1.4852941176470589,0.7114774889029803,,0.06728477882131485,0.6420906888196608,0.002723431523719887,0.0,0.6660714285714285,0.0,0.0,0.0,0.0,-0.03409581355200691,-0.6057971014492753,-0.48021108179419525,0.0,0.0,0.0,Utilities—Regulated Electric,Utilities,AEPPZ
2010Q1,2010,Q1,2010-04-30,2010-03-31,345000000.0,3569000000.0,758000000.0,0.0,2317000000.0,0.6492014569907537,49625000000.0,13324000000.0,5516000000.0,5515000000.0,36301000000.0,1566000000.0,4597000000.0,0.0,17670000000.0,0.0,1.000181323662738,0.3747506297229219,1.395752026418493,0.014792666937485526,0.0,0.02589312518763134,0.0,0.0,0.0,0.5739130434782609,0.7994891443167306,,0.07191939546599496,0.5949229374433364,0.006952141057934509,0.0,0.6492014569907537,0.0,0.0,0.0,0.0,0.06528735632183907,0.4435146443514644,0.5758835758835759,0.0,0.0,0.0,Utilities—Regulated Electric,Utilities,AEPPZ
2009Q4,2009,Q4,2010-02-26,2009-12-31,239000000.0,3282000000.0,481000000.0,0.0,2175000000.0,0.6627056672760512,48348000000.0,13140000000.0,4756000000.0,5327000000.0,35208000000.0,1661000000.0,4451000000.0,0.0,17045000000.0,0.0,0.8928102121269007,0.3645238686191776,1.341248097412481,0.013377373431461687,0.0,0.018188736681887367,0.0,0.0,0.0,0.8158995815899581,0.6664659843467791,,0.06788284934226856,0.476628496339403,0.004943327541987259,0.0,0.6627056672760512,0.0,0.0,0.0,0.0,-0.0818910932883073,-0.4617117117117117,-0.4393939393939394,0.0,0.0,0.0,Utilities—Regulated Electric,Utilities,AEPPZ
2009Q3,2009,Q3,2009-10-30,2009-09-30,444000000.0,3547000000.0,858000000.0,0.0,2369000000.0,0.6678883563574852,47193000000.0,13064000000.0,4479000000.0,4987000000.0,34129000000.0,1567000000.0,4407000000.0,0.0,16728000000.0,0.0,0.8981351513936234,0.373042612251817,1.3475964482547458,0.019023769930548762,0.0,0.03398652786282915,0.0,0.0,0.0,0.4527027027027027,0.751754945756222,,0.07515945161358677,0.43412873471024666,0.009408174941198907,0.0,0.6678883563574852,0.0,0.0,0.0,0.0,0.08669724770642202,0.4050632911392405,0.25806451612903225,0.0,0.0,0.0,Utilities—Regulated Electric,Utilities,AEPPZ
2009Q2,2009,Q2,2009-08-04,2009-06-30,316000000.0,3202000000.0,682000000.0,0.0,2180000000.0,0.6808244846970644,46338000000.0,12745000000.0,4224000000.0,5393000000.0,33575000000.0,1486000000.0,4160000000.0,0.0,16765000000.0,0.0,0.7832375301316521,0.37243730847252793,1.354099646920361,0.015557932479673141,0.0,0.024794036877206747,0.0,0.0,0.0,0.6170886075949367,0.6877523553162853,,0.06910095386076223,0.3372890784350083,0.006819457033104579,0.0,0.6808244846970644,0.0,0.0,0.0,0.0,-0.024171888988361683,-0.12465373961218837,-0.09066666666666667,0.0,0.0,0.0,Utilities—Regulated Electric,Utilities,AEPPZ
2009Q1,2009,Q1,2009-05-01,2009-03-31,361000000.0,3458000000.0,750000000.0,0.0,2234000000.0,0.6460381723539619,45865000000.0,10940000000.0,4118000000.0,6411000000.0,34907000000.0,1290000000.0,4040000000.0,0.0,18109000000.0,0.0,0.6423334893152395,0.41031287474108796,1.7202010968921388,0.016879138178793995,0.0,0.0329981718464351,0.0,0.0,0.0,0.4709141274238227,0.9488372093023256,,0.07539518151095606,0.2943378568086102,0.007870925542352556,0.0,0.6460381723539619,0.0,0.0,0.0,0.0,0.10758552305404065,1.3594771241830066,0.7241379310344828,0.0,0.0,0.0,Utilities—Regulated Electric,Utilities,AEPPZ
2008Q4,2008,Q4,2009-02-27,2008-12-31,153000000.0,3236000000.0,435000000.0,0.0,2017000000.0,0.6233003708281829,45155000000.0,10754000000.0,3775000000.0,6297000000.0,34401000000.0,1173000000.0,3847000000.0,0.0,17462000000.0,0.0,0.5994918215023027,0.39771896799911416,1.669983262042031,0.01222324066070801,0.0,0.0142272642737586,0.0,0.0,0.0,1.1045751633986929,1.0392156862745099,,0.07166426752297642,0.3001429252024774,0.003388329088694497,0.0,0.6233003708281829,0.0,0.0,0.0,0.0,-0.1294777729823047,-0.5909090909090909,-0.4049247606019152,0.0,0.0,0.0,Utilities—Regulated Electric,Utilities,AEPPZ
2008Q3,2008,Q3,2008-10-31,2008-09-30,374000000.0,4191000000.0,731000000.0,0.0,2317000000.0,0.5528513481269387,43038000000.0,10917000000.0,3984000000.0,5722000000.0,32121000000.0,1018000000.0,3861000000.0,0.0,16971000000.0,0.0,0.6962600489339392,0.4021794693061945,1.5855088394247503,0.01711288416889523,0.0,0.03425849592378859,0.0,0.0,0.0,0.4385026737967914,1.8408644400785854,,0.0973790603652586,0.26651520447396015,0.008689994888238302,0.0,0.5528513481269387,0.0,0.0,0.0,0.0,0.08932769158439116,0.3309608540925267,0.25817555938037867,0.0,0.0,0.0,Utilities—Regulated Electric,Utilities,AEPPZ
2008Q2,2008,Q2,2008-08-01,2008-06-30,281000000.0,3546000000.0,581000000.0,0.0,2127000000.0,0.5998307952622673,42696000000.0,10631000000.0,4006000000.0,5626000000.0,32065000000.0,1049000000.0,3651000000.0,0.0,16240000000.0,0.0,0.7120511908993956,0.385469364811692,1.5481140062082588,0.014901711269359607,0.0,0.026432132442855798,0.0,0.0,0.0,0.5871886120996441,1.3527168732125834,,0.08305227655986509,0.25115535015997154,0.006581412778714634,0.0,0.5998307952622673,0.0,0.0,0.0,0.0,-0.043615107913669064,-0.5095986038394416,-0.44134615384615383,0.0,0.0,0.0,Utilities—Regulated Electric,Utilities,AEPPZ
2008Q1,2008,Q1,2008-05-01,2008-03-31,573000000.0,3467000000.0,1040000000.0,0.0,2224000000.0,0.6414767810787424,41317000000.0,10489000000.0,3361000000.0,5172000000.0,30828000000.0,947000000.0,3535000000.0,0.0,15890000000.0,0.0,0.64984532095901,0.38833894038773387,1.5296977786252264,0.02593387089221533,0.0,0.05462865859471828,0.0,0.0,0.0,0.2879581151832461,1.3125659978880675,,0.08391219110777647,0.23298530549110597,0.013868383474114772,0.0,0.6414767810787424,0.0,0.0,0.0,0.0,0.08118619348565873,1.4805194805194806,1.5120772946859904,0.0,0.0,0.0,Utilities—Regulated Electric,Utilities,AEPPZ
2007Q4,2007,Q4,2008-02-28,2007-12-31,231000000.0,3276000000.0,414000000.0,0.0,2057000000.0,0.6278998778998779,40366000000.0,10079000000.0,3052000000.0,5207000000.0,30287000000.0,967000000.0,3138000000.0,0.0,15476000000.0,0.0,0.5861340503168811,0.3878016152207303,1.5531302708602044,0.011923591778418475,0.0,0.02291894037106856,0.0,0.0,0.0,0.7056277056277056,1.2605997931747672,,0.08115740970123371,0.21125408104474747,0.005722637863548531,0.0,0.6278998778998779,0.0,0.0,0.0,0.0,-0.1179245283018868,-0.43243243243243246,-0.4798994974874372,0.0,0.0,0.0,Utilities—Regulated Electric,Utilities,AEPPZ
2007Q3,2007,Q3,2007-11-02,2007-09-30,407000000.0,3789000000.0,796000000.0,0.0,2332000000.0,0.6154658221166535,39456000000.0,9909000000.0,3111000000.0,4908000000.0,29547000000.0,961000000.0,3070000000.0,0.0,15167000000.0,0.0,0.6338630806845966,0.3893704379562044,1.550408719346049,0.020946739991765412,0.0,0.04107377131900292,0.0,0.0,0.0,0.3832923832923833,1.5161290322580645,,0.09603102189781022,0.2671149144254279,0.01031528791565288,0.0,0.6154658221166535,0.0,0.0,0.0,0.0,0.17362858580775037,1.261111111111111,0.45787545787545786,0.0,0.0,0.0,Utilities—Regulated Electric,Utilities,AEPPZ
2007Q2,2007,Q2,2007-08-03,2007-06-30,180000000.0,3146000000.0,546000000.0,0.0,1987000000.0,0.6315956770502225,39193000000.0,9656000000.0,3263000000.0,5804000000.0,29537000000.0,1038000000.0,2819000000.0,0.0,14854000000.0,0.0,0.562198483804273,0.3833847880999158,1.5561309030654515,0.015575878600455326,0.0,0.018641259320629662,0.0,0.0,0.0,0.8666666666666667,1.1165703275529866,,0.08026943586865001,0.21433494141971055,0.004592656851988876,0.0,0.6315956770502225,0.0,0.0,0.0,0.0,-0.024545900834560628,-0.33579335793357934,0.04597701149425287,0.0,0.0,0.0,Utilities—Regulated Electric,Utilities,AEPPZ
2007Q1,2007,Q1,2007-05-04,2007-03-31,271000000.0,3169000000.0,522000000.0,0.0,2037000000.0,0.6427895235089933,37936000000.0,9540000000.0,3163000000.0,5308000000.0,28396000000.0,942000000.0,2795000000.0,0.0,13621000000.0,0.0,0.5958929917106255,0.3710723323492197,1.4755765199161426,0.014937251443099073,0.0,0.02840670859538784,0.0,0.0,0.0,0.5719557195571956,1.2016985138004246,,0.08353542808941375,0.2910700828937453,0.007143610291016449,0.0,0.6427895235089933,0.0,0.0,0.0,0.0,0.046224961479198766,0.4972375690607735,0.41081081081081083,0.0,0.0,0.0,Utilities—Regulated Electric,Utilities,AEPPZ
