Year,Date,FillingDate,NetIncome,Revenue,OperatingIncome,EPSDiluted,GrossProfit,GrossProfitRatio,TotalAssets,CommonStockEquity,CurrentAssets,CurrentLiability,TotalLiability,Inventory,RetainedEarnings,EnterpriseValue,bookValuePerShare,currentRatio,debtToAssets,debtToEquity,roic,shareholdersEquityPerShare,roe,priceToSalesRatio,peRatio,pbRatio,payoutRatio,inventoryTurnover,dividendYield,assetTurnover,quickRatio,returnOnAssets,priceToFreeCashFlowsRatio,grossProfitMargin,epsdilutedGrowth,fiveYNetIncomeGrowthPerShare,fiveYRevenueGrowthPerShare,fiveYShareholdersEquityGrowthPerShare,grossProfitGrowth,netIncomeGrowth,operatingIncomeGrowth,threeYNetIncomeGrowthPerShare,threeYRevenueGrowthPerShare,threeYShareholdersEquityGrowthPerShare,Industry,Sector,Price,MarketCap,AvgVolume,Symbol
2022,2022-12-31,2023-03-31,-50894000.0,21794000.0,-27441000.0,-0.51,5076000.0,0.2329081399,56795000.0,24881000.0,16863000.0,25577000.0,31914000.0,2780000.0,-250219000.0,48164681.400000006,0.25136893576609887,0.6593032802908864,0.24164098952372567,0.5515855472046943,-0.6432693471333788,0.25136893576609887,-2.0454965636429403,1.6699862989813712,-0.7151271544779346,1.4627901370523695,0.0,6.013669064748202,0.0,0.3837309622325909,0.11389138679282168,-0.8961000088035919,-1.298871610577781,0.23290813985500597,0.0,-69.63787461901322,-0.46209792954852036,2.254682014200251,0.404926653750346,0.049101304136616716,-0.6291260983139397,0.0,0.0,0.0,,Industrials,0.13,0,0,PHUNW
2021,2021-12-31,2022-04-07,-53522000.0,10643000.0,-16844000.0,0.0,3613000.0,0.3394719534,99294000.0,65277000.0,60007000.0,30293000.0,34017000.0,2636000.0,-199325000.0,-16687000.0,0.0,1.9808866734889248,0.06495860777086229,0.09880968794521806,-0.2280647915776692,0.0,-0.8199212586362731,0.0,0.0,0.0,0.0,2.6669195751138086,,0.10718673837291276,1.8712243752682138,-0.5390255201724172,0.0,0.3394719533965987,0.0,1.0,-1.0,-1.0,-0.4562010836845274,-1.4110095049326545,-0.29589167564240654,0.0,0.0,0.0,,Industrials,0.13,0,0,PHUNW
2020,2020-12-31,2021-03-31,-22199000.0,10001000.0,-12998000.0,0.0,6644000.0,0.6643335666,31836000.0,-1979000.0,4908000.0,26463000.0,33815000.0,0.0,-145803000.0,4452000.0,0.0,0.18546650039678042,0.2636009548938309,-4.2405255179383525,-2.027003141938937,0.0,11.217281455280444,0.0,0.0,0.0,0.0,0.0,,0.3141412237718306,0.1739787628008918,-0.6972923734137454,0.0,0.6643335666433356,0.0,1.0,-1.0,-1.0,-0.3441263573543929,-0.7247300132079869,-0.05571799870045484,1.0,-1.0,-1.0,,Industrials,0.13,0,0,PHUNW
2019,2019-12-31,2020-03-30,-12871000.0,19150000.0,-12312000.0,0.0,10130000.0,0.5289817232,29052000.0,4026000.0,2315000.0,19833000.0,25026000.0,0.0,-123604000.0,829000.0,0.0,0.1167246508344678,0.07510670521822939,0.5419771485345256,-1.9840181546183417,0.0,-3.196969696969697,0.0,0.0,0.0,0.0,0.0,,0.6591628803524714,0.09816971713810316,-0.4430331818807655,0.0,0.528981723237598,1.0,1.0,-1.0,-1.0,-0.46910539279911956,-22.436760260752393,-0.7939676526300452,1.0,-1.0,-1.0,,Industrials,0.13,0,0,PHUNW
2018,2018-11-30,2019-03-06,-549180.0,30883000.0,-6863000.0,-0.0073,19081000.0,0.617848007,19724276.0,5827000.0,18332.0,2599570.0,3062500.0,0.0,-1320643.0,12958398.0,0.07723302450727,0.007051935512411668,0.08321932830386271,0.2816957267890853,-0.5466537981488135,0.07723302450727,-0.09424746868028144,0.3664491791600557,-20.60717797443461,1.9421743607345117,0.0,0.0,0.0,1.5657355433477,1.3871882657516434,-0.02784284705811255,-10.846735546695292,0.6178480069941392,-1.517241379310345,-1.5045377016882988,0.15571439263528183,-0.26277834008097173,0.733375726744186,-1.5045377016882986,0.7320815115552779,-1.5045377016882988,0.15571439263528183,-0.26277834008097173,,Industrials,0.13,0,0,PHUNW
2017,2017-11-30,2018-02-12,-219274.0,26722000.0,-25616000.0,-0.0029,11008000.0,0.4119452137,71349930.0,7904000.0,134074.0,741731.0,2466884.0,0.0,-397463.0,30281115.299999997,0.1047622834572614,0.18075825332903708,0.00846952477738941,0.07645495951417004,-2.14847272719124,0.1047622834572614,-0.027742155870445345,1.1149622146545917,-135.87575499147184,3.7694863739878537,0.0,0.0,0.0,0.3745203394032762,8.524930197066052,-0.0030732195532637524,-1.7508385908209436,0.41194521368161063,0.0,0.0,0.0,0.0,0.0,0.0,0.0,0.0,0.0,0.0,,Industrials,0.13,0,0,PHUNW
TTM,,,,,,,,,,,,,,,,8802000.0,0.2122827593560081,0.402424118965166,0.2089007193611545,0.43358750741975255,-0.9677996648933838,0.2122827593560081,-1.6038105814780752,0.0,-0.2902207171142319,0.612390758412858,0.0,6.026581804567578,0.0,0.43476252282376754,0.09645548991647994,-1.0166311019204963,0.0,0.1854981531144057,,,,,,,,,,,,Industrials,0.13,0,0,PHUNW
