Quarters,Year,Quarter,FillingDate,Date,NetIncome,Revenue,OperatingIncome,EPSDiluted,GrossProfit,GrossProfitRatio,TotalAssets,CommonStockEquity,CurrentAssets,CurrentLiability,TotalLiability,Inventory,RetainedEarnings,MarketCap,EnterpriseValue,bookValuePerShare,currentRatio,debtToAssets,debtToEquity,roic,shareholdersEquityPerShare,roe,priceToSalesRatio,peRatio,pbRatio,payoutRatio,inventoryTurnover,dividendYield,assetTurnover,quickRatio,returnOnAssets,priceToFreeCashFlowsRatio,grossProfitMargin,epsdilutedGrowth,fiveYNetIncomeGrowthPerShare,fiveYRevenueGrowthPerShare,fiveYShareholdersEquityGrowthPerShare,grossProfitGrowth,netIncomeGrowth,operatingIncomeGrowth,threeYNetIncomeGrowthPerShare,threeYRevenueGrowthPerShare,threeYShareholdersEquityGrowthPerShare,Industry,Sector,Symbol
2023Q1,2023,Q1,2023-05-09,2023-03-31,16233000.0,82044000.0,16571000.0,0.1,54646000.0,0.6660572376,1017767000.0,318538000.0,292742000.0,130926000.0,699229000.0,5877000.0,25028000.0,843031320.0,1058744320.0,2.214191377848216,2.235934802865741,0.3289672390635578,1.0510896659111315,0.023330457459438167,2.214191377848216,0.050960952853348736,10.275356150358345,12.983295139530586,2.64656436594692,0.2969876178155609,4.66190233112132,0.005718648744865137,0.08061177067049727,2.188824221315858,0.015949623047318295,-155.45478886225337,0.6660572375798353,1.5000000000000002,0.620347973099999,0.2948185500185238,0.4862940153905964,0.1272097196724355,1.5738272826893847,0.4140285007253179,2.9923399545039415,0.36175998209575166,0.03983525138800813,Asset Management,Financial Services,WT
2022Q4,2022,Q4,2023-02-28,2022-12-31,-28289000.0,73310000.0,11719000.0,-0.2,48479000.0,0.6612876824,1033819000.0,305611000.0,293963000.0,263436000.0,728208000.0,4684000.0,13719000.0,780036700.0,970615700.0,2.1352584436091275,1.1158801378702987,0.31212426933534787,1.0558520472103425,0.01859502027613128,2.1352584436091275,-0.09256538540824774,10.640249624880644,-6.89346300682244,2.55238424009607,-0.17112658630563116,5.301238257899231,0.006206118250590004,0.07091183272893999,1.0966192927314413,-0.027363590725262354,65.19320518178019,0.6612876824444142,-1.4,-112.94688067644928,0.1247739323094897,0.4917405880172189,-0.004537987679671458,-1.348262320107351,-0.21206212600013447,-0.16045893760863242,0.12947424182251532,-0.03842112909582427,Asset Management,Financial Services,WT
2022Q3,2022,Q3,2022-11-04,2022-09-30,81229000.0,72414000.0,14873000.0,0.5,48700000.0,0.672521888,1016377000.0,332389000.0,289483000.0,253245000.0,683988000.0,6035000.0,46849000.0,669801600.0,859406600.0,2.3224496925656792,1.1430946316807835,0.31711166230640797,0.9696620525950016,0.021765777602044893,2.3224496925656792,0.24437932663234946,9.249614715386528,2.061460808332,2.015113616876611,0.059609252853045094,3.929411764705882,0.007229006320677646,0.07124718485365175,1.1179529704436415,0.07992014774045457,19.378029798929553,0.6725218880327009,9.0,8.585664975116797,0.17542702357541742,0.5413392501371103,-0.07569085939872457,9.147282948157402,-0.05890913692736016,19.763598901672175,0.13492531587650894,-0.03226803127359443,Asset Management,Financial Services,WT
2022Q2,2022,Q2,2022-08-05,2022-06-30,8005000.0,77253000.0,15804000.0,0.05,52688000.0,0.6820188213,1006473000.0,257256000.0,281791000.0,241623000.0,749217000.0,7461000.0,-24701000.0,725243220.0,937458220.0,1.79841449603624,1.1662424520844457,0.31988041407966233,1.251481015020058,0.020383661538750753,1.79841449603624,0.031116864135336007,9.38789716904198,22.649694565896315,2.819149874055416,0.6042473454091193,3.2924540946253855,0.006669486686135445,0.07675615739319386,1.1337455457468866,0.007953516885202088,65.43744653974555,0.6820188212755491,1.6954102920723226,-0.3779473849490841,0.1456841733698128,0.19502049078582687,-0.01666635561113081,1.7801383880713382,-0.2861466190884864,2.427144035230443,0.2367879021181371,-0.2495397657647625,Asset Management,Financial Services,WT
2022Q1,2022,Q1,2022-05-05,2022-03-31,-10261000.0,78368000.0,22139000.0,-0.0719,53581000.0,0.6837101878,1001037000.0,253377000.0,286180000.0,66886000.0,747660000.0,6177000.0,-32706000.0,838130340.0,1047437340.0,1.7745724250956003,4.278623329246778,0.31937081246747123,1.2617640906633198,0.014684522374597128,1.7745724250956003,-0.040496966970166984,10.6948032360147,-20.42028895819121,3.30783906984454,-0.47188383198518663,4.012789379957908,0.005777144399760065,0.07828681657121565,4.181383249110427,-0.01025037036593053,-305.21862345229425,0.6837101878317681,-2.027142857142857,-2.4037138469427943,0.3509255314255847,0.2068252752774322,-0.04314516849116917,-1.9172253508536694,-0.018791827327926253,-2.234870856100227,0.2708499743018756,-0.2596467475384241,Asset Management,Financial Services,WT
2021Q4,2021,Q4,2021-12-31,2021-12-31,11187000.0,79175000.0,22563000.0,0.07,55997000.0,0.7072560783,1015935000.0,269424000.0,303967000.0,83667000.0,746511000.0,3952000.0,-22445000.0,869468400.0,1047920400.0,1.896417259097628,3.633057238815782,0.31415494101492714,1.1846049349723855,0.02805677588867292,1.896417259097628,0.041521913415285945,10.981602778654878,19.430329847144005,3.227137894174238,0.42880128720836685,5.864878542510121,0.005517164281071054,0.0779331354860301,3.5825235756032843,0.011011531249538603,34.56718482884745,0.7072560783075466,0.7500000000000001,3.259331396820056,0.46992527798602196,0.2619768478832034,-0.0015690469822590711,0.9178810217726727,-0.06776019501714664,2.0287711446243133,0.24063103036555883,-0.20042304336376038,Asset Management,Financial Services,WT
2021Q3,2021,Q3,2021-11-05,2021-09-30,5833000.0,78112000.0,24203000.0,0.04,56085000.0,0.7180074764,1018350000.0,260868000.0,285635000.0,75743000.0,757482000.0,0.0,-28835000.0,805536900.0,996279900.0,1.836193425776026,3.7711075610947544,0.3129248293808612,1.2215641627183096,0.0384199459006796,1.836193425776026,0.022359967493138292,10.312588334698894,34.524982856163206,3.087909977459865,0.8223898508486199,0.0,0.00595503446210844,0.07670447292188344,3.690796509248379,0.005727893160504738,15.41343423519957,0.7180074764440803,-0.6363636363636365,-0.30816381846627333,0.42308785067891713,0.19566290976009043,-0.02072566000838106,-0.6691435053885423,0.0218703820983745,-0.7190254958638598,0.1432059315423823,-0.2573585545248749,Asset Management,Financial Services,WT
2021Q2,2021,Q2,2021-06-30,2021-06-30,17630000.0,77603000.0,23685000.0,0.11,57272000.0,0.7380127057,1022378000.0,257737000.0,268804000.0,64784000.0,764641000.0,0.0,-29871000.0,902360400.0,1072307400.0,1.7708771351225077,4.149234378858978,0.3301929423363961,1.3097925404579087,0.03099030578570378,1.7708771351225077,0.06840306203610658,11.627906137649317,12.795808281338628,3.5010898706821294,0.2795235394214407,0.0,0.0054612325629537824,0.07590441108865802,4.047125833539146,0.017244111277824836,-217.3315028901734,0.7380127056943675,0.22222222222222227,3.528916743327384,0.3001447786250266,0.16340537292508195,0.14080831822799433,0.16392685020136,0.2729080453592734,0.07962585701517741,0.06287749829766244,-0.25292193756755016,Asset Management,Financial Services,WT
2021Q1,2021,Q1,2021-03-31,2021-03-31,15147000.0,72830000.0,18607000.0,0.09,50203000.0,0.6893175889,885217000.0,274184000.0,131964000.0,56558000.0,611033000.0,0.0,-42573000.0,910306250.0,1039137250.0,1.8824983350383455,2.333250822164857,0.2159165492754884,0.697097569515362,0.044071194563891504,1.8824983350383455,0.05524392378840487,12.49905602087052,15.02453043506965,3.3200560572462288,0.3259391298606985,0.0,0.005423449525915043,0.08227361200699941,2.2550302344495914,0.017111058644377595,516.6323779795687,0.6893175889056707,1.967741935483871,0.18537337755559202,0.13020624882164197,0.2702836397662815,0.08589288804291399,2.122249388753056,0.020624211507871207,0.49339507048138537,0.13530090254149066,0.26364235600508046,Asset Management,Financial Services,WT
2020Q4,2020,Q4,2020-12-31,2020-12-31,-13497000.0,67059000.0,18231000.0,-0.093,46232000.0,0.6894227471,896692000.0,266265000.0,141861000.0,73999000.0,630427000.0,0.0,-53399000.0,776263600.0,890053600.0,1.8350953851243315,1.9170664468438763,0.20878406409335648,0.7031153174469044,0.04594744593584643,1.8350953851243315,-0.05069010196608642,11.575830239043231,-14.378447062310142,2.915379790809907,-0.3634881825590872,0.0,0.00632001809694542,0.07478487596632957,1.8618494844524927,-0.01505199109616234,56.88162966219682,0.6894227471331216,-47.94736842105263,-1.6197122144517802,-0.1735818487495128,0.07030927674060379,0.01515084976505204,-48.98888888888889,-0.09469659350481677,-53.68594122326661,0.014897517023192058,0.2820397816790786,Asset Management,Financial Services,WT
2020Q3,2020,Q3,2020-09-30,2020-09-30,-270000.0,64640000.0,20138000.0,-0.0019,45542000.0,0.7045482673,880971000.0,281669000.0,128011000.0,67017000.0,599302000.0,0.0,-39902000.0,465804800.0,589035800.0,1.9350182737490038,1.9101272811376218,0.21202968088620397,0.6631613702608381,-0.009762110134562161,1.9350182737490038,-0.0009585719408241589,7.206138613861386,-431.30074074074076,1.653731152522997,-18.285185185185185,0.0,0.010598860295127915,0.07337358437451404,1.8254472745721235,-0.00030648000899008025,-119.99093250901598,0.7045482673267327,0.9782608695652174,-1.0108785511583742,-0.2489269671587102,0.07778783375005678,0.11976592658159377,0.979622641509434,0.12938141439066794,-1.031327176205873,0.03162255202739196,0.2842127967762423,Asset Management,Financial Services,WT
2020Q2,2020,Q2,2020-06-30,2020-06-30,-13250000.0,58126000.0,17831000.0,-0.0874,40671000.0,0.6997040911,848801000.0,287532000.0,94772000.0,62179000.0,561269000.0,0.0,-39632000.0,526131810.0,638906810.0,1.8963613699768505,1.5241801894530307,0.19207093299842956,0.5669977602492939,0.035607843281373106,1.8963613699768505,-0.04608182741399218,9.051574338506004,-9.927015283018868,1.829820020032553,-0.38747169811320753,0.0,0.009758011020090194,0.0684801266728008,1.4110390968011708,-0.015610254936080424,24.088078472667338,0.6997040911124109,-0.5441696113074207,-1.4912942546347074,-0.3612411386956586,0.1854602963949606,-0.12683827475901158,-0.5339198888631628,0.14052705641550467,-1.971387017774032,-0.18673771844100784,0.26010477565198215,Asset Management,Financial Services,WT
2020Q1,2020,Q1,2020-03-31,2020-03-31,-8638000.0,63874000.0,15634000.0,-0.0566,46579000.0,0.7292325516,887105000.0,324769000.0,115810000.0,54329000.0,562336000.0,0.0,-26382000.0,355369270.0,480619270.0,2.1293674886407596,2.1316424009276815,0.21832703005844856,0.5963592584267587,0.022692182362842653,2.1293674886407596,-0.026597366127924772,5.563598177662272,-10.285056436675156,1.0942216467704737,-0.5945820791849965,0.0,0.0144525721090065,0.07200275051994973,2.050801597673434,-0.009737291526933114,-132.40285767511176,0.7292325515859348,0.6226666666666667,-1.6295318858800338,-0.06636456737623032,0.5768758307853026,-0.06141817961996494,0.6662287480680061,0.055709365926126006,-2.1062457315649734,0.03078068477233869,0.4481091159225353,Asset Management,Financial Services,WT
2019Q4,2019,Q4,2019-12-31,2019-12-31,-25880000.0,68907000.0,14809000.0,-0.15,49627000.0,0.7202025919,935207000.0,337412000.0,123060000.0,79041000.0,597795000.0,0.0,-17744000.0,735428320.0,859151320.0,2.220575460025798,1.5569135005883024,0.21246098457346876,0.5888794707953481,0.03067772740902066,2.220575460025798,-0.07670148068237051,10.672766482360283,-7.10421483771252,2.179615188552867,-0.19702472952086553,0.0,0.006933374553756646,0.07368101393595215,1.5071798180691034,-0.027673017845247096,197.2186430678466,0.7202025918992265,-8.499999999999998,-3.3510091958567347,0.21433097867946332,0.6003904294912034,0.016155452721241657,-7.233140655105973,-0.08195400161180336,-10.21296577684147,0.1961287281631125,0.477688945345064,Asset Management,Financial Services,WT
2019Q3,2019,Q3,2019-09-30,2019-09-30,4152000.0,67718000.0,16131000.0,0.02,48838000.0,0.7211967276,953744000.0,364536000.0,122763000.0,71477000.0,589208000.0,0.0,-7150000.0,794421310.0000001,910457310.0000001,2.3998893987373022,1.7175175231193252,0.2145345082118472,0.5612916145456142,0.013093084700900929,2.3998893987373022,0.011389821581407597,11.73131678431141,47.83365305876686,2.1792670957052254,1.2271194605009634,0.0,0.006413473475428296,0.07100228153466759,1.6275445248121774,0.004353369457632237,28.667050736143192,0.7211967276056588,1.0,-0.6609186693467504,0.24694661579727073,0.8144051106236007,0.08545773787033538,0.6748688987494957,-0.001547412725922258,-0.5394022381776477,0.15390820170628988,0.5627213894331009,Asset Management,Financial Services,WT
2019Q2,2019,Q2,2019-06-30,2019-06-30,2479000.0,66293000.0,16156000.0,0.01,44993000.0,0.6786991085,954775000.0,363819000.0,121592000.0,63142000.0,590956000.0,0.0,-6207000.0,954935220.0,1094908220.0,2.396415444808916,1.9256912989769093,0.22998507501767432,0.6035528655732658,0.01087322366670591,2.396415444808916,0.006813827755010046,14.404767019142293,96.30246268656715,2.6247535725182027,2.054860830980234,0.0,0.005334393258633816,0.0694331125134194,1.8115200658832473,0.0025964232410777407,127.34167488998533,0.6786991085031602,-0.7999999999999999,-0.7974183115070298,0.3015620824566848,1.0486258080373525,0.018309795401050155,-0.719061650045331,0.5123092764204812,-0.38950287348884516,0.06474583795457442,0.574362528577383,Asset Management,Financial Services,WT
2019Q1,2019,Q1,2019-03-31,2019-03-31,8824000.0,65485000.0,10683000.0,0.05,44184000.0,0.6747194014,951517000.0,363434000.0,119468000.0,62753000.0,588083000.0,0.0,-3592000.0,1091700000.0,1232287000.0,2.396926628194559,1.9037814925182859,0.23071474287900268,0.60404089876016,0.019963752495302498,2.396926628194559,0.02427951154817656,16.670993357257387,30.929850407978243,3.0038466406555244,0.5776291931097008,0.0,0.0046688650728222035,0.06882168158845296,1.8368364859050563,0.009273612557631655,139.1586998087954,0.6747194013896313,1.6535947712418302,-0.7477200945087557,0.3175397914331309,1.3093731411501746,-0.09881906626690326,1.763057765479073,-0.37095919448860626,-0.33666832421246096,-0.02382895993492541,0.6174126823085262,Asset Management,Financial Services,WT
2018Q4,2018,Q4,2018-12-31,2018-12-31,-11564000.0,67867000.0,16983000.0,-0.0765,49029000.0,0.7224276895,937518000.0,358335000.0,118276000.0,62801000.0,579183000.0,0.0,-7319000.0,1004701950.0,1121509950.0,2.3717757788765117,1.8833458065954365,0.20756081483235522,0.5430449160701578,0.0281960041448612,2.3717757788765117,-0.032271477807079965,14.803983526603504,-21.720467615012108,2.8038063543890495,-0.43531649948114837,0.0,0.005010441156205579,0.07239007677719254,1.8100348720561774,-0.012334696507160396,138.7326636288318,0.7224276894514271,-1.5884615384615386,-1.5985886713016586,0.340877301841108,1.8029760970385624,-0.1089848435285138,-1.524468229851694,-0.21766169154228857,-1.5099184562890255,-0.19676751055494957,0.38332516067452843,Asset Management,Financial Services,WT
2018Q3,2018,Q3,2018-09-30,2018-09-30,22049000.0,72570000.0,21708000.0,0.13,55026000.0,0.7582472096,945418000.0,373083000.0,112887000.0,61384000.0,572335000.0,0.0,9279000.0,1235805480.0,1352679480.0,2.4725167669591497,1.8390297145836048,0.2051991817376018,0.5199888496661601,0.030658904779766686,2.4725167669591497,0.059099449720303524,17.029150888797023,14.012035466461064,3.3124143421169014,0.2283550274388861,0.0,0.004074265797882689,0.07675969782678138,1.7444122246839566,0.023321959175729677,58.36153388429752,0.75824720959074,0.3,0.2352856153617867,0.5352823551445763,2.428122656516977,-0.008075855355662112,0.3184046878737144,-0.14146727308681037,-0.14299381152654173,-0.1865596515813751,0.37716967654707545,Asset Management,Financial Services,WT
2018Q2,2018,Q2,2018-06-30,2018-06-30,16724000.0,74775000.0,25285000.0,0.1,55474000.0,0.7418789702,930437000.0,353323000.0,108531000.0,66721000.0,577114000.0,0.0,-7735000.0,1353428480.0,1476091480.0,2.370404411764706,1.6266392889794816,0.20786684106500494,0.5473943105883285,0.03486505504922163,2.370404411764706,0.04733345975212483,18.10001310598462,20.231829705812007,3.830569988367584,0.30106433867495813,0.0,0.0037201818008144767,0.08036546268043941,1.5256366061659747,0.017974349687297473,97.84056097737295,0.7418789702440656,0.4285714285714285,0.15270674703554168,0.6901212004895824,2.954688314435822,0.3605572315012386,0.7746179966044142,0.4011415272082456,-0.36921466381763673,-0.16413037226431093,0.48179580170461583,Asset Management,Financial Services,WT
2018Q1,2018,Q1,2018-03-31,2018-03-31,9424000.0,59605000.0,18046000.0,0.07,40773000.0,0.6840533512,239990000.0,201605000.0,138724000.0,33748000.0,38385000.0,0.0,-19424000.0,1182775460.0,1077124460.0,1.4897398192552964,4.110584330923314,0.0,0.0,0.06059172297890523,1.4897398192552964,0.04674487239899804,19.84356111064508,31.376683467741938,5.866796260013392,0.43845500848896435,0.0,0.0034934779590371275,0.24836451518813285,3.9893623325826715,0.03926830284595192,-243.7204739336493,0.6840533512289237,40.176470588235304,0.11218159613855859,0.8829513736969993,2.057028873789117,0.14274103139013453,38.596638655462186,2.19454770755886,-0.22594310006545595,-0.018096110844631204,0.10320774956588945,Asset Management,Financial Services,WT
2017Q4,2017,Q4,2017-12-31,2017-12-31,238000.0,61386000.0,5649000.0,0.0017,35680000.0,0.5812400222,254985000.0,192951000.0,154331000.0,57348000.0,62034000.0,0.0,-24716000.0,1647256000.0,1593063000.0,1.431387240356083,2.6911313384948037,0.0,0.0,0.0012334737834994362,1.431387240356083,0.0012334737834994378,26.83439220669208,1730.310924369748,8.53717265005105,46.016806722689076,0.0,0.006648632635121682,0.24074357315136186,2.6116691079026295,0.0009333882385238347,107.98138315306457,0.5812400221548888,-0.9716666666666667,-0.9854670026094431,1.399245853514119,2.4818088136840237,-0.07310230165740116,-0.970160481444333,-0.6354543107898812,-0.9756290696333267,0.21940553747487312,0.03161476905409299,Asset Management,Financial Services,WT
2017Q3,2017,Q3,2017-09-30,2017-09-30,7976000.0,57986000.0,15496000.0,0.06,38494000.0,0.6638498948,247648000.0,202976000.0,165698000.0,39936000.0,44672000.0,0.0,-24716000.0,1371337620.0,1301116620.0,1.5067738606923071,4.149088541666667,0.0,0.0,0.03929528614220401,1.5067738606923071,0.039295286142204004,23.649460559445384,42.98325037612838,6.756156491407851,1.3732447342026077,0.0,0.00798709219397044,0.23414685359865617,4.040614983974359,0.03220700348882285,99.63944052895444,0.6638498948021936,-0.3333333333333333,664.2173891330741,1.448545018677372,3.162495728248553,-0.14471082276090386,-0.34109871953738125,-0.3027671541057368,-0.2655127460634449,0.2039805563684662,0.1391767449085826,Asset Management,Financial Services,WT
2017Q2,2017,Q2,2017-06-30,2017-06-30,12105000.0,63428000.0,22225000.0,0.09,45007000.0,0.7095762124,243892000.0,202498000.0,165944000.0,36609000.0,41394000.0,0.0,-24716000.0,1368444690.0,1279830690.0,1.5049235639914682,4.532874429785026,0.0,0.0,0.059778368181414125,1.5049235639914682,0.05977836818141414,21.574772813268588,28.261972118959108,6.757818299439995,0.9039239983477901,0.0,0.007995938805535502,0.26006593082183915,4.391106012182797,0.04963262427631902,92.40628604227159,0.7095762123983099,0.7999999999999998,4.194917502759987,1.8181788838349668,3.932530806006769,0.2255139550714772,0.7594476744186046,0.4994602617730401,0.11610595079447834,0.40506107604098623,0.28651534899546865,Asset Management,Financial Services,WT
2017Q1,2017,Q1,2017-03-31,2017-03-31,6880000.0,54599000.0,14822000.0,0.05,36725000.0,0.6726313669,231175000.0,197606000.0,164232000.0,28730000.0,33569000.0,0.0,-24716000.0,1220215800.0,1140578800.0,1.470446850466942,5.7163940132265925,0.0,0.0,0.03481675657621732,1.470446850466942,0.03481675657621732,22.348684041832268,44.339236918604655,6.174993674281145,1.5886627906976745,0.0,0.008957431955888459,0.23618038282686277,5.58576400974591,0.029761003568724992,541.3557231588287,0.6726313668748511,1.5,2.2037215077244148,1.525936619359248,4.150042508811633,0.13236926492353232,1.7775534921275737,0.24964168282606863,-0.7780650924336481,0.23944316036248253,0.41673525672959555,Asset Management,Financial Services,WT
2016Q4,2016,Q4,2016-12-31,2016-12-31,2477000.0,50798000.0,11861000.0,0.02,32432000.0,0.6384503327,249767000.0,201344000.0,177192000.0,43527000.0,48423000.0,0.0,-24716000.0,1492592900.0,1399870900.0,1.5027353808262118,4.07085257426425,0.0,0.0,0.017148656316893288,1.5027353808262118,0.012302328353464717,29.38290680735462,150.64522607993544,7.413148144469168,4.405329027048849,0.0,0.007310767725077614,0.2033815516060969,3.9812300411239,0.009917242870355171,141.478,0.6384503326902634,-0.6666666666666666,-0.6828821522546035,1.7935523410628853,5.927590923979019,-0.11050163188063959,-0.6886235072281583,-0.16618629173989455,-0.8554207937438472,0.13171330100273532,0.7759399476729882,Asset Management,Financial Services,WT
2016Q3,2016,Q3,2016-09-30,2016-09-30,7955000.0,51789000.0,14225000.0,0.06,36461000.0,0.7040298133,248452000.0,205856000.0,201547000.0,37639000.0,42596000.0,0.0,-33786000.0,1379333340.0,1201201340.0,1.535711621383704,5.354738436196499,0.0,0.0,0.03864351779884968,1.535711621383704,0.03864351779884968,26.63371256444419,43.34799937146448,6.70047674102285,1.372093023255814,0.0,0.007913243074368085,0.2084467019786518,5.2446930045962965,0.03201825704763898,92.61,0.7040298132808125,1.0,2.8568853218250183,1.488505342025359,6.609152680587768,-0.12433354147653586,1.178855108189537,-0.3853167401261775,-0.4983151033336572,0.23333488804384483,1.1292505974051006,Asset Management,Financial Services,WT
2016Q2,2016,Q2,2016-06-30,2016-06-30,3651000.0,55981000.0,23142000.0,0.03,41638000.0,0.743788071,247824000.0,207778000.0,200600000.0,35031000.0,40046000.0,0.0,-30826000.0,1336364370.0,1161450370.0,1.52214969634367,5.72635665553367,0.0,0.0,0.03645059777977379,1.52214969634367,0.017571638960813946,23.87174880763116,91.50673582580114,6.431693297654227,2.990961380443714,0.0,0.008171424085483513,0.22589014784685907,5.593360166709486,0.014732229324036413,60.865566132264526,0.7437880709526447,-0.6666666666666666,3.4234868887074335,1.7956347034802878,7.724796674967867,-0.08792604924209235,-0.6975646123260437,-0.0008634832915983075,-0.7252119921416134,0.38168596523226495,1.5394939306879225,Asset Management,Financial Services,WT
2016Q1,2016,Q1,2016-03-31,2016-03-31,12072000.0,60878000.0,23162000.0,0.09,45652000.0,0.7498932291,237653000.0,203915000.0,184113000.0,23980000.0,33738000.0,0.0,-23557000.0,1572756570.0,1412995570.0,1.481951176970763,7.677773144286906,0.0,0.0,0.06327135253221078,1.481951176970763,0.059201137728955695,25.83456371759913,32.57033983598409,7.712804698035946,0.9039927104042412,0.0,0.006938772476404279,0.25616339789525067,7.525521267723103,0.050796749883233114,244.1789427107592,0.749893229081113,-0.4,4.301648951154084,2.4541730175713097,0.0,-0.25084512127079983,-0.4119824646858256,-0.4011582811934433,0.4011842551909748,0.8914391919428294,2.0410461471118264,Asset Management,Financial Services,WT
2015Q4,2015,Q4,2015-12-31,2015-12-31,20530000.0,76489000.0,38678000.0,0.15,60938000.0,0.7966897201,292693000.0,234502000.0,240545000.0,49094000.0,58191000.0,0.0,-24716000.0,2144584960.0,1934514960.0,1.7145468370719152,4.899682242229193,0.0,0.0,0.09486613085147598,1.7145468370719152,0.0875472277421941,28.037821909032672,26.11525767169995,9.14527364372159,2.22469556746225,0.0,0.02129689466814129,0.26132842261345507,4.840632256487554,0.07014175262134728,48.7926867335563,0.7966897200904706,-0.11764705882352951,2.471510396089897,3.7307513630754277,0.0,-0.0066508003781827665,-0.11843009275163174,-0.030067457431602176,0.23554874094924755,1.9464365657690204,3.170586491539484,Asset Management,Financial Services,WT
2015Q3,2015,Q3,2015-09-30,2015-09-30,23288000.0,80753000.0,39877000.0,0.17,61346000.0,0.7596745632,292416000.0,245214000.0,250761000.0,39540000.0,47202000.0,0.0,427000.0,2203067523.418,1991075523.4180002,1.795361028539632,6.34195751138088,0.0,0.0,0.09579649878462676,1.795361028539632,0.0949701077426248,27.28155639317425,23.650243939131744,8.984264860154804,0.47548093438680866,0.0,0.005026173679334411,0.2761579393740425,6.0067273646939805,0.07963996498139636,50.79235310135105,0.7596745631741235,-0.055555555555555455,6.407313112212755,5.561676050299989,0.0,-0.024550802989346476,-0.036571239450604004,-0.03832055177735976,1910.880066719826,2.3631539816656892,3.9597240879440885,Asset Management,Financial Services,WT
2015Q2,2015,Q2,2015-06-30,2015-06-30,24172000.0,81559000.0,41466000.0,0.18,62890000.0,0.7710982234,265206000.0,217389000.0,228027000.0,40356000.0,47817000.0,0.0,-11788000.0,2985613014.105,2796341014.105,1.5996835792339674,5.650386559619387,0.0,0.0,0.11262648816878279,1.5996835792339674,0.11119237863921358,36.60678789716647,30.878837230111287,13.733965444916716,0.4548651332119808,0.0,0.0036826607963108644,0.3075307496813798,5.40003964714045,0.09114424258878004,61.876707510828794,0.7710982233720374,1.0,11.688136357648041,6.170186381793455,0.0,0.5513073507646769,1.0039794395622617,0.9256060183895235,7.316991000327558,2.5880810862316905,4.243115812145957,Asset Management,Financial Services,WT
2015Q1,2015,Q1,2015-03-31,2015-03-31,12062000.0,60141000.0,21534000.0,0.09,40540000.0,0.6740825726,217933000.0,181051000.0,180951000.0,29638000.0,36882000.0,0.0,-24965000.0,2877249365.925,2725548365.925,1.350371060973336,6.105371482556178,0.0,0.0,0.06825121597727185,1.350371060973336,0.06662211200159071,47.84172803786103,59.634583110698884,15.891927500676603,0.8952909965179904,0.0,0.0037532374245665204,0.27596096047867924,5.948478304878872,0.05534728563365805,170.08035502305376,0.6740825726210073,0.28571428571428553,4.385621970327367,2.5020458537341037,0.0,0.14193966367144586,0.2535855331531906,0.2910845973979255,3.1152411971184013,1.7887616378028668,3.7294931907762234,Asset Management,Financial Services,WT
2014Q4,2014,Q4,2014-12-31,2014-12-31,9622000.0,49600000.0,16679000.0,0.07,35501000.0,0.7157459677,220751000.0,184285000.0,189040000.0,29431000.0,36466000.0,0.0,-26228000.0,2082554880.0,1917270880.0,1.3875210817973738,6.423159253847984,0.0,0.0,0.05221260547521502,1.3875210817973738,0.05221260547521502,41.9869935483871,54.109199750571605,11.300729196624793,0.0,0.0,0.0,0.2246875438842859,6.233563249634739,0.04358757151722982,81.14060936647705,0.7157459677419354,-0.12499999999999993,0.675489360807172,2.159072679518338,0.0,-0.04371834931580649,-0.09422950202391038,-0.1766303006368169,0.24269861796065798,1.7516783047125475,5.396454476106239,Asset Management,Financial Services,WT
2014Q3,2014,Q3,2014-09-30,2014-09-30,10623000.0,47114000.0,20257000.0,0.08,37124000.0,0.7879611156,202235000.0,174301000.0,169763000.0,20851000.0,27934000.0,0.0,-25065000.0,1499633640.0,1348346640.0,1.322686639651535,8.141719821591291,0.0,0.0,0.06094629405453783,1.322686639651535,0.06094629405453784,31.829894298934498,35.29214063823779,8.603700724608581,0.0,0.0,0.0,0.2329665982643954,8.035825619874347,0.0525279996044206,64.77619282104445,0.7879611155919685,0.0,3.5565074535214913,2.9678628616433604,0.0,0.01495475298684966,0.0019807583474816073,0.00615904236825113,3.52233651892797,1.3028305203883956,5.55365528888411,Asset Management,Financial Services,WT
2014Q2,2014,Q2,2014-06-30,2014-06-30,10602000.0,44128000.0,20133000.0,0.08,36577000.0,0.8288841552,180291000.0,153863000.0,147286000.0,19679000.0,26428000.0,0.0,-35688000.0,1625747880.0,1496900880.0,1.169767282735131,7.484425021596626,0.0,0.0,0.06890545485269364,1.169767282735131,0.06890545485269363,36.84163977519942,38.33587719298245,10.56620422063784,0.0,0.0,0.0,0.24475986044783157,7.34691803445297,0.058804932026557066,70.64783069702764,0.8288841551849166,-0.6363636363636365,5.843351098203493,3.008127697197741,0.0,0.08973633248920006,-0.6489868891537545,0.2217367558711087,12.330553490817456,1.2869753622152462,5.704978967186528,Asset Management,Financial Services,WT
2014Q1,2014,Q1,2014-03-31,2014-03-31,30204000.0,42920000.0,16479000.0,0.22,33565000.0,0.7820363467,159725000.0,135898000.0,124522000.0,19478000.0,23827000.0,0.0,-46290000.0,1717854080.0,1613074080.0,1.0379122305894573,6.392956155662799,0.0,0.0,0.22225492648898437,1.0379122305894573,0.22225492648898437,40.02455917986953,14.218763077738046,12.64076057042782,0.0,0.0,0.0,0.2687118484895915,6.294024027107506,0.1891000156519017,290.8166717453868,0.7820363466915191,0.8333333333333334,9.681184208336479,1.5592120170121138,0.0,0.0009542838397996004,0.833211944646759,0.0001820830298616169,9.681184208336479,1.5592120170121138,0.0,Asset Management,Financial Services,WT
2013Q4,2013,Q4,2013-12-31,2013-12-31,16476000.0,43166000.0,16476000.0,0.12,33533000.0,0.7768382523,141791000.0,109029000.0,123736000.0,29056000.0,32762000.0,0.0,-76494000.0,2281951081.149,2177635081.149,0.8461633980333874,4.2585352422907485,0.0,0.0,0.1511157581927744,0.8461633980333874,0.1511157581927744,52.86454805052588,34.62538057096686,20.92976255078007,0.0,0.0,0.0,0.30443399087389184,4.2131057268722465,0.11619919458921935,131.78280671916147,0.7768382523282212,0.09090909090909087,1.9572681659947055,1.8338858366020157,0.0,0.11843772930424921,0.10096892749749416,0.10096892749749416,1.9572681659947055,1.8338858366020157,0.0,Asset Management,Financial Services,WT
2013Q3,2013,Q3,2013-09-30,2013-09-30,14965000.0,39630000.0,14965000.0,0.11,29982000.0,0.7565480696,118345000.0,91244000.0,105343000.0,24038000.0,27101000.0,0.0,-92970000.0,1467504400.0,1380390400.0,0.7212451288050653,4.382352941176471,0.0,0.0,0.16401078427074656,0.7212451288050653,0.16401078427074656,37.030138783749685,24.51560975609756,16.083297531892505,0.0,0.0,0.0,0.33486839325700285,4.300191363674182,0.12645232160209557,83.80471703500656,0.756548069644209,0.22222222222222227,4.7514407539043395,2.476580079671103,0.0,0.0752402811648257,0.22243097533082828,0.22243097533082828,4.7514407539043395,2.476580079671103,0.0,Asset Management,Financial Services,WT
2013Q2,2013,Q2,2013-06-30,2013-06-30,12242000.0,37331000.0,12242000.0,0.09,27884000.0,0.7469395409,97072000.0,75386000.0,85208000.0,21686000.0,21686000.0,0.0,-107935000.0,1481582380.0,1410849380.0,0.5993909565798157,3.929170893664115,0.0,0.0,0.1623908948611148,0.5993909565798157,0.1623908948611148,39.68772280410383,30.256134210096388,19.653282837662164,0.0,0.0,0.0,0.3845702159222021,3.8362538042977037,0.12611257623207517,78.5901962656482,0.7469395408641611,0.5,6.848772641316104,2.5461013210230683,0.0,0.27563017521387073,0.5586962057550293,0.5586962057550293,6.848772641316104,2.5461013210230683,0.0,Asset Management,Financial Services,WT
2013Q1,2013,Q1,2013-03-31,2013-03-31,7854000.0,29341000.0,7854000.0,0.06,21859000.0,0.7449984663,76053000.0,61127000.0,64924000.0,14926000.0,14926000.0,0.0,-120177000.0,1283210280.0,1230913280.0,0.48731624095156095,4.349725311536916,0.0,0.0,0.12848659348569372,0.48731624095156095,0.12848659348569372,43.734374424866225,40.84575630252101,20.992528342630916,0.0,0.0,0.0,0.3857967470053778,4.247286613962213,0.1032700879649718,125.38697283564589,0.7449984663099417,-0.4545454545454546,3.3563274700828583,0.8262141507299989,0.0,63.10263929618768,-0.4794883690105375,2.591166936790924,3.3563274700828583,0.8262141507299989,0.0,Asset Management,Financial Services,WT
2012Q4,2012,Q4,2012-12-31,2012-12-31,15089000.0,23574000.0,-4936000.0,0.11,341000.0,0.0144650887,63425000.0,51060000.0,51867000.0,12352000.0,12365000.0,0.0,-128031000.0,760116240.0,718870240.0,0.4111044910709972,4.19907707253886,0.0,0.0,-0.27768178875868893,0.4111044910709972,0.29551508029768897,32.24383812674981,12.593880310159719,14.886726204465337,0.0,0.0,0.0,0.37168309026409146,4.096016839378239,0.2379030350808041,205.43682162162162,0.014465088656994994,1101.0,1.8096911769120534,0.6055839850876616,0.0,-0.984257421171691,1372.7272727272727,-1.543792001762697,1.8096911769120534,0.6055839850876616,0.0,Asset Management,Financial Services,WT
2012Q3,2012,Q3,2012-09-30,2012-09-30,-11000.0,21661000.0,9077000.0,-0.0001,21661000.0,1.0,60792000.0,44602000.0,50770000.0,16142000.0,16190000.0,0.0,-133284000.0,808283840.0,768680840.0,0.3619880857694742,3.1452112501548757,0.0,0.0,-0.0004938498977445427,0.3619880857694742,-0.0002466257118514865,37.31516735146115,-18370.08727272727,18.122143401641182,0.0,0.0,0.0,0.3563133307014081,3.034754057737579,-0.00018094486116594288,-761.813232799246,1.0,0.9959677419354839,0.9971687682350129,0.9510483570098534,0.0,0.06217819840141225,0.9967958054180017,1.459225142237876,0.9971687682350129,0.9510483570098534,0.0,Asset Management,Financial Services,WT
2012Q2,2012,Q2,2012-06-30,2012-06-30,-3433000.0,20393000.0,3691000.0,-0.0248,20393000.0,1.0,59415000.0,37198000.0,49009000.0,22135000.0,22217000.0,0.0,-137817000.0,801014400.0,761714400.0,0.3051017060367454,2.2140953241472783,0.0,0.0,-2.6406360515339866,0.3051017060367454,-0.0922899080595731,39.27888981513264,-58.33195455869502,21.533802892628636,0.0,0.0,0.0,0.3432298241184886,2.119042240795121,-0.05778002187999663,138.5598339387649,1.0,0.3279132791327914,-0.6919663740369146,0.9983345441403605,0.0,0.06379760041731873,0.32274610376800156,-0.49431428962871626,-0.6919663740369146,0.9983345441403605,0.0,Asset Management,Financial Services,WT
2012Q1,2012,Q1,2012-03-31,2012-03-31,-5069000.0,19170000.0,7299000.0,-0.0369,19170000.0,1.0,51408000.0,34029000.0,40677000.0,17262000.0,17379000.0,0.0,-137946000.0,997553339.9999999,965415339.9999999,0.2855213035525499,2.3564476885644767,0.0,0.0,-0.9751279408607826,0.2855213035525499,-0.14896118016985513,52.03721126760563,-49.19872460051292,29.314800317376353,0.0,0.0,0.0,0.37289915966386555,2.2747653806047965,-0.09860333022097728,380.1651448170731,1.0,-1.7292490118577075,-0.6005843564977883,0.25577095089890867,0.0,0.18516228748068006,-1.7295624640184226,2.411798839458414,-0.6005843564977883,0.25577095089890867,0.0,Asset Management,Financial Services,WT
2011Q4,2011,Q4,2011-12-31,2011-12-31,6948000.0,16175000.0,-5170000.0,0.0506,16175000.0,1.0,42567000.0,25853000.0,32856000.0,16563000.0,16714000.0,0.0,-139061000.0,721051100.0,695421100.0,0.21692034031984694,1.9836986053251222,0.0,0.0,-1.5629232281832948,0.21692034031984694,0.26875024175144085,44.57812055641422,25.944555987334486,27.890422774919738,0.0,0.0,0.0,0.37998919350670707,1.8870373724566805,0.16322503347663683,170.09933946685538,1.0,2.888059701492537,0.3482668577814541,0.14805305333406302,0.0,-0.08801308073973839,2.90304026294166,-1.8117443868739205,0.3482668577814541,0.14805305333406302,0.0,Asset Management,Financial Services,WT
2011Q3,2011,Q3,2011-09-30,2011-09-30,-3651000.0,17736000.0,6369000.0,-0.0268,17736000.0,1.0,37905000.0,23056000.0,27973000.0,14663000.0,14849000.0,0.0,-139950000.0,801950760.0,780898760.0,0.2018242616292302,1.9077269317329333,0.0,0.0,-0.7421294423942166,0.2018242616292302,-0.15835357390700902,45.215987821380246,-54.91308956450287,34.78273594725885,0.0,0.0,0.0,0.46790660862683026,1.8269794721407624,-0.0963197467352592,139.63969353996168,1.0,-3.6799999999999997,-0.013547333726922656,0.723037291070009,0.0,0.061019382627422826,-6.298984034833091,8.243831640058055,-0.013547333726922656,0.723037291070009,0.0,Asset Management,Financial Services,WT
2011Q2,2011,Q2,2011-06-30,2011-06-30,689000.0,16716000.0,689000.0,0.01,16716000.0,1.0,32569000.0,19880000.0,23940000.0,12469000.0,12689000.0,0.0,-141309000.0,722443000.0,706057000.0,0.17446248354541466,1.9199615045312375,0.0,0.0,0.0346579476861167,0.17446248354541466,0.0346579476861167,43.21865278774826,262.1346153846154,36.34019114688129,0.0,0.0,0.0,0.5132487948662839,1.7978185901034567,0.021155086124842643,234.17925445705023,1.0,1.4464285714285714,1.3633270817704426,0.7525889274623951,0.0,0.15020986719878895,1.2285240464344942,-0.792781954887218,1.3633270817704426,0.7525889274623951,0.0,Asset Management,Financial Services,WT
2011Q1,2011,Q1,2011-03-31,2011-03-31,-3015000.0,14533000.0,3325000.0,-0.0224,14533000.0,1.0,,,,,,,,644469840.0,,,0.0,0.0,0.0,0.0,,0.0,44.34527213926925,-53.43862686567164,0.0,0.0,0.0,0.0,0.0,0.0,0.0,1246.556750483559,1.0,-1.6136986301369862,0.0,0.0,0.0,3.5143598615916956,-1.6145536078271505,1.5481371579294427,0.0,0.0,0.0,Asset Management,Financial Services,WT
2010Q4,2010,Q4,2010-12-31,2010-12-31,4906000.0,13413000.0,-6066000.0,0.0365,-5780000.0,-0.4309252218,,,,,,,,470871450.00000006,,,0.0,0.0,0.0,0.0,,0.0,35.10560277342877,23.99467233999185,0.0,0.0,0.0,0.0,0.0,0.0,0.0,168.71065926191332,-0.4309252217997465,2.158730158730159,0.0,0.0,0.0,-1.5705824284304046,2.3839210155148094,-12.870841487279844,0.0,0.0,0.0,Asset Management,Financial Services,WT
2010Q3,2010,Q3,2010-09-30,2010-09-30,-3545000.0,10130000.0,511000.0,-0.0315,10130000.0,1.0,,,,,,,,275438800.0,,,0.0,0.0,0.0,0.0,,0.0,27.19040473840079,-19.424456981664317,0.0,0.0,0.0,0.0,0.0,0.0,0.0,-1610.753216374269,1.0,-0.8975903614457831,0.0,0.0,0.0,0.08284339925173703,-0.9059139784946236,1.2747311827956989,0.0,0.0,0.0,Asset Management,Financial Services,WT
2010Q2,2010,Q2,2010-06-30,2010-06-30,-1860000.0,9355000.0,-1860000.0,-0.0166,9355000.0,1.0,,,,,,,,240294750.0,,,0.0,0.0,0.0,0.0,,0.0,25.68623730625334,-32.297681451612895,0.0,,0.0,,0.0,0.0,0.0,0.0,1.0,0.0,0.0,0.0,0.0,0.0,0.0,0.0,0.0,0.0,0.0,Asset Management,Financial Services,WT
