Quarters,Year,Quarter,FillingDate,Date,NetIncome,Revenue,OperatingIncome,EPSDiluted,GrossProfit,GrossProfitRatio,TotalAssets,CommonStockEquity,CurrentAssets,CurrentLiability,TotalLiability,Inventory,RetainedEarnings,MarketCap,EnterpriseValue,bookValuePerShare,currentRatio,debtToAssets,debtToEquity,roic,shareholdersEquityPerShare,roe,priceToSalesRatio,peRatio,pbRatio,payoutRatio,inventoryTurnover,dividendYield,assetTurnover,quickRatio,returnOnAssets,priceToFreeCashFlowsRatio,grossProfitMargin,epsdilutedGrowth,fiveYNetIncomeGrowthPerShare,fiveYRevenueGrowthPerShare,fiveYShareholdersEquityGrowthPerShare,grossProfitGrowth,netIncomeGrowth,operatingIncomeGrowth,threeYNetIncomeGrowthPerShare,threeYRevenueGrowthPerShare,threeYShareholdersEquityGrowthPerShare,Industry,Sector,Symbol
2023Q1,2023,Q1,2023-05-05,2023-03-31,137271000.0,382993000.0,165674000.0,1.76,382993000.0,1.0,45119587000.0,5684128000.0,6775595000.0,31728000.0,39435459000.0,0.0,2458006000.0,1833499564.05,1617856564.05,74.86867948677438,213.55254034291477,0.057420383745977105,0.4557926915087063,0.016047176032940993,74.86867948677438,0.02414987839823452,4.787292624277728,3.339196851574622,0.32256479165317875,0.1527707964537302,0.0,0.011437690202487617,0.008488397732895916,213.55254034291477,0.003042381571444792,5.652720810865805,1.0,0.0,0.6741399665773589,0.8423589477688936,0.544062090632277,0.015961228301005898,-0.004178545779015865,-0.020804520254855373,3.886687484593101,1.3567950195540013,0.30846560299478437,Banks—Regional,Financial Services,PNFPP
2022Q4,2022,Q4,2023-02-28,2022-12-31,137847000.0,376976000.0,169194000.0,1.76,376976000.0,1.0,41970021000.0,5519392000.0,3988701000.0,19478000.0,36450629000.0,0.0,2341706000.0,1928660777.5500002,1671216777.5500002,72.54598052112495,204.77980285450252,0.02116965821866041,0.16097624520961729,0.020806828612603655,72.54598052112495,0.024975033481948735,5.116136776744408,3.4978287114518274,0.34943355673052395,0.15145052123005942,0.0,0.010824609616689717,0.008982030292527135,249.8196426737858,0.0032844157976475636,21.956770654834415,1.0,-0.07853403141361252,4.3333911036627795,0.90720591622242,0.5433542730168667,-0.015975108066907513,-0.07272397045567679,-0.04997360944220468,0.4424177801465517,0.5221379685155851,0.2739451107328682,Banks—Regional,Financial Services,PNFPP
2022Q3,2022,Q3,2022-11-04,2022-09-30,148658000.0,383096000.0,178094000.0,1.91,383096000.0,1.0,41000118000.0,5342112000.0,5437659000.0,10202000.0,35658006000.0,0.0,2224736000.0,1921101442.2299998,1449295442.2299998,70.43651833550578,532.9993138600274,0.03202629807065433,0.2457982910129926,0.02163862974573904,70.43651833550578,0.02782757081843286,5.01467371684904,3.2307400917374105,0.3596145947950923,0.14040280375089131,0.0,0.010864600661468424,0.009343777986199942,532.9993138600274,0.003625794442835506,6.9699825568435365,1.0,0.02688172043010743,1.3615416371422486,0.8743184603887806,0.4887682572796388,0.01571444100655144,0.024330414051141416,0.016042719731632456,0.36116471585750387,0.43497962639506815,0.2587933454555558,Banks—Regional,Financial Services,PNFPP
2022Q2,2022,Q2,2022-08-05,2022-06-30,145127000.0,377169000.0,175282000.0,1.86,377169000.0,1.0,40121292000.0,5315239000.0,4190883000.0,13551000.0,34806053000.0,0.0,2096950000.0,1914020158.27,2024519158.27,69.95269607349286,309.267434137702,0.04268738404535926,0.3222193771531252,0.019983264562575844,69.95269607349286,0.027303946257167363,5.074701680864546,3.2971469097238972,0.36010048810034695,0.1437568474508534,0.0,0.010900094186498623,0.009400719199172349,407.90716552283965,0.003617206544594825,14.170474478385442,1.0,0.09411764705882361,1.387480817668264,0.9821752215181465,0.04208485056920231,0.1085022527487061,0.1240570056540934,0.1537707097767919,0.45800355219317707,0.49715565093977504,0.2827055759733621,Banks—Regional,Financial Services,PNFPP
2022Q1,2022,Q1,2022-05-06,2022-03-31,129110000.0,340251000.0,151921000.0,1.7,340251000.0,1.0,39400378000.0,5280950000.0,6954971000.0,8575000.0,34119428000.0,0.0,1972686000.0,2029583512.8508,51671512.85080004,69.53498129858656,811.075335276968,0.033303969824858025,0.24847593709465152,0.018878035748705037,69.53498129858656,0.024448252681809144,5.9649597292904355,3.9299502611161024,0.38432166804283324,0.16090155681202076,0.0,0.010235597534402691,0.008635729332342953,811.075335276968,0.003276872115287828,48.2739935982399,1.0,-0.03409090909090912,1.073183981212573,0.8757672965255644,0.9514694978209122,0.010213443147640664,-0.03308669342759571,-0.16994852736741517,0.3934509621825999,0.4928882603080242,0.32036942065534385,Banks—Regional,Financial Services,PNFPP
2021Q4,2021,Q4,2022-02-28,2021-12-31,133528000.0,336811000.0,183025999.0,1.76,336811000.0,1.0,38469399000.0,5310607000.0,9032041000.0,12504000.0,33158792000.0,0.0,1864350000.0,2141568299.78,-565612700.22,69.95444576079595,722.3321337172105,0.03410120859959367,0.24702505758757898,0.02217829338933944,69.95444576079595,0.025143641772023426,6.358368045521079,4.009586565701576,0.40326243304767234,0.13232430651249177,0.0,0.00825049567731046,0.008755296645003473,722.3321337172105,0.003471018614041774,10.092121185379968,1.0,0.0057142857142857195,1.236645888644426,0.7389337281606351,1.145359513669484,0.0,0.005640952259016863,0.0,0.4299984258036541,0.4435925779757816,0.366898165054376,Banks—Regional,Financial Services,PNFPP
2021Q3,2021,Q3,2021-11-05,2021-09-30,132779000.0,338256000.0,0.0,1.75,0.0,1.0,36523936000.0,5191798000.0,8086138000.0,11838000.0,31332138000.0,0.0,1748491000.0,2135086311.96,203943311.96000004,68.42683356715608,683.0662274032776,0.03918539885734112,0.2756665417260071,0.0,68.42683356715608,0.02557476234630084,6.312042689442316,4.019999984862064,0.411242176979921,0.13304814767395445,0.0,0.008274138568095024,0.009261214344478097,683.0662274032776,0.0036353967984173448,15.820727738579526,0.0,0.03550295857988169,1.4647921659880523,0.811578301667034,1.114525456253559,0.0,0.03740077504844053,0.0,0.4462821824758656,0.4876981293783662,0.36039125978309366,Banks—Regional,Financial Services,PNFPP
2021Q2,2021,Q2,2021-08-06,2021-06-30,127992000.0,328598000.0,0.0,1.69,0.0,1.0,35412309000.0,5101231000.0,27619468000.0,15776000.0,30311078000.0,0.0,1629580000.0,2206159268.2799997,1030357268.2799997,67.35636051600795,1750.7269269776875,0.04406089419359805,0.3058669564267919,0.0,67.35636051600795,0.025090414450943312,6.713854826505334,4.30917414424339,0.43247586088142254,0.1379851865741609,0.0,0.00800531505314625,0.009279202889594124,454.28714503042596,0.003614336472665479,13.004947348974296,0.0,0.049689440993788726,1.315067109965834,0.7856122348178896,1.2506482369526295,0.0,0.052306174463536956,0.0,0.5089276657941262,0.5242260387618171,0.36516015497863097,Banks—Regional,Financial Services,PNFPP
2021Q1,2021,Q1,2021-05-07,2021-03-31,121630000.0,308344000.0,0.0,1.61,0.0,1.0,35299705000.0,4959524000.0,6744884000.0,15359000.0,30340181000.0,0.0,1515451000.0,2086596622.46,676325622.46,65.64855487904728,439.14864248974544,0.04416798950586131,0.3143682740521066,0.0,65.64855487904728,0.024524530983215324,6.767106291868822,4.2888198274685525,0.4207251789607228,0.1455233083943106,0.0,0.00848271285857471,0.008735030505212437,439.14864248974544,0.0034456378601464234,17.76295552409572,0.0,0.13380281690140858,1.367650526231031,0.7509432509669689,1.1971602559464558,0.0,0.13590093203085601,0.0,0.4907421249219879,0.4906228134220177,0.3539098804518892,Banks—Regional,Financial Services,PNFPP
2020Q4,2020,Q4,2021-02-26,2020-12-31,107078000.0,295249000.0,0.0,1.42,0.0,1.0,34932860000.0,4904611000.0,27857116000.0,24934000.0,30028249000.0,0.0,1407723000.0,2095227398.5500002,128209398.55000019,64.81810932979697,1117.234138124649,0.050339479790661286,0.35854056519467087,0.0,64.81810932979697,0.021832108601477263,7.096475851061308,4.891825114752797,0.4271954286588682,0.1501895814266236,0.0,0.007675539185450482,0.008451898871148826,297.43639207507823,0.0030652514566514165,17.809290413351693,0.0,0.0,1.1514463672407662,0.7199261303346853,1.2899910893719635,0.0,0.002161969919604668,0.0,3.1655853771312046,0.5019033800079877,0.3789503606459124,Banks—Regional,Financial Services,PNFPP
2020Q3,2020,Q3,2020-11-06,2020-09-30,106847000.0,280901000.0,0.0,1.42,0.0,1.0,33824931000.0,4787308000.0,26880323000.0,26101000.0,29037623000.0,0.0,1312929000.0,1993223255.34,1167357255.34,63.623474480468076,1029.857974790238,0.057886622148615764,0.40900042362012223,0.0,63.623474480468076,0.02231880631035229,7.095821144602547,4.663732382144562,0.4163557588816095,0.15052364596104711,0.0,0.008068840234987423,0.008304555004118115,243.24972223286463,0.0031588238864404482,19.004617188432604,0.0,0.7108433734939759,1.290322586647111,0.7897977165099044,1.1848466320345656,0.0,0.7110851322785215,0.0,0.7108454349611126,0.3852564197067039,0.3447656338319476,Banks—Regional,Financial Services,PNFPP
2020Q2,2020,Q2,2020-08-07,2020-06-30,62444000.0,195623000.0,0.0,0.83,0.0,1.0,33342112000.0,4695647000.0,26532239000.0,34916000.0,28646465000.0,0.0,1218367000.0,1953979156.02,2023503156.02,62.43306571830766,759.887701913163,0.07511803691379838,0.5333863469719934,0.0,62.43306571830766,0.013298273911986996,9.988493970647623,7.822925965745308,0.416125649142706,0.19822561014669143,0.0,0.0063347656303623864,0.005867144828737903,167.7747451025318,0.0018728267723412363,16.952942121829967,0.0,1.2432432432432432,0.2972707813223836,0.30346374238347584,1.6276729352033965,0.0,1.2021441670193258,0.0,0.0378150113589254,0.038636372787212055,-0.06993503307882958,Banks—Regional,Financial Services,PNFPP
2020Q1,2020,Q1,2020-05-08,2020-03-31,28356000.0,164040000.0,0.0,0.37,0.0,1.0,29264180000.0,4385128000.0,3891934000.0,33931000.0,24879052000.0,0.0,1168301000.0,1973429633.0,4181435633.0,57.21868371275237,114.70142347705638,0.10207625841557837,0.6812065691126918,0.0,57.21868371275237,0.006466401892943604,12.030173329675689,17.39869545246156,0.45002782883418685,0.4387783890534631,0.0,0.006304759892089854,0.0056054876644416485,114.70142347705638,0.0009689661558943391,39.25192205028244,0.0,-0.7063492063492064,-0.4032274123659702,0.08584859273581438,1.4459417451511052,0.0,-0.7048678691493458,0.0,-0.5487811517780743,-0.10382337572891229,0.6058178759180627,Banks—Regional,Financial Services,PNFPP
2019Q4,2019,Q4,2020-02-25,2019-12-31,96079000.0,248990000.0,0.0,1.26,0.0,1.0,27805496000.0,4355748000.0,21653595000.0,42183000.0,23449748000.0,0.0,1184183000.0,1969596848.5,4412525848.5,56.94592326618459,513.3251546831663,0.10111720359169281,0.6454951021041622,0.0,56.94592326618459,0.022057979479069956,7.91034518856179,5.124941060221277,0.45218337895121574,0.12919576598424212,0.0,0.006302304966345503,0.008954704494392044,94.6623521323756,0.0034553960123566937,17.61383683297413,0.0,-0.12499999999999996,1.3704206441429285,0.8370529865358313,1.5085085398112268,0.0,-0.13067199898661794,0.0,0.5972838377930517,0.2758728786064659,0.7464147834370818,Banks—Regional,Financial Services,PNFPP
2019Q3,2019,Q3,2019-11-01,2019-09-30,110521000.0,270165000.0,0.0,1.44,0.0,1.0,27547834000.0,4294630000.0,21552634000.0,36836000.0,23253204000.0,0.0,1100517000.0,1976330370.5,4028582370.5,55.955585235489856,585.0970246497991,0.10175159324685926,0.652683933190985,0.0,55.955585235489856,0.02573469658620184,7.315271669165139,4.470486085223623,0.46018641198426874,0.11253969833787245,0.0,0.0062934821959211495,0.009807123129898343,114.70688999891411,0.004011966966259489,15.816336845264296,0.0,0.09923664122137396,1.7692360507677454,1.0005074761915052,1.5041843091585296,0.0,0.10167362765522672,0.0,1.028171843548846,0.4303743667309326,0.7291390413950237,Banks—Regional,Financial Services,PNFPP
2019Q2,2019,Q2,2019-08-02,2019-06-30,100321000.0,253905000.0,0.0,1.31,0.0,1.0,26540355000.0,4176361000.0,20725218000.0,30376000.0,22363994000.0,0.0,1002434000.0,1971958587.0,3910231587.0,54.53527090221799,682.2892415064524,0.09134037581637472,0.5804589210559145,0.0,54.53527090221799,0.024021151428240996,7.766521285520175,4.914122135445221,0.47217148780960266,0.12392220970684104,0.0,0.006304392030318028,0.009566752215635398,126.00148143271004,0.0037799419035653443,905.3988002754821,0.0,0.07377049180327876,1.673469349894561,0.9502957146762218,1.5000041795185264,0.0,0.0676990208599404,0.0,0.7945205370029792,0.36448671363335305,0.8222438143557439,Banks—Regional,Financial Services,PNFPP
2019Q1,2019,Q1,2019-05-03,2019-03-31,93960000.0,231125000.0,0.0,1.22,0.0,1.0,25557858000.0,4055939000.0,3707170000.0,26052000.0,21501919000.0,0.0,914545000.0,1983173742.0,4211381742.0,52.663277572782626,142.29886381083986,0.10195604029101343,0.6424598594801352,0.0,52.663277572782626,0.02316602887765324,8.580524573282856,5.276643630268199,0.4889555148635125,0.1335142613878246,0.0,0.006325719090728058,0.009043206985499333,142.29886381083986,0.003676364427723168,12.946603965243732,0.0,-0.008130081300813016,1.595742501064095,0.7970873270728357,1.4699482867522033,0.0,-0.014247046727795379,0.0,0.7941187970350428,0.28740380501195834,0.7625621865398409,Banks—Regional,Financial Services,PNFPP
2018Q4,2018,Q4,2019-02-28,2018-12-31,95318000.0,238166000.0,0.0,1.23,0.0,1.0,25031044000.0,3965940000.0,19394997000.0,23586000.0,21065104000.0,0.0,833130000.0,1995465453.0,3269831453.0,51.177510914291936,822.309717629102,0.07705307856915597,0.48632077136820023,0.0,51.177510914291936,0.024034150794011003,8.378464822854648,5.2337057350133245,0.5031506913871616,0.13166453345643006,0.0,0.00628925947133398,0.009514824871068103,161.86279996608158,0.0038079913886132754,13.57496430515116,0.0,0.016528925619834725,1.7950597909302175,0.9372431933090759,1.4619246387173372,0.0,0.016757869585160057,0.0,0.8700207406784237,0.3546975672484865,0.808075631667488,Banks—Regional,Financial Services,PNFPP
2018Q3,2018,Q3,2018-11-02,2018-09-30,93747000.0,232173000.0,0.0,1.21,0.0,1.0,24557545000.0,3897041000.0,19012419000.0,20944000.0,20660504000.0,0.0,750363000.0,1995030767.25,3441353767.25,50.29937753206848,907.7740164247517,0.08087494087865868,0.5096405195634329,0.0,50.29937753206848,0.02405594398416645,8.592862939489088,5.32025229407341,0.511934764671452,0.1171130809519238,0.0,0.005503173274432117,0.009454243084966351,172.73276355996944,0.003817441849337953,19.18907698837131,0.0,0.08035714285714272,1.8809568372540915,0.8906337083625947,1.4629177299826224,0.0,0.079226385771024,0.0,0.9516113037901289,0.4366930813835202,0.7272936835304759,Banks—Regional,Financial Services,PNFPP
2018Q2,2018,Q2,2018-08-03,2018-06-30,86865000.0,220773000.0,0.0,1.12,0.0,1.0,23988370000.0,3826677000.0,18667268000.0,15604000.0,20161693000.0,0.0,667594000.0,1997119401.25,3426959401.25,49.33953006932164,1196.3129966675212,0.08534552368501903,0.5350072660953616,0.0,49.33953006932164,0.0226998515944774,9.046030996770439,5.747767804207679,0.5218939046201182,0.12606918782018073,0.0,0.005483397734329632,0.009203334782646757,233.4505895924122,0.003621129739119415,16.739611929508403,0.0,0.03703703703703707,1.6744608139937611,0.8652423417356533,1.420499011624892,0.0,0.04017482936175308,0.0,0.7500027371926969,0.42652366953964305,1.076594290336011,Banks—Regional,Financial Services,PNFPP
2018Q1,2018,Q1,2018-05-07,2018-03-31,83510000.0,211723000.0,0.0,1.08,0.0,1.0,22935174000.0,3749303000.0,3388426000.0,13592000.0,19185871000.0,0.0,591680000.0,1991096733.75,4066643733.75,48.48812747945677,249.29561506768687,0.10649280445833983,0.6514360135737229,0.0,48.48812747945677,0.0222734732295576,9.404253358161371,5.96065361558496,0.5310578349495894,0.1314094120464615,0.0,0.005511535333259144,0.009231366633625714,249.29561506768687,0.0036411321754088286,25.94262845276873,0.0,2.176470588235294,1.7692281653061939,0.7988149285388326,1.4181429098406995,0.0,2.1162773341294128,0.0,0.7419338844776925,0.38904666674678096,1.072734419085902,Banks—Regional,Financial Services,PNFPP
2017Q4,2017,Q4,2018-02-28,2017-12-31,26798000.0,204939000.0,0.0,0.34,0.0,1.0,22205699847.0,3707952031.0,17317261446.0,10480426.0,18497747816.0,0.0,519144543.0,2031251103.5,3143199479.5,47.00539713368333,1652.3432774583782,0.08040337527309278,0.481509254454538,0.0,47.00539713368333,0.007227170086332759,9.91149124129619,18.949652058922307,0.5478094340266291,0.4076252705425778,0.0,0.005377740832326396,0.009229116911966517,309.73814585399487,0.0012068072695137514,46.45224641912548,0.0,-0.5903614457831324,-0.0005854686482185797,0.69597816997459,1.388723225738957,0.0,-0.5841531855645881,0.0,-0.3589187784878437,0.4661490283753073,1.0706212730259077,Banks—Regional,Financial Services,PNFPP
2017Q3,2017,Q3,2017-11-07,2017-09-30,64441999.0,209238000.0,0.0,0.83,0.0,1.0,21790371081.0,3673349185.0,16545389398.0,10715285.0,18117021896.0,0.0,503270311.0,1999257192.0,3685776757.0,47.311942601605004,1544.0923314685517,0.09588671928684352,0.5688016819996382,0.0,47.311942601605004,0.017543118215699934,9.554943136523958,7.75603342161996,0.5442600448015944,0.16966972113946993,0.0,0.0054689591933202355,0.00960231467478055,311.4574578277666,0.002957361247335061,4955.832559523072,0.0,0.037499999999999895,1.515156105862641,0.8555338952064709,1.4183477778014668,0.0,0.49565981989509356,0.0,0.5961549620387165,0.5315900320324297,1.1173547519900413,Banks—Regional,Financial Services,PNFPP
2017Q2,2017,Q2,2017-08-04,2017-06-30,43086000.0,134872000.0,0.0,0.8,0.0,1.0,20886153778.0,3615326839.0,16111193094.0,7630882.0,17270826939.0,0.0,449762022.0,1386830625.0,2038695459.0,67.12763940026923,2111.3146676884794,0.057006659514981954,0.32933394683876877,0.0,67.12763940026923,0.011917594706850236,10.28256884305119,8.046875,0.383597579626742,0.1630515248572622,0.0,0.00506567844216737,0.006457483816003722,395.00509456180816,0.0020628977674857375,24.58423286363205,0.0,-0.02439024390243891,2.4822730022852313,0.7156660635050881,2.450211915620094,0.0,0.08657604720954279,0.0,0.6326530374525773,0.4730767585697021,2.077263141550843,Banks—Regional,Financial Services,PNFPP
2017Q1,2017,Q1,2017-05-05,2017-03-31,39653000.0,115498000.0,0.0,0.82,0.0,1.0,11724600995.0,1723075477.0,1799335982.0,5655284.0,10001525518.0,0.0,413700739.0,1245202432.0,1587323961.0,35.6321128135654,318.1689870924254,0.04538432363087849,0.3088158894388351,0.0,35.6321128135654,0.023012921099102846,10.781160123984831,7.850619322623761,0.7226627322025314,0.17715716339242932,0.0,0.005641502794623517,0.009850910922192965,318.1689870924254,0.0033820340681026306,-204.12498745941934,0.0,0.03797468354430369,0.0,0.0,0.0,0.0,0.09852865366535625,0.0,0.744678677080305,0.4302683378182028,0.6711735397705677,Banks—Regional,Financial Services,PNFPP
2016Q4,2016,Q4,2017-02-27,2016-12-31,36096464.0,117109677.0,0.0,0.79,0.0,1.0,11194622599.0,1496696112.0,9009863442.0,5573377.0,9697926487.0,0.0,381072505.0,1181940527.25,1756750760.25,32.60733006056587,1616.589626361181,0.06762820544460589,0.5058289594861993,0.0,32.60733006056587,0.024117430192135088,10.09259488650114,8.185985525133432,0.7896997378249353,0.1803068300540463,0.0,0.005506570635278129,0.010461243866359661,270.75916199460397,0.0032244467091927195,27.97497205734817,0.0,0.11267605633802827,0.0,0.0,0.0,0.0,0.11490754240885935,0.0,0.7870200738301668,0.6082210899165144,0.5685950302142839,Banks—Regional,Financial Services,PNFPP
2016Q3,2016,Q3,2016-11-04,2016-09-30,32376195.0,112218670.0,0.0,0.71,0.0,1.0,10978389661.0,1475643970.0,8876867205.0,3009165.0,9502745691.0,0.0,351484480.0,1174208703.5,1572041070.5,32.36037351302089,2949.9436571274755,0.05873767272906784,0.4369923044513237,0.0,32.36037351302089,0.021940383763435836,10.46357708124682,9.06691400502746,0.7957262912814939,0.20075756277104212,0.0,0.005535443554988094,0.010221778736698458,497.38379450777876,0.0029490841553032393,79.58700624667289,0.0,-0.02739726027397263,0.0,0.0,0.0,0.0,0.05162681556871243,0.0,0.6904778421885053,0.5526197397498335,0.5845312921271376,Banks—Regional,Financial Services,PNFPP
2016Q2,2016,Q2,2016-08-05,2016-06-30,30786772.0,102476121.0,0.0,0.73,0.0,1.0,9735667860.0,1262153810.0,7886848251.0,4067352.0,8473514050.0,0.0,325608051.0,1085971745.0,1630269240.0,29.927537946670977,1939.062134528804,0.10404569050283932,0.8025600976476869,0.0,29.927537946670977,0.024392250576813615,10.597315105242908,8.818493093397384,0.860411572976197,0.19247090925934035,0.0,0.005456456880468838,0.010525843986629183,393.6986690603616,0.003162266055366437,34.58626599696232,0.0,0.07352941176470577,0.0,0.0,0.0,0.0,0.10089330821264551,0.0,0.7431753472481505,0.5921995215072584,0.4681853661456956,Banks—Regional,Financial Services,PNFPP
2016Q1,2016,Q1,2016-05-06,2016-03-31,27965264.0,95864817.0,0.0,0.68,0.0,1.0,9261387632.0,1228779841.0,1424308819.0,2540401.0,8032607791.0,0.0,300746837.0,1058980286.0,1503211139.0,29.878819581491246,560.6629894256852,0.08919194982681188,0.6722450950430265,0.0,29.878819581491246,0.0227585634683276,11.046599984642958,9.466925522319404,0.8618145013985463,0.2071081824938252,0.0,0.00546925667698407,0.010351020906280537,560.6629894256852,0.003019554424368791,50.00437421288274,0.0,0.030303030303030328,0.0,0.0,0.0,0.0,0.04137750544534937,0.0,0.7435871695616748,0.5313771980464165,0.4900813762297501,Banks—Regional,Financial Services,PNFPP
2015Q4,2015,Q4,2016-02-29,2015-12-31,26854108.0,92623171.0,0.0,0.66,0.0,1.0,8715414180.0,1155611300.0,7139396222.0,2593209.0,7559802880.0,0.0,278573408.0,1051299473.0,1199799428.0,28.304961373266092,2753.112542028043,0.05080438139315142,0.38315757729264155,0.0,28.304961373266092,0.023238010912492807,11.350285912798213,9.78713827508253,0.9097345041537757,0.18354096885288462,0.0,0.004688320622795556,0.010627512254386056,482.38306746583095,0.0030812199449596323,22.919573947296552,0.0,0.06451612903225812,0.0,0.0,0.0,0.0,0.11202881208933696,0.0,0.9350454749335253,0.4809911315254756,0.43840330597940086,Banks—Regional,Financial Services,PNFPP
2015Q3,2015,Q3,2015-11-09,2015-09-30,24148752.0,81241578.0,0.0,0.62,0.0,1.0,8549063852.0,1134225554.0,6940722532.0,1703146.0,7414838298.0,0.0,256648129.0,1002952200.0,1376872808.0,29.120338950849302,4075.2363755074434,0.08045391880411469,0.6064099742545564,0.0,29.120338950849302,0.02129096096877394,12.34530673444083,10.383064516129032,0.8842616853966597,0.19646932479160828,0.0,0.004730523548380471,0.009502979438034498,767.8091103170251,0.0028247247205143463,231.33003812629883,0.0,-0.03125000000000003,0.0,0.0,0.0,0.0,0.0655194172600387,0.0,0.8787935669049376,0.4361344953162623,0.4884847909039964,Banks—Regional,Financial Services,PNFPP
2015Q2,2015,Q2,2015-08-07,2015-06-30,22663831.0,70663347.0,0.0,0.64,0.0,1.0,6516543776.0,841390061.0,5274152477.0,637036.0,5675153715.0,0.0,237243866.0,911866493.25,1222870815.25,23.75983132523112,8279.206319580055,0.0888896571420807,0.6884480443131833,0.0,23.75983132523112,0.026936176276035187,12.904377332282321,10.058609390111496,1.083761902495304,0.19103707577064089,0.0,0.004748098578080964,0.010843684847211254,1713.5548493334757,0.0034778913146366625,48.9390843128129,0.0,0.03225806451612906,0.0,0.0,0.0,0.0,0.03759240325067708,0.0,1.7858140701647591,0.36709071312916736,0.22120268020488715,Banks—Regional,Financial Services,PNFPP
2015Q1,2015,Q1,2015-05-08,2015-03-31,21842711.0,69446590.0,0.0,0.62,0.0,1.0,6314346368.0,824150646.0,1076602823.0,632021.0,5490195722.0,0.0,218909667.0,907177109.25,1208832569.25,23.393314181003735,1703.428878154365,0.09359275981358392,0.717074124576977,0.0,23.393314181003735,0.02650329900972983,13.062946780396272,10.383064506621912,1.100741853025254,0.19705086058227844,0.0,0.004744525579529221,0.01099822308638993,1703.428878154365,0.0034592196447592784,225.37766599290163,0.0,0.16981132075471692,0.0,0.0,0.0,0.0,0.16573803460253853,0.0,0.0,0.0,0.0,Banks—Regional,Financial Services,PNFPP
2014Q4,2014,Q4,2015-02-25,2014-12-31,18737238.0,62656011.0,0.0,0.53,0.0,1.0,6018247797.0,802693381.0,4891457253.0,631682.0,5215554416.0,0.0,201371081.0,910499812.0,1019216742.0,22.701107994023396,7743.543829015232,0.04845840281707497,0.3633201455288941,0.0,22.701107994023396,0.023342958150043596,14.531723253176779,12.148266089164261,1.1343058676598208,0.15276483118803316,0.0,0.0031437579253448546,0.010411005514135364,1475.364088259599,0.0031134042053469805,28.12860903180937,0.0,0.019230769230769246,0.0,0.0,0.0,0.0,0.02969837260594185,0.0,0.0,0.0,0.0,Banks—Regional,Financial Services,PNFPP
2014Q3,2014,Q3,2014-11-07,2014-09-30,18196822.0,61574320.0,0.0,0.52,0.0,1.0,5865703491.0,781934151.0,4760862585.0,622908.0,5083769340.0,0.0,185496234.0,901094341.25,1000589036.25,22.344835015076175,7642.962660617619,0.05324285645859626,0.39940295304994294,0.0,22.344835015076175,0.023271552952033682,14.634255664536774,12.379831231656823,1.1523915921789685,0.15696339723496774,0.0,0.0031697402472174274,0.010497346157110756,1516.569010190911,0.003102240341319701,25.68876429083684,0.0,0.06122448979591842,0.0,0.0,0.0,0.0,0.05980449598659987,0.0,0.0,0.0,0.0,Banks—Regional,Financial Services,PNFPP
2014Q2,2014,Q2,2014-08-01,2014-06-30,17169980.0,59569497.0,0.0,0.49,0.0,1.0,5788791593.0,764381985.0,4653779347.0,661273.0,5024409608.0,0.0,170155642.0,902299956.25,963823648.25,21.81407189196015,7037.60677813853,0.04629025154818697,0.3505637551099533,0.0,21.81407189196015,0.022462564970052244,15.147013181091658,13.137754910751207,1.1804306929734878,0.1662882542670405,0.0,0.0031643202243588717,0.010290489136287688,1460.6528922245427,0.002966073268341965,96.6303969332297,0.0,0.04255319148936174,0.0,0.0,0.0,0.0,0.049053031494905974,0.0,0.0,0.0,0.0,Banks—Regional,Financial Services,PNFPP
2014Q1,2014,Q1,2014-05-02,2014-03-31,16367123.0,58152540.0,0.0,0.47,0.0,1.0,5600932590.0,742496653.0,922618616.0,745180.0,4858435937.0,0.0,155840829.0,896709373.75,975348336.75,21.32161140994206,1238.1151077591992,0.04439217469674992,0.3348669344102754,0.0,21.32161140994206,0.02204336266550147,15.419951970283671,13.696808134056303,1.2076948362351743,0.1725711354402359,0.0,0.0031498421703657358,0.010382653078850928,1238.1151077591992,0.0029222138879553983,72.34206781189194,0.0,0.06818181818181812,0.0,0.0,0.0,0.0,0.06830864390767094,0.0,0.0,0.0,0.0,Banks—Regional,Financial Services,PNFPP
2013Q4,2013,Q4,2014-02-25,2013-12-31,15320594.0,55231572.0,0.0,0.44,0.0,1.0,5563775857.0,723707661.0,4477156369.0,792703.0,4840068196.0,0.0,142298199.0,896470491.0,881471621.0,20.787602556736026,5647.96193404087,0.034022869516182955,0.2615636536698207,0.0,20.787602556736026,0.0211695893599225,16.231123948454698,14.628520457496622,1.2387190841137163,0.1837194432539626,0.0,0.0031397475190290455,0.009926994440387285,1151.9537493865926,0.002753632495946898,34.46452422647471,0.0,0.047619047619047665,0.0,0.0,0.0,0.0,0.045992100744523604,0.0,0.0,0.0,0.0,Banks—Regional,Financial Services,PNFPP
2013Q3,2013,Q3,2013-11-01,2013-09-30,14646950.0,55275272.0,0.0,0.42,0.0,1.0,5391200588.0,712215862.0,4294765743.0,925097.0,4678984726.0,0.0,129792296.0,897999654.75,902451714.75,20.422678727650144,4642.503156966242,0.03987125752257393,0.30181010908178846,0.0,20.422678727650144,0.02056532405620587,16.245956324737758,15.327417222527556,1.2608532085038007,0.0,0.0,0.0,0.010252868743751517,1006.3384153229337,0.002716825271276662,20.50718898854874,0.0,0.0,0.0,0.0,0.0,0.0,0.023508563274735456,0.0,0.0,0.0,0.0,Banks—Regional,Financial Services,PNFPP
2013Q2,2013,Q2,2013-07-31,2013-06-30,14310530.0,52150422.0,0.0,0.42,0.0,1.0,5373167925.0,696568819.0,4290832402.0,1037150.0,4676599106.0,0.0,115145346.0,879936158.5,1072617223.5,20.384032314146573,4137.137735139565,0.07922153763694255,0.6110962957128864,0.0,20.384032314146573,0.020544316095779763,16.873040039829398,15.372179760288402,1.2632436803060516,0.0,0.0,0.0,0.009705712296345178,902.9320532227739,0.0026633319858507865,30.605974737108646,0.0,0.07692307692307684,0.0,0.0,0.0,0.0,0.06412827066970303,0.0,0.0,0.0,0.0,Banks—Regional,Financial Services,PNFPP
2013Q1,2013,Q1,2013-05-03,2013-03-31,13448125.0,52488426.0,0.0,0.39,0.0,1.0,5070935114.0,691433742.0,797252951.0,1235441.0,4379501372.0,0.0,100834814.0,887921053.25,1097483383.25,20.051803920327867,645.3185146032874,0.060408849869578514,0.4430350146261737,0.0,20.051803920327867,0.019449622115780402,16.91651133242212,16.50640987591207,1.2841737382987017,0.0,0.0,0.0,0.01035083763053648,645.3185146032874,0.0026520010013285295,39.30583152748738,0.0,0.14705882352941171,0.0,0.0,0.0,0.0,0.14645727704605513,0.0,0.0,0.0,0.0,Banks—Regional,Financial Services,PNFPP
2012Q4,2012,Q4,2013-02-22,2012-12-31,11730158.0,52862962.0,0.0,0.34,0.0,1.0,5040548616.0,679071359.0,3981484468.0,1360598.0,4361477257.0,0.0,87386689.0,888609093.25,907136150.25,19.67804249031074,2926.2754083131094,0.036108903190072913,0.26802585558611375,0.0,19.67804249031074,0.017273822322993893,16.809672777132693,18.93855763174716,1.3085651183383218,8.525034360150989e-08,0.0,1.1253542278558042e-09,0.010487541342662452,650.387583988805,0.0023271589847909525,35.14171140637422,0.0,0.030303030303030328,0.0,0.0,0.0,0.0,0.03357377771414096,0.0,0.0,0.0,0.0,Banks—Regional,Financial Services,PNFPP
2012Q3,2012,Q3,2012-10-25,2012-09-30,11349125.0,49949367.0,0.0,0.33,0.0,1.0,4871386070.0,672824471.0,3781866315.0,1570473.0,4198561599.0,0.0,75656530.0,885578344.0,1035840363.0,19.56374638746812,2408.1065481546007,0.061105878023746944,0.4424189901380683,0.0,19.56374638746812,0.0168678838079895,17.729520856590636,19.507634817662154,1.3162100698920625,0.0,0.0,0.0,0.010253625206921857,103.90682233951172,0.0023297527309306446,30.59720438502935,0.0,0.43478260869565216,0.0,0.0,0.0,0.0,0.4578625958120792,0.0,0.0,0.0,0.0,Banks—Regional,Financial Services,PNFPP
2012Q2,2012,Q2,2012-07-26,2012-06-30,7784770.0,49460837.0,0.0,0.23,0.0,1.0,4931877736.0,659286555.0,3769708433.0,1643008.0,4272591181.0,0.0,64307405.0,872561101.0,1063248347.0,19.45609169580664,2294.3944478663525,0.07978108604109971,0.5968126591023838,0.0,19.45609169580664,0.011807870099823285,17.641454409677703,28.021415565263972,1.323492940031213,0.15889756537444266,0.0,0.0014176439891514256,0.010028804371804078,132.65925363723122,0.001578459648984291,66.60135237456694,0.0,2299.0,0.0,0.0,0.0,-1.0,-0.06935889904475266,-1.0,0.0,0.0,0.0,Banks—Regional,Financial Services,PNFPP
2012Q1,2012,Q1,2012-05-04,2012-03-31,8364954.0,49453343.0,18919475.0,0.0001,49453343.0,1.0,4789582580.0,718665448.0,147322074.0,1912756.0,4070917132.0,0.0,56999267.0,0.0,192204893.0,0.0,77.02084008624205,0.06754402697865165,0.45015061723128785,0.012052667415053595,0.0,0.011639566119783736,0.0,0.0,0.0,0.10647087838139935,0.0,,0.01032518850525801,77.02084008624205,0.0017464891481211292,0.0,1.0,0.0,0.0,0.0,0.0,0.008850478412701786,0.07798618958717606,0.1564573769144042,0.0,0.0,0.0,Banks—Regional,Financial Services,PNFPP
2011Q4,2011,Q4,2012-03-02,2011-12-31,7759797.0,49019497.0,16359855.0,0.0001,49019497.0,1.0,4863950704.0,710144568.0,3592958581.0,2233330.0,4153806136.0,0.0,49783584.0,0.0,152106329.0,0.0,1608.7898255072023,0.06651892991718117,0.45560412707402415,0.013339362139417237,0.0,0.01092706661385038,0.0,0.0,0.0,0.17131131136549063,0.0,,0.010078123727628964,83.58900520747046,0.001595369170501363,0.0,1.0,-0.6666666666666666,0.0,0.0,0.0,0.012054263925195085,-0.7027011494847382,-0.07361470478681567,0.0,0.0,0.0,Banks—Regional,Financial Services,PNFPP
2011Q3,2011,Q3,2011-10-31,2011-09-30,26100999.0,48435641.0,17659882.0,0.0003,48435641.0,1.0,4868905222.0,724373891.0,3552197477.0,2681791.0,4144531331.0,0.0,44427826.0,0.0,88094274.0,0.0,1324.5616369806596,0.05310883128954857,0.35697292408348275,0.0513731596015731,0.0,0.03603249554448671,0.0,0.0,0.0,0.045496266254023456,0.0,,0.009947953141734004,69.47421406067811,0.005360753148790704,0.0,1.0,1.9999999999999998,0.0,0.0,0.0,0.017453032512923645,3.096300334895047,0.06039869576093482,0.0,0.0,0.0,Banks—Regional,Financial Services,PNFPP
2011Q2,2011,Q2,2011-07-29,2011-06-30,6371847.0,47604793.0,16654002.0,0.0001,47604793.0,1.0,4831332779.0,699228022.0,3529712018.0,3031394.0,4132104757.0,0.0,19864142.0,0.0,-1353187.0,0.0,1164.3857637773249,0.04319030038812402,0.29842441583383794,0.017549195212239695,0.0,0.009112688278388247,0.0,0.0,0.0,0.18636668457356242,0.0,,0.009853345893895006,74.46866458137741,0.0013188590584560932,0.0,1.0,2.0,0.0,0.0,0.0,0.0735173252986998,1.8276290028844318,0.13228098432422639,0.0,0.0,0.0,Banks—Regional,Financial Services,PNFPP
2011Q1,2011,Q1,2011-05-05,2011-03-31,-7698917.0,44344690.0,14708365.0,-0.0001,44344690.0,1.0,4820990591.0,681226376.0,142052735.0,3951497.0,4139764215.0,0.0,15007452.0,0.0,83292230.0,0.0,35.94909347014562,0.043316149463109375,0.3065453076350056,-0.036301476067662805,0.0,-0.01130155447768511,0.0,0.0,0.0,-0.15424247332449487,0.0,,0.009198252758008753,35.94909347014562,-0.0015969574830476993,0.0,1.0,-2.0,0.0,0.0,0.0,-0.008442551874614566,-3.0282784422421796,-0.08769972742697453,0.0,0.0,0.0,Banks—Regional,Financial Services,PNFPP
2010Q4,2010,Q4,2011-02-23,2010-12-31,3795789.0,44722260.0,16122285.0,0.0001,44722260.0,1.0,4909003880.0,677457285.0,3510914664.0,5197925.0,4231546595.0,0.0,12996202.0,0.0,37567530.0,0.0,675.4454256265722,0.0445852216356366,0.3230742820929293,0.022029827012426527,0.0,0.005602993847796618,0.0,0.0,0.0,0.31284668352218736,0.0,,0.0091102515078884,38.027880163719175,0.0007732299857135171,0.0,1.0,1.5,0.0,0.0,0.0,0.0015247398820992636,1.3036746596370663,-0.03352150016967926,0.0,0.0,0.0,Banks—Regional,Financial Services,PNFPP
2010Q3,2010,Q3,2010-10-20,2010-09-30,-12499525.0,44654174.0,16681473.0,-0.0002,44654174.0,1.0,4961603277.0,686528773.0,3612530076.0,5766337.0,4275074504.0,0.0,10721466.0,0.0,-28113349.0,0.0,626.4861169231004,0.04412107312464596,0.3188668408512574,-0.11013353541733946,0.0,-0.018206847974309156,0.0,0.0,0.0,-0.09500361013718521,0.0,,0.008999948505959518,45.77370451987111,-0.00251925119808405,0.0,1.0,0.33333333333333326,0.0,0.0,0.0,-0.0348475228645728,0.5258871652019816,4.031685953792681,0.0,0.0,0.0,Banks—Regional,Financial Services,PNFPP
2010Q2,2010,Q2,2010-07-21,2010-06-30,-26364030.0,46266445.0,-5502375.0,-0.0003,46266445.0,1.0,4958478263.0,681915137.0,3670953208.0,5855440.0,4276563126.0,0.0,10146029.0,0.0,-3911427.0,0.0,626.9303772218655,0.04617413687349263,0.3357506551434713,-0.007681243997834575,0.0,-0.03866174626359702,0.0,0.0,0.0,-0.04504243091818663,0.0,,0.009330774997087045,42.738902627300426,-0.0053169598819717565,0.0,1.0,-1.9999999999999998,0.0,0.0,0.0,0.027103496764708385,-5.89575685448803,-1.4669653842005197,0.0,0.0,0.0,Banks—Regional,Financial Services,PNFPP
2010Q1,2010,Q1,2010-05-10,2010-03-31,-3823225.0,45045553.0,11783261.0,-0.0001,45045553.0,1.0,5021689344.0,700261014.0,104097918.0,6335771.0,4321428330.0,0.0,38004024.0,0.0,169208073.0,0.0,16.43018947496682,0.050738985736828564,0.36385778860452167,0.010851367476617685,0.0,-0.0054597141973692686,0.0,0.0,0.0,-0.3106016517468891,0.0,,0.008970199053396482,16.43018947496682,-0.000761342396571794,0.0,1.0,0.0,0.0,0.0,0.0,2.2802606611896077,-0.5495871118255355,0.09485216245934233,0.0,0.0,0.0,Banks—Regional,Financial Services,PNFPP
2009Q4,2009,Q4,2010-02-26,2009-12-31,-2467254.0,13732309.0,10762422.0,0.0,13732309.0,1.0,5128811004.0,701020181.0,3812673644.0,6555801.0,4427790823.0,0.0,43372743.0,0.0,235140546.0,0.0,581.5725102088975,0.06046835840863049,0.44239922102898777,0.004425026146536146,0.0,-0.0035195192190907837,0.0,0.0,0.0,-0.48130472176760075,0.0,,0.002677483921573648,14.349688771822086,-0.00048105769506339173,0.0,1.0,0.0,0.0,0.0,0.0,-0.7254759337951292,0.262883570299686,-0.00019796456016334352,0.0,0.0,0.0,Banks—Regional,Financial Services,PNFPP
2009Q3,2009,Q3,2009-10-28,2009-09-30,-3347170.0,50022241.0,10764553.0,0.0,50022241.0,1.0,5094709862.0,710091128.0,3791627519.0,8018015.0,4384618734.0,0.0,47322426.0,0.0,214023380.0,0.0,472.8885539625456,0.06290097290725757,0.4512972974364496,0.004904125612329162,0.0,-0.0047137189411553945,0.0,0.0,0.0,-0.3547770205875411,0.0,,0.009818467067791582,15.52101561296655,-0.0006569893263138681,0.0,1.0,1.0,0.0,0.0,0.0,0.2166535184629602,0.8946627571445912,1.3049783486129156,0.0,0.0,0.0,Banks—Regional,Financial Services,PNFPP
2009Q2,2009,Q2,2009-08-03,2009-06-30,-31775751.0,41114615.0,-35296122.0,-0.0004,41114615.0,1.0,5036741545.0,703771945.0,3744996491.0,9007931.0,4332969600.0,0.0,52147201.0,0.0,224349847.0,0.0,415.74435805514054,0.06468323321521553,0.4629237216894174,-0.019874310392329154,0.0,-0.045150636119773144,0.0,0.0,0.0,-0.03737126464768685,0.0,,0.008162939200407195,13.271497528122717,-0.0063087912524604235,0.0,1.0,0.0,0.0,0.0,0.0,-0.017237878346941106,-16.202195666651356,-2.4829499577543905,0.0,0.0,0.0,Banks—Regional,Financial Services,PNFPP
2009Q1,2009,Q1,2009-04-27,2009-03-31,2090208.0,41835775.0,23801290.0,0.0,41835775.0,1.0,4952151431.0,631646230.0,148255152.0,9327196.0,4320505201.0,0.0,85380063.0,0.0,188615858.0,0.0,15.894932624981827,0.06444035091543225,0.5052169408182805,0.017540109326250487,0.0,0.003309143474188075,0.0,0.0,0.0,0.39768769423904227,0.0,,0.008447999941623756,15.894932624981827,0.0004220807923835882,0.0,1.0,-1.0,0.0,0.0,0.0,0.10292406948058287,-0.7404388233586283,-0.32029755645936486,0.0,0.0,0.0,Banks—Regional,Financial Services,PNFPP
2008Q4,2008,Q4,2009-02-19,2008-12-31,8052853.0,37931691.0,35017220.0,0.0001,37931691.0,1.0,4754074764.0,627298396.0,3540780583.0,8326264.0,4126776368.0,0.0,84380447.0,0.0,222183540.0,0.0,425.2544217910938,0.06298642656348431,0.47735205909884076,0.026149987490535855,0.0,0.012837356274700246,0.0,0.0,0.0,0.0,0.0,,0.007978774605573283,11.38851494499814,0.001693884383346227,0.0,1.0,0.0,0.0,0.0,0.0,-0.015641749222909368,-0.08439761404648156,0.009882143857567511,0.0,0.0,0.0,Banks—Regional,Financial Services,PNFPP
2008Q3,2008,Q3,2008-11-06,2008-09-30,8795142.0,38534437.0,34674561.0,0.0001,38534437.0,1.0,4337552379.0,512568708.0,3354877403.0,8419326.0,3824983671.0,0.0,76373045.0,0.0,242356601.0,0.0,398.4733935946892,0.07025051028207999,0.5944866770914935,0.03088141741817595,0.0,0.017158952278452395,0.0,0.0,0.0,0.0,0.0,,0.008883912776837501,9.440734923436864,0.0020276739579171777,0.0,1.0,0.0,0.0,0.0,0.0,0.0488239799149791,0.10476008879640623,0.08460579718268553,0.0,0.0,0.0,Banks—Regional,Financial Services,PNFPP
2008Q2,2008,Q2,2008-08-06,2008-06-30,7961133.0,36740614.0,31969736.0,0.0001,36740614.0,1.0,4106054952.0,481709434.0,3233368578.0,8328868.0,3624345518.0,0.0,67577903.0,0.0,190923323.0,0.0,388.2122490115103,0.06570559945102264,0.5600695833580042,0.031134071127500308,0.0,0.016526836383279137,0.0,0.0,0.0,0.0,0.0,,0.008947910933852499,11.412473099585682,0.0019388763893971382,0.0,1.0,0.0,0.0,0.0,0.0,0.02838479332610136,0.3126807358540032,-0.044139159777330725,0.0,0.0,0.0,Banks—Regional,Financial Services,PNFPP
2008Q1,2008,Q1,2008-05-09,2008-03-31,6064790.0,35726524.0,33446015.0,0.0001,35726524.0,1.0,3889286108.0,477158433.0,111873578.0,9679145.0,3412127675.0,0.0,59616770.0,0.0,155838640.0,0.0,11.558208705417679,0.0645573184969708,0.5262023358183004,0.03222430685272836,0.0,0.012710222811885209,0.0,0.0,0.0,0.0,0.0,,0.00918588219223907,11.558208705417679,0.0015593581525219075,0.0,1.0,0.0,0.0,0.0,0.0,0.2482657881766024,-0.02836503338759084,0.11754581222398634,0.0,0.0,0.0,Banks—Regional,Financial Services,PNFPP
2007Q4,2007,Q4,2008-03-07,2007-12-31,6241840.0,28620927.0,29928093.0,0.0001,28620927.0,1.0,3794170461.0,466610294.0,2919563567.0,10374538.0,3327560167.0,0.0,54150679.0,0.0,73631236.0,0.0,281.4162488006695,0.046197221448454055,0.3756456624593884,0.03384329009278945,0.0,0.01337698734953327,0.0,0.0,0.0,0.0,0.0,,0.007543395135825449,11.569855062461576,0.0016451132241314447,0.0,1.0,0.0,0.0,0.0,0.0,0.17823150708836438,0.08143545958720055,0.0766808587978166,0.0,0.0,0.0,Banks—Regional,Financial Services,PNFPP
2007Q3,2007,Q3,2007-11-05,2007-09-30,5771810.0,24291429.0,27796624.0,0.0001,24291429.0,1.0,2368078909.0,274636430.0,1836097847.0,5973825.0,2093442479.0,0.0,47908839.0,0.0,32547872.0,0.0,307.3571534151067,0.03683703472399787,0.3176308583679157,0.05271950349731213,0.0,0.021016184924920557,0.0,0.0,0.0,0.0,0.0,,0.010257862990831612,11.172276054286826,0.0024373385439412313,0.0,1.0,0.0,0.0,0.0,0.0,0.04647727102365046,0.06375849749302646,0.0826305571496219,0.0,0.0,0.0,Banks—Regional,Financial Services,PNFPP
2007Q2,2007,Q2,2007-08-01,2007-06-30,5425865.0,23212572.0,25675078.0,0.0001,23212572.0,1.0,2315327198.0,265194494.0,1796049778.0,5960627.0,2050132704.0,0.0,42137029.0,0.0,16054160.0,0.0,301.31893473622824,0.03379505672787419,0.2950536899155983,0.051815856677454454,0.0,0.020459945899178433,0.0,0.0,0.0,0.0,0.0,,0.010025611939449086,12.352270994309826,0.0023434549573325574,0.0,1.0,0.0,0.0,0.0,0.0,0.049962025077696946,-0.03141395837546978,0.033070633087902514,0.0,0.0,0.0,Banks—Regional,Financial Services,PNFPP
2007Q1,2007,Q1,2007-05-03,2007-03-31,5601841.0,22108011.0,24853168.0,0.0001,22108011.0,1.0,2193132422.0,262916521.0,62813855.0,4484595.0,1930215901.0,0.0,36711165.0,0.0,26232027.0,0.0,14.006583649136656,0.035684221898754094,0.29766187268239414,0.04978659265510357,0.0,0.021306538587584613,0.0,0.0,0.0,0.0,0.0,,0.010080563662379709,14.006583649136656,0.00255426482405083,0.0,1.0,0.0,0.0,0.0,0.0,-0.009753573079930468,-0.007802485806939664,0.03605754359682998,0.0,0.0,0.0,Banks—Regional,Financial Services,PNFPP
