Year,Date,FillingDate,NetIncome,Revenue,OperatingIncome,EPSDiluted,GrossProfit,GrossProfitRatio,TotalAssets,CommonStockEquity,CurrentAssets,CurrentLiability,TotalLiability,Inventory,RetainedEarnings,EnterpriseValue,bookValuePerShare,currentRatio,debtToAssets,debtToEquity,roic,shareholdersEquityPerShare,roe,priceToSalesRatio,peRatio,pbRatio,payoutRatio,inventoryTurnover,dividendYield,assetTurnover,quickRatio,returnOnAssets,priceToFreeCashFlowsRatio,grossProfitMargin,epsdilutedGrowth,fiveYNetIncomeGrowthPerShare,fiveYRevenueGrowthPerShare,fiveYShareholdersEquityGrowthPerShare,grossProfitGrowth,netIncomeGrowth,operatingIncomeGrowth,threeYNetIncomeGrowthPerShare,threeYRevenueGrowthPerShare,threeYShareholdersEquityGrowthPerShare,Industry,Sector,Price,MarketCap,AvgVolume,Symbol
2022,2022-12-31,2023-03-16,219721000.0,439784000.0,450939000.0,5.07,439784000.0,1.0,12615227000.0,1459739000.0,7828627000.0,30000000.0,11155488000.0,0.0,832871000.0,1929452368.13,33.818062940968794,260.9542333333333,0.07612958530195295,0.65792035425511,0.14061952564889427,33.818062940968794,0.15052074377679844,2.7177531882242194,5.439736612021609,0.8187932007913745,0.17325153262546594,0.0,0.03184925024542304,0.034861362383728806,20.1921,0.01741712614446018,1.236069033265216,1.0,0.0,3.0180125813766363,2.9915048103104014,2.972359949275323,0.028325578132672388,-0.032509334930252216,0.3309023617120494,0.0,0.0,0.0,Banks—Regional,Financial Services,24.4499,1056176829,11186,MBINM
2021,2021-12-31,2021-12-31,227104000.0,427670000.0,338822000.0,0.0,427670000.0,1.0,11278638000.0,1155409000.0,1367346000.0,300000000.0,10123229000.0,0.0,657149000.0,1340000.0,0.0,4.55782,0.11827261412237897,1.1545296946795465,0.1013696626572352,0.0,0.1965572364418141,0.0,0.0,0.0,0.13753610680569256,0.0,,0.03791858555971031,4.55782,0.020135764619806044,0.0,1.0,0.0,-1.0,-1.0,-1.0,0.24854758943637711,0.25796391795405826,0.12192343733961146,-1.0,-1.0,-1.0,Banks—Regional,Financial Services,24.4499,1056176829,11186,MBINM
2020,2020-12-31,2020-12-31,180533000.0,342534000.0,302001000.0,0.0,342534000.0,1.0,9645375000.0,810621000.0,471300000.0,0.0,1368661000.0,0.0,461744000.0,1168528000.0,0.0,0.0,0.1397826419397898,1.663238430783313,0.10377511842051655,0.0,0.2227095029613099,0.0,0.0,0.0,0.13111730265380844,0.0,,0.035512771665176315,0.0,0.018717053510101993,0.0,1.0,0.0,-1.0,-1.0,-1.0,1.0778147804407563,1.3346092668985763,0.5743075936631723,-1.0,-1.0,-1.0,Banks—Regional,Financial Services,24.4499,1056176829,11186,MBINM
2019,2019-12-31,2019-12-31,77329000.0,164853000.0,191831000.0,0.0,164853000.0,1.0,6371928000.0,653728000.0,815311000.0,6540000.0,5718200000.0,0.0,304984000.0,-325270000.0,0.0,124.66529051987767,0.029501118028954502,0.2875492559596652,0.17255593637250902,0.0,0.11828925791766606,0.0,0.0,0.0,0.22312457163547958,0.0,,0.02587176126283913,124.66529051987767,0.012135887285606491,0.0,1.0,-1.0,-1.0,-1.0,-1.0,0.2217215696446437,0.22990425295034514,0.424992014500182,-1.0,-1.0,-1.0,Banks—Regional,Financial Services,24.4499,1056176829,11186,MBINM
2018,2018-12-31,2018-12-31,62874000.0,134935000.0,134619000.0,1.45,134935000.0,1.0,3884163000.0,421237000.0,681422000.0,33150000.0,3462926000.0,0.0,244909000.0,908811964.8773574,9.758881128109117,20.555716440422323,0.05032049375888705,0.463997702006234,0.16333967474418948,9.758881128109117,0.14926039260558782,7.7806570932475445,16.69820537706138,2.4923806903889196,0.16248369755383785,0.0,0.009730608402807438,0.034739788211771754,20.555716440422323,0.016187271234497626,5.582049132172974,1.0,0.15079365079365076,1.2151992389810802,1.0343595464962008,1.8423549257759786,0.22467779996369577,0.1497695852534562,0.28268430029251745,1.2151992389810802,1.0343595464962008,1.8423549257759786,Banks—Regional,Financial Services,24.4499,1056176829,11186,MBINM
2017,2017-12-31,2017-12-31,54684000.0,110180000.0,104951000.0,1.26,110180000.0,1.0,3393133000.0,367474000.0,776216000.0,27153000.0,3025659000.0,0.0,192008000.0,746975964.8773574,8.513343043632846,28.586749162155193,0.016684285585033064,0.1540571577853127,0.1753860602516725,8.513343043632846,0.14881052809178336,9.528798011230327,19.199088670860895,2.857026523991786,0.14538073293833662,0.0,0.007572272592239539,0.032471465162137766,28.586749162155193,0.016116079151627712,-5.902098372960639,1.0,0.6578947368421053,0.9266462318993764,0.6611385840067543,1.4795816464237515,0.4085191245653508,0.650738068644912,0.42281360573729376,0.9266462318993764,0.6611385840067543,1.4795816464237515,Banks—Regional,Financial Services,24.4499,1056176829,11186,MBINM
2016,2016-12-31,2016-12-31,33127000.0,78224000.0,73763000.0,0.76,78224000.0,1.0,2718512000.0,206288000.0,776943000.0,26791000.0,2512224000.0,0.0,145274000.0,661187964.8773574,4.7791150116332926,29.000149303870703,0.020969559818018093,0.2763418133871093,0.16937089619500822,4.7791150116332926,0.16058617079035134,13.421494232938194,31.69266655227933,5.089403963765984,0.18788299574365322,0.0,0.005928279825672816,0.028774564909038475,29.000149303870703,0.012185710418052229,-6.892071034827596,1.0,0.15151515151515146,0.16714230349152662,0.17935110360632012,0.3919568151147098,0.17935110360632012,0.16714230349152662,0.19996421076605228,0.16714230349152662,0.17935110360632012,0.3919568151147098,Banks—Regional,Financial Services,24.4499,1056176829,11186,MBINM
2015,2015-12-31,2015-12-31,28383000.0,66328000.0,61471000.0,0.66,66328000.0,1.0,2269442000.0,148200000.0,705857000.0,26843000.0,2121242000.0,0.0,118371000.0,660571964.8773574,3.4333787943266403,26.295756808106397,0.025332218228093072,0.3879217273954116,0.1797828479077179,3.4333787943266403,0.19151821862348178,15.82865403566152,36.98985184361616,7.08423053223588,0.14875101293027518,0.0,0.004021400614394381,0.029226567587979778,26.295756808106397,0.01250659853831911,8.983263297801486,1.0,0.0,0.0,0.0,0.0,0.0,0.0,0.0,0.0,0.0,0.0,Banks—Regional,Financial Services,24.4499,1056176829,11186,MBINM
TTM,,,,,,,,,,,,,,,,1920352829.0,34.870259579036436,0.0,0.08663471284181143,0.819403008865074,0.15373892787523066,34.870259579036436,0.16019400158956879,2.322155789246877,4.701902606463164,0.7011677083900739,0.18454220741624877,0.0,0.06425384152900422,0.03193786151866383,0.0,0.015766767507204217,-1.689201840218024,1.0,,,,,,,,,,,Banks—Regional,Financial Services,24.4499,1056176829,11186,MBINM
