Quarters,Year,Quarter,FillingDate,Date,NetIncome,Revenue,OperatingIncome,EPSDiluted,GrossProfit,GrossProfitRatio,TotalAssets,CommonStockEquity,CurrentAssets,CurrentLiability,TotalLiability,Inventory,RetainedEarnings,MarketCap,EnterpriseValue,bookValuePerShare,currentRatio,debtToAssets,debtToEquity,roic,shareholdersEquityPerShare,roe,priceToSalesRatio,peRatio,pbRatio,payoutRatio,inventoryTurnover,dividendYield,assetTurnover,quickRatio,returnOnAssets,priceToFreeCashFlowsRatio,grossProfitMargin,epsdilutedGrowth,fiveYNetIncomeGrowthPerShare,fiveYRevenueGrowthPerShare,fiveYShareholdersEquityGrowthPerShare,grossProfitGrowth,netIncomeGrowth,operatingIncomeGrowth,threeYNetIncomeGrowthPerShare,threeYRevenueGrowthPerShare,threeYShareholdersEquityGrowthPerShare,Industry,Sector,Symbol
2023Q1,2023,Q1,2023-05-03,2023-03-31,7626000.0,20944000.0,10963000.0,1.28,20944000.0,1.0,1578482000.0,128823000.0,632348000.0,32914000.0,1449659000.0,0.0,133997000.0,199421300.0,103745300.0,22.002220324508965,19.212128577505013,0.006335200528102316,0.07762588978676169,0.05832768359256363,22.002220324508965,0.05919750355138446,9.521643430099312,6.537545895620247,1.5480255854932738,0.19184369263047468,0.0,0.007336227373906398,0.01326844398605749,19.212128577505013,0.004831223922730827,14.36545886759833,1.0,-0.030303030303030328,1.0136763450042698,0.8087090392600996,0.947483186985477,0.07642493704065374,-0.024558710667689946,-0.03290402258292167,1.031093505185118,0.6160452832914006,0.26096934729111976,Banks—Regional,Financial Services,PLBC
2022Q4,2022,Q4,2023-03-16,2022-12-31,7818000.0,19457000.0,11336000.0,1.32,19457000.0,1.0,1621044000.0,119004000.0,675153000.0,15297000.0,1502040000.0,0.0,128388000.0,216705449.99999997,43589449.99999997,20.346042058471532,44.13630123553638,0.006360098800526081,0.08663574333635844,0.06498635679401764,20.346042058471532,0.06569527074720177,11.13765996813486,6.9296958940905595,1.8209929918322072,0.11959580455359427,0.0,0.004314612299782954,0.012002758715987969,44.13630123553638,0.00482281788773161,35.16803797468354,1.0,0.07317073170731714,4.8889761461571615,0.8190091220475862,0.8282215530098747,0.06824420775227846,0.08162700608743774,0.12672696551038665,0.7777088673924895,0.4720995661755976,0.24308165372331256,Banks—Regional,Financial Services,PLBC
2022Q3,2022,Q3,2022-11-09,2022-09-30,7228000.0,18214000.0,10061000.0,1.23,18214000.0,1.0,1653071000.0,106450000.0,763020000.0,25115000.0,1546621000.0,0.0,121505000.0,165822650.0,-157991350.0,18.21214713430282,30.38104718295839,0.00623687669797607,0.0968529826209488,0.06373555152720115,18.21214713430282,0.06790042273367779,9.10413143735588,5.735426466519093,1.557751526538281,0.12949640287769784,0.0,0.005644584741589885,0.011018280521526298,30.38104718295839,0.0043724679702202745,13.598708381171068,1.0,0.28125000000000006,1.5500081070352292,0.6947225136024011,0.6548152986889021,0.13716676031716302,0.27253521126760566,0.20794813302917517,0.5944328947587797,0.3789061958408883,0.14912971805723424,Banks—Regional,Financial Services,PLBC
2022Q2,2022,Q2,2022-08-04,2022-06-30,5680000.0,16017000.0,8329000.0,0.96,16017000.0,1.0,1620626000.0,116158000.0,722439000.0,11138000.0,1504468000.0,0.0,115212000.0,166759220.0,-140587780.0,19.879856238233785,64.86254264679475,0.006361739229162064,0.08875841526197076,0.048841442010499385,19.879856238233785,0.048898913548787,10.411389149029157,7.339754401408451,1.4356240637752027,0.16443661971830986,0.0,0.005600889713924064,0.009883217966390766,64.86254264679475,0.003504818508403543,11.281235286158841,1.0,-0.010309278350515474,0.9132187962023198,0.487993632136866,0.878384995605486,0.026928255433737256,-0.00664568030779993,-0.00584865122941036,0.315273721881804,0.2650881442508394,0.3302611556387129,Banks—Regional,Financial Services,PLBC
2022Q1,2022,Q1,2022-05-05,2022-03-31,5718000.0,15597000.0,8378000.0,0.97,15597000.0,1.0,1622232000.0,123073000.0,737956000.0,11333000.0,1499159000.0,0.0,110467000.0,221894400.0,-156818600.0,21.132039835164836,65.11567987293743,0.006355441145286247,0.08377142021401932,0.04669224442444331,21.132039835164836,0.04646023091986057,14.226735910752067,9.701573976915006,1.8029494690143248,0.16299405386498775,0.0,0.0042001961293299875,0.009614531090497537,65.11567987293743,0.003524773275339162,10.707122177185871,1.0,0.043010752688171956,1.336054797310248,0.5465586290032874,1.0535746325489654,0.00892683873471764,0.03925845147219193,0.0872047754996107,0.32278061121696533,0.21835338315173827,0.49508593274496154,Banks—Regional,Financial Services,PLBC
2021Q4,2021,Q4,2022-03-17,2021-12-31,5502000.0,15459000.0,7706000.0,0.93,15459000.0,1.0,1614074000.0,134082000.0,715155000.0,30683000.0,1479992000.0,0.0,105681000.0,196455060.0,-173818940.0,23.061919504643964,23.30785777140436,0.006387563395482487,0.07689324443251144,0.039701741407569636,23.061919504643964,0.041034590772810665,12.708135066951291,8.926529443838604,1.4651859309974493,559.5661577608142,0.0,15.671436510721586,0.009577627791538678,23.30785777140436,0.003408765645193467,0.0,1.0,-0.16964285714285718,1.1949435833084765,0.5539553841904592,1.3482852152184661,0.0013602798289933929,-0.16357555487990272,0.0,0.3595965114632025,0.26532150593045767,0.7672351810691281,Banks—Regional,Financial Services,PLBC
2021Q3,2021,Q3,2021-11-10,2021-09-30,6578000.0,15438000.0,0.0,1.12,15438000.0,1.0,1571480000.0,129533000.0,1274912000.0,0.0,1441947000.0,0.0,100992000.0,183164000.0,-179519000.0,22.333275862068966,0.0,0.0065606943772749254,0.07959361707055344,0.0,22.333275862068966,0.050782426099912764,11.864490218940277,6.961234417756156,1.4140334895354851,0.12374581939799331,0.0,0.0044441047367386605,0.009823860310026217,0.0,0.004185863008119735,-14.429179139751064,1.0,0.31764705882352956,1.8211463711169453,0.6072033122610118,1.2506186994690458,0.3120856705762366,0.46601292623133495,0.0,0.5717138752052546,0.26598115279810197,0.8341891249321304,Banks—Regional,Financial Services,PLBC
2021Q2,2021,Q2,2021-08-04,2021-06-30,4487000.0,11766000.0,0.0,0.85,11766000.0,1.0,1267935000.0,106790000.0,0.0,0.0,1161145000.0,0.0,95228000.0,166459910.0,-67686090.0,20.548393303829133,0.0,0.008131331653436493,0.09654462028279802,0.0,20.548393303829133,0.04201704279426913,14.147536121026688,9.27456596835302,1.5587593407622435,0.16202362380209495,0.0,0.004367417956671969,0.009279655502845178,0.0,0.0035388249397642624,-30.079492229851827,1.0,0.0,1.2827707539073723,0.4049112716722718,1.1503823639726387,-0.08285914724452413,0.01035802747129025,0.0,0.2799116270327892,0.13122396424434657,0.7637972436031293,Banks—Regional,Financial Services,PLBC
2021Q1,2021,Q1,2021-05-05,2021-03-31,4441000.0,12829000.0,0.0,0.85,12829000.0,1.0,1207481000.0,102016000.0,0.0,0.0,1105465000.0,0.0,91468000.0,151719750.0,-66593250.0,19.667630614999037,0.0,0.012679288535388963,0.1500744981179423,0.0,19.667630614999037,0.04353238707653701,11.82631148179905,8.540855100202657,1.4872152407465495,0.1634766944381896,0.0,0.004785138388377254,0.010624597819758655,0.0,0.003677904662682063,17.77202178751318,1.0,0.03658536585365857,1.6354852361477314,0.6244861600974347,1.1171309539099916,0.03251509054325956,0.03713218122372723,0.0,0.3236839166396291,0.25058304504751916,0.7408415780604304,Banks—Regional,Financial Services,PLBC
2020Q4,2020,Q4,2021-03-03,2020-12-31,4282000.0,12425000.0,0.0,0.82,12425000.0,1.0,1111576000.0,100154000.0,0.0,0.0,1011422000.0,0.0,87753000.0,121777000.0,-47822000.0,19.327286761868006,0.0,0.013773237277523085,0.15286458853365817,0.0,19.327286761868006,0.04275415859576252,9.800965794768612,7.109820177487156,1.2158975178225533,0.14549276039234002,0.0,0.005115908587007399,0.011177823198773633,0.0,0.003852188244438527,16.478619756427605,1.0,0.15492957746478872,1.4223064435143307,0.5498259655729725,1.1971508458815967,0.06232900136798906,0.1598049837486457,0.0,2.640617100907257,0.31111144422766557,0.7366798966454106,Banks—Regional,Financial Services,PLBC
2020Q3,2020,Q3,2020-11-04,2020-09-30,3692000.0,11696000.0,0.0,0.71,11696000.0,1.0,1115949000.0,95983000.0,0.0,0.0,1019966000.0,0.0,84094000.0,101922720.0,-53298280.0,18.533114500868894,0.0,0.018199756440482495,0.21159997082816748,0.0,18.533114500868894,0.03846514486940396,8.714322845417236,6.901592632719393,1.06188304178865,0.16820151679306608,0.0,0.00609285152515553,0.010480765698074017,0.0,0.0033083949176888907,-402.8566007905138,1.0,0.16393442622950816,1.1493299864838773,0.432139527182677,1.1695725187388744,0.05654923215898826,0.15918367346938775,0.0,0.47002159298423624,0.22820038942842572,0.6839794441713979,Banks—Regional,Financial Services,PLBC
2020Q2,2020,Q2,2020-08-05,2020-06-30,3185000.0,11070000.0,0.0,0.61,11070000.0,1.0,1036864000.0,92920000.0,0.0,0.0,943944000.0,0.0,81023000.0,114537360.0,27601360.0,17.94515256855929,0.0,0.01958791124004691,0.21857511838140337,0.0,17.94515256855929,0.034276797244941884,10.346644986449865,8.990373626373627,1.2326448557899268,0.0,0.0,0.0,0.010676424294796618,0.0,0.003071762545521881,12.51227441555604,1.0,-0.03174603174603177,1.1848617269486716,0.4453813396070801,1.2134240360953301,-0.03284990389655775,-0.03950542822677925,0.0,0.21059696299346584,0.1604898816084229,0.6955809400575312,Banks—Regional,Financial Services,PLBC
2020Q1,2020,Q1,2020-05-06,2020-03-31,3316000.0,11446000.0,0.0,0.63,11446000.0,1.0,879571000.0,90227000.0,0.0,0.0,789344000.0,0.0,78460000.0,95663500.0,47915500.0,17.44865596596403,0.0,0.011721623382307965,0.11426734791137907,0.0,17.44865596596403,0.03675174836800514,8.357810588852,7.212266284680338,1.0602535826304764,0.0,0.0,0.0,0.013013162098341123,0.0,0.0037700197027869266,14.208153869003416,1.0,-0.14864864864864863,1.5328790747385903,0.5343895148760855,1.1971635480743454,-0.018942315933830462,-0.145801133436373,0.0,0.5258091862938661,0.27827968337058856,0.6956298371230282,Banks—Regional,Financial Services,PLBC
2019Q4,2019,Q4,2020-03-05,2019-12-31,3882000.0,11667000.0,0.0,0.74,11667000.0,1.0,865191000.0,84505000.0,0.0,0.0,780686000.0,0.0,75144000.0,136199940.0,99567940.0,16.36742204144877,0.0,0.01191644388348931,0.12200461511153186,0.0,16.36742204144877,0.0459381101709958,11.673947030084856,8.771248068006182,1.6117382403408083,0.3057702215352911,0.0,0.008715128655710128,0.013484883684643045,0.0,0.004486870529166393,61.07620627802691,1.0,-0.038961038961038995,1.6830780830635568,0.5339954839534776,1.150811192996364,0.0005145356315924878,-0.029985007496251874,0.0,0.7439386765070473,0.3206546007011881,0.6666164836554599,Banks—Regional,Financial Services,PLBC
2019Q3,2019,Q3,2019-10-30,2019-09-30,4002000.0,11661000.0,0.0,0.77,11661000.0,1.0,888551000.0,81779000.0,0.0,0.0,806772000.0,0.0,72449000.0,104180400.0,36610400.0,15.848643410852713,0.0,0.01160316065144263,0.12607148534464838,0.0,15.848643410852713,0.04893676860807787,8.934087985593003,6.508020989505248,1.2739260690397292,0.0,0.0,0.0,0.01312361361362488,0.0,0.00450396206858132,24.18300835654596,1.0,0.05479452054794526,1.8024964511662958,0.6106038112158837,1.190793506545167,0.04395702775290958,0.050393700787401574,0.0,0.9292438592530095,0.36456387416129654,0.5971348512406535,Banks—Regional,Financial Services,PLBC
2019Q2,2019,Q2,2019-08-07,2019-06-30,3810000.0,11170000.0,0.0,0.73,11170000.0,1.0,839258000.0,77038000.0,0.0,0.0,762220000.0,0.0,68447000.0,125266500.0,101829500.0,14.944325897187197,0.0,0.012284660974336855,0.1338300578935071,0.0,14.944325897187197,0.049456112567823673,11.214547896150403,8.21958661417323,1.6260352034061114,0.0,0.0,0.0,0.013309375662787844,0.0,0.004539724375579381,149.4826968973747,1.0,0.0,2.1481875202069185,0.5722957781810512,1.1307747835199218,-0.012116388078181658,-0.0020953378732320588,0.0,0.9541381041813735,0.3446128989445249,0.5639186176557403,Banks—Regional,Financial Services,PLBC
2019Q1,2019,Q1,2019-05-02,2019-03-31,3818000.0,11307000.0,0.0,0.73,11307000.0,1.0,831377000.0,72707000.0,0.0,0.0,758670000.0,0.0,65823000.0,119237920.0,84794920.0,14.134331259720062,0.0,0.012401112852532606,0.1418020273151141,0.0,14.134331259720062,0.052512137758400156,10.545495710621738,7.807616553169199,1.6399785440191454,0.0,0.0,0.0,0.013600328130318737,0.0,0.0045923810738088735,17.786085918854415,1.0,0.07352941176470577,2.772577785262157,0.6729420167001516,1.1237424863974033,0.049081462237892004,0.06946778711484594,0.0,1.2847097056767633,0.44372970020648944,0.5214964531594347,Banks—Regional,Financial Services,PLBC
2018Q4,2018,Q4,2019-03-07,2018-12-31,3570000.0,10778000.0,0.0,0.68,10778000.0,1.0,824398000.0,66932000.0,0.0,0.0,757466000.0,0.0,62005000.0,116479590.0,80103590.0,13.049717293819459,0.0,0.012506095356854334,0.1540369330066336,0.0,13.049717293819459,0.0533377158907548,10.807161811096679,8.156834033613446,1.7402675850116536,0.2582633053221289,0.0,0.007915549840105035,0.013073782323586422,0.0,0.0043304326308409285,48.51294877134527,1.0,-0.042253521126760445,2.6382637983688944,0.6230727470021629,1.04236414875323,0.0008357321942613056,-0.03409090909090909,0.0,1.0404001518114205,0.35828036967355437,0.4835086654377307,Banks—Regional,Financial Services,PLBC
2018Q3,2018,Q3,2018-11-07,2018-09-30,3696000.0,10769000.0,0.0,0.71,10769000.0,1.0,770748000.0,62366000.0,0.0,0.0,708382000.0,0.0,59357000.0,127640240.00000001,102694240.00000001,12.176103084732526,0.0,0.013376615962675219,0.16531443414681077,0.0,12.176103084732526,0.059263060000641375,11.852561983471075,8.633674242424243,2.0466318186191197,0.0,0.0,0.0,0.013972141348404406,0.0,0.004795341668093852,18.32594974874372,1.0,0.07575757575757565,2.426671635141281,0.6356190551328453,0.7561793078326328,0.05361510615399667,0.07285921625544267,0.0,1.1756032799687623,0.33330554632601417,0.4253912172575641,Banks—Regional,Financial Services,PLBC
2018Q2,2018,Q2,2018-08-02,2018-06-30,3445000.0,10221000.0,0.0,0.66,10221000.0,1.0,764718000.0,59497000.0,0.0,0.0,705221000.0,0.0,55660000.0,144017400.0,101654400.0,11.65008811435285,0.0,0.01348209405297116,0.17328604803603542,0.0,11.65008811435285,0.05790207909642503,14.090343410625183,10.451190130624093,2.4205825503806913,0.0,0.0,0.0,0.013365711281805841,0.0,0.004504928614208113,-331.0744827586207,1.0,0.04761904761904766,2.6181177350161096,0.564112906130956,0.7206716042430469,0.019144481005085253,0.05030487804878049,0.0,1.3960723903303256,0.3530828801366722,0.43696661014275057,Banks—Regional,Financial Services,PLBC
2018Q1,2018,Q1,2018-05-02,2018-03-31,3280000.0,10029000.0,0.0,0.63,10029000.0,1.0,736776000.0,57291000.0,0.0,0.0,679485000.0,0.0,53135000.0,126267900.0,71887900.0,11.297771642674029,0.0,0.013993398264872906,0.17995845769841684,0.0,11.297771642674029,0.057251575291057934,12.590278193239605,9.624077743902438,2.2039744462481017,0.0,0.0,0.0,0.013612006905762402,0.0,0.004451827963994484,44.42923997185081,1.0,1.8636363636363638,4.014918034046412,0.580055813668721,0.2753954987451525,0.09570632579482137,1.8873239436619718,0.0,1.5547870445436123,0.3709462851259051,0.422634045634926,Banks—Regional,Financial Services,PLBC
2017Q4,2017,Q4,2018-03-12,2017-12-31,1136000.0,9153000.0,0.0,0.22,9153000.0,1.0,745427000.0,55700000.0,0.0,0.0,689727000.0,0.0,49855000.0,116116000.0,38889000.0,11.128871128871129,0.0,0.013830998877153632,0.1850987432675045,0.0,11.128871128871129,0.020394973070017954,12.686113842456026,25.55369718309859,2.0846678635547575,0.6223591549295775,0.0,0.006088738847359537,0.012278868353306226,0.0,0.0015239587511587317,46.67041800643087,1.0,-0.5319148936170213,0.9817608351429193,0.5417848876630872,0.2700475152088056,-0.013897866839043309,-0.5359477124183006,0.0,-0.1900575614861328,0.2414418702316792,0.46242337545732354,Banks—Regional,Financial Services,PLBC
2017Q3,2017,Q3,2017-11-08,2017-09-30,2448000.0,9282000.0,0.0,0.47,9282000.0,1.0,731048000.0,55556000.0,0.0,0.0,675492000.0,0.0,49332000.0,105503200.0,14282200.0,11.00554675118859,0.0,0.01410304111357941,0.18557851537187703,0.0,11.00554675118859,0.044063647490820076,11.36642964878259,10.774428104575163,1.8990424076607386,0.0,0.0,0.0,0.01269684069992668,0.0,0.0033486173274531903,30.939354838709676,1.0,-0.04081632653061228,3.2419323940718554,0.3634312278881009,0.26965606134632975,0.007489417127971344,-0.03659976387249114,0.0,0.7523052247780763,0.31046325077119336,0.5213213985225232,Banks—Regional,Financial Services,PLBC
2017Q2,2017,Q2,2017-08-02,2017-06-30,2541000.0,9213000.0,0.0,0.49,9213000.0,1.0,689888000.0,52928000.0,0.0,0.0,636960000.0,0.0,46884000.0,106521300.0,47980300.0,10.583483303339332,0.0,0.0149444547520757,0.1947929262394196,0.0,10.583483303339332,0.04800861547762999,11.562064474112667,10.48025383707202,2.0125699062877875,0.0,0.0,0.0,0.013354341574284521,0.0,0.0036832065494688993,20.516429121725732,1.0,0.22499999999999992,2.8336143197900703,0.49838179503063956,0.24526905611462263,0.0833725305738476,0.2311046511627907,0.0,1.1642732786775976,0.3367615998302459,0.5090021122200029,Banks—Regional,Financial Services,PLBC
2017Q1,2017,Q1,2017-05-03,2017-03-31,2064000.0,8504000.0,0.0,0.4,8504000.0,1.0,663610000.0,50536000.0,0.0,0.0,613074000.0,0.0,45034000.0,89380200.0,49986200.0,10.290368560374668,0.0,0.018926779283012615,0.24853569732467945,0.0,10.290368560374668,0.04084217191704923,10.510371589840075,10.82609011627907,1.768644134874149,0.0,0.0,0.0,0.012814755654676692,0.0,0.003110260544596977,-625.0363636363636,1.0,-0.02439024390243891,7.960991360502661,0.4941699928096817,0.22974603388838769,0.01698158335326477,-0.02040816326530612,0.0,1.1362053468944668,0.31791613175176237,0.5461709868535088,Banks—Regional,Financial Services,PLBC
2016Q4,2016,Q4,2017-03-17,2016-12-31,2107000.0,8362000.0,0.0,0.41,8362000.0,1.0,657975000.0,47994000.0,0.0,0.0,609981000.0,0.0,43048000.0,92853000.0,42892000.0,9.8207489257213,0.0,0.019278847980546375,0.264303871317248,0.0,9.8207489257213,0.04390132099845814,11.104161683807702,11.0172045562411,1.9346793349168647,0.0,0.0,0.0,0.012708689539876136,0.0,0.003202249325582279,71.37048424289009,1.0,0.05128205128205118,7.404665438919582,0.4937070388102501,0.18342576750378295,0.037211610022326966,0.07664793050587634,0.0,1.2536209156634257,0.3216009116898496,0.5370099649054877,Banks—Regional,Financial Services,PLBC
2016Q3,2016,Q3,2016-11-02,2016-09-30,1957000.0,8062000.0,0.0,0.39,8062000.0,1.0,657119000.0,48306000.0,0.0,0.0,608813000.0,0.0,41429000.0,49839557.6,-14398442.399999999,9.92317173377157,0.0,0.019494185984578135,0.2651844491367532,0.0,9.92317173377157,0.04051256572682482,6.182033936988341,6.366831578947369,1.0317467312549167,0.0,0.0,0.0,0.012268706276945271,0.0,0.002978151598112366,17.761781040627227,1.0,0.08333333333333341,4.175242022825781,0.30114111068142374,0.1994904760824331,0.030024274945700778,0.065323897659227,0.0,0.9090634253732499,0.2883640054490777,0.43123532592054425,Banks—Regional,Financial Services,PLBC
2016Q2,2016,Q2,2016-08-03,2016-06-30,1837000.0,7827000.0,0.0,0.36,7827000.0,1.0,604042000.0,46412000.0,0.0,0.0,557630000.0,0.0,39473000.0,43761570.0,15731570.0,9.555692814494543,0.0,0.021414073855791485,0.2786994742738947,0.0,9.555692814494543,0.039580280961820216,5.591103871215025,5.955575666848121,0.9428934327329139,0.0,0.0,0.0,0.012957708238831075,0.0,0.003041179255747117,11.885271591526344,1.0,0.16129032258064513,16.884796262208063,0.23657927788742616,0.16873643069031066,0.061720021703743896,0.16783216783216784,0.0,1.028618488779082,0.2594119200802813,0.4113377618589308,Banks—Regional,Financial Services,PLBC
2016Q1,2016,Q1,2016-05-04,2016-03-31,1573000.0,7372000.0,0.0,0.31,7372000.0,1.0,595322000.0,44981000.0,0.0,0.0,550341000.0,0.0,37636000.0,42658020.0,1923020.0,9.28975629904998,0.0,0.025297234101881,0.3348080300571352,0.0,9.28975629904998,0.03497032080211645,5.786492132392838,6.779723458359822,0.9483564171539094,0.0,0.0,0.0,0.012383214462089424,0.0,0.0026422675459667204,83.64317647058823,1.0,-0.060606060606060656,5.95766304921622,0.17150221529076667,0.15029104986292044,-0.013647310677013648,-0.04550970873786408,0.0,1.518764383076651,0.21637909841247718,0.04871241364934193,Banks—Regional,Financial Services,PLBC
2015Q4,2015,Q4,2016-03-17,2015-12-31,1648000.0,7474000.0,0.0,0.33,7474000.0,1.0,599286000.0,42496000.0,0.0,0.0,556790000.0,0.0,36063000.0,41933080.0,-11076920.0,8.796522459118195,0.0,0.02533848613183021,0.3573277484939759,0.0,8.796522459118195,0.038780120481927714,5.610527160824191,6.361207524271845,0.9867535768072289,0.0,0.0,0.0,0.01247150776090214,0.0,0.0027499390941887513,-122.25387755102041,1.0,0.03125000000000003,24.06519752241135,0.17172691984312374,0.10593322272160946,-0.01748389641120021,0.03,0.0,1.9784969633578386,0.3043089067132814,0.00387553798682204,Banks—Regional,Financial Services,PLBC
2015Q3,2015,Q3,2015-11-04,2015-09-30,1600000.0,7607000.0,0.0,0.32,7607000.0,1.0,606856000.0,41208000.0,0.0,0.0,565648000.0,0.0,34415000.0,42885360.0,-35768640.0,8.542288557213931,0.0,0.02522839026062196,0.3715298000388274,0.0,8.542288557213931,0.03882741215298,5.637617983436309,6.7008375000000004,1.0407047175305766,0.0,0.0,0.0,0.012535098936156189,0.0,0.0026365398051597082,6.636545961002786,1.0,0.18518518518518512,7.082038785663518,0.2046238735942807,0.05451084673301814,0.06854895350470572,0.18081180811808117,0.0,1.9012446922894684,0.1692762704100983,-0.014517979920922313,Banks—Regional,Financial Services,PLBC
2015Q2,2015,Q2,2015-08-05,2015-06-30,1355000.0,7119000.0,0.0,0.27,7119000.0,1.0,557587000.0,39021000.0,0.0,0.0,518566000.0,0.0,32815000.0,44857160.0,18834160.0,8.107417411178059,0.0,0.027457598545159768,0.3923528356525973,0.0,8.107417411178059,0.03472489172496861,6.301047899985953,8.276228782287822,1.149564593424054,0.0,0.0,0.0,0.01276751430718435,0.0,0.0024301140449831146,-14.493428109854603,1.0,0.1250000000000001,1.3343462151118501,-0.0313625949465159,-0.0004639883376852558,0.028311425682507583,0.11522633744855967,0.0,1.1241444232297402,0.20304369806795963,-0.04606869612016439,Banks—Regional,Financial Services,PLBC
2015Q1,2015,Q1,2015-05-06,2015-03-31,1215000.0,6923000.0,0.0,0.24,6923000.0,1.0,553850000.0,38111000.0,0.0,0.0,515739000.0,0.0,31460000.0,45302560.0,15472560.0,7.941446134611377,0.0,0.03394962534982396,0.49337461625252554,0.0,7.941446134611377,0.03188055941854058,6.54377581973133,9.32151440329218,1.1887003752197527,0.0,0.0,0.0,0.012499774307122867,0.0,0.0021937347657307936,29.077381258023106,1.0,-0.1111111111111112,5.990728789890929,-0.14502784481403083,-0.22581675981287627,-0.020099079971691438,-0.09598214285714286,0.0,4.3981112136457,0.24477332958368128,-0.050960922334444256,Banks—Regional,Financial Services,PLBC
2014Q4,2014,Q4,2015-03-19,2014-12-31,1344000.0,7065000.0,0.0,0.27,7065000.0,1.0,538862000.0,36497000.0,0.0,0.0,502365000.0,0.0,30245000.0,38296060.0,11486060.0,7.609883236030025,0.0,0.03482153130114946,0.5141244485848152,0.0,7.609883236030025,0.03682494451598761,5.4205322009908,7.123523065476191,1.049293366578075,0.0,0.0,0.0,0.01311096347487854,0.0,0.0024941450686817774,126.38963696369638,1.0,0.0,1.296331538547532,-0.16107748710093053,-0.2635147400457458,0.050089179548156955,0.01281085154483798,0.0,4.46283807935184,0.2859692831822778,-0.08298929365495787,Banks—Regional,Financial Services,PLBC
2014Q3,2014,Q3,2014-11-05,2014-09-30,1327000.0,6728000.0,0.0,0.27,6728000.0,1.0,543097000.0,34688000.0,0.0,0.0,508409000.0,0.0,28901000.0,37017400.0,-6477600.0,7.234202294056309,0.0,0.034476345846137985,0.5397832103321033,0.0,7.234202294056309,0.03825530442804428,5.501991676575505,6.97388847023361,1.067152905904059,0.0,0.0,0.0,0.012388210577484318,0.0,0.002443394089821892,569.4984615384616,1.0,0.1739130434782609,2.1594226442017455,0.06862391374366911,-0.17089292195207986,0.01877649909145972,0.17955555555555555,0.0,2.5626463999730174,0.1023754833174122,-0.12554604650824003,Banks—Regional,Financial Services,PLBC
2014Q2,2014,Q2,2014-08-06,2014-06-30,1125000.0,6604000.0,0.0,0.23,6604000.0,1.0,521234000.0,33609000.0,0.0,0.0,487625000.0,0.0,27574000.0,32585600.0,13277600.0,7.013564273789649,0.0,0.0396827528518861,0.615430390669166,0.0,7.013564273789649,0.033473176827635454,4.934221683827983,7.241244444444444,0.969549822964087,0.0,0.0,0.0,0.012669933273731185,0.0,0.00215833963248752,29.59636693914623,1.0,0.21052631578947373,1.3470268460433128,0.06211875367557635,-0.21703559974710468,0.04975361627722143,0.1942675159235669,0.0,10.10142316401924,0.0575112333752484,-0.14218589537198478,Banks—Regional,Financial Services,PLBC
2014Q1,2014,Q1,2014-05-07,2014-03-31,942000.0,6291000.0,0.0,0.19,6291000.0,1.0,519685000.0,31866000.0,0.0,0.0,487819000.0,0.0,26449000.0,29781360.0,211360.0,6.655388471177945,0.0,0.03972406361545937,0.6478378208749137,0.0,6.655388471177945,0.029561287893052155,4.7339628040057224,7.903757961783439,0.9345810581811335,0.0,0.0,0.0,0.012105410007985607,0.0,0.0018126365009573106,8.157041906327034,1.0,-0.006855895196506484,1.7358176176541589,0.07692347395001999,-0.3114220497737129,0.014841103403774803,0.028384279475982533,0.0,3.213628241006102,0.010992924554014254,-0.17590585314495696,Banks—Regional,Financial Services,PLBC
2013Q4,2013,Q4,2014-03-20,2013-12-31,916000.0,6199000.0,0.0,0.19131161236424393,6199000.0,1.0,515725000.0,30593000.0,0.0,0.0,485132000.0,0.0,25507000.0,29781360.0,469360.0,6.389515455304929,0.0,0.03995346357070144,0.6735200862942503,0.0,6.389515455304929,0.029941489883306638,4.804220035489595,8.128100436681223,0.9734697479815644,0.012008733624454149,0.0,0.0003693585517921277,0.012019971884240633,0.0,0.0017761403848950506,397.0848,1.0,-0.04344193817878039,1.6728308252221127,0.08768050292838518,-0.1388569626510048,0.008459411094843014,-0.0903674280039722,0.0,13.056988625409677,-0.019431706446579582,-0.19668511596987626,Banks—Regional,Financial Services,PLBC
2013Q3,2013,Q3,2013-11-07,2013-09-30,1007000.0,6147000.0,0.0,0.2,6147000.0,1.0,525415000.0,33155000.0,0.0,0.0,492260000.0,0.0,24577000.0,29648400.0,-27966600.0,6.933291509828524,0.0,0.03343071667158341,0.5297843462524506,0.0,6.933291509828524,0.03037249283667622,4.8232308443143,7.3605759682224425,0.894236163474589,0.0407149950347567,0.0,0.0013828739493530848,0.011699323391985383,0.0,0.0019165802270586108,14.721151936444885,1.0,0.09135802469135816,1.5966299906701413,-0.07097880577865831,-0.1006824309975625,0.005233033524121014,0.13019079685746351,0.0,4.131308734284178,-0.018028258560773777,-0.14411330737571315,Banks—Regional,Financial Services,PLBC
2013Q2,2013,Q2,2013-08-08,2013-06-30,891000.0,6115000.0,0.0,0.1832579185520362,6115000.0,1.0,493106000.0,32357000.0,0.0,0.0,460749000.0,0.0,23614000.0,29629800.0,-4546200.0,6.7706633186859175,0.0,0.03554002587678917,0.5416138702599128,0.0,6.7706633186859175,0.027536545415211545,4.845429272281276,8.313636363636364,0.9157153011713076,0.0,0.0,0.0,0.012400984778120728,0.0,0.0018069137264604366,6.4750437062937065,1.0,1.0361990950226243,0.28983780366218426,-0.05280612144923504,-0.11255705448086399,0.022917363666778188,0.44642857142857145,0.0,0.54590395480226,-0.1620510995718705,-0.16526786932951432,Banks—Regional,Financial Services,PLBC
2013Q1,2013,Q1,2013-05-10,2013-03-31,616000.0,5978000.0,0.0,0.09,5978000.0,1.0,477981000.0,42307000.0,0.0,0.0,435674000.0,0.0,24167000.0,25265040.0,-12186960.0,8.85824958123953,0.0,0.02156989503766886,0.24369489682558443,0.0,8.85824958123953,0.01456023825844423,4.226336567413851,10.25366883116883,0.5971834448200062,0.0,0.0,0.0,0.012506773281783167,0.0,0.0012887541554999049,6.84689430894309,1.0,-0.2141864716636198,0.07481853713009491,-0.04845736442745878,0.1429077759844567,0.055251544571932924,0.12614259597806216,0.0,2.561339033475837,-0.2581775340475134,-0.13644086392511307,Banks—Regional,Financial Services,PLBC
2012Q4,2012,Q4,2013-03-22,2012-12-31,547000.0,5665000.0,0.0,0.11453098827470687,5665000.0,1.0,477802000.0,41850000.0,0.0,0.0,435952000.0,0.0,23573000.0,15569759.999999998,-18795240.0,8.762562814070352,0.0,0.021577975814249417,0.24635603345280765,0.0,8.762562814070352,0.013070489844683394,2.7484130626654895,7.115978062157221,0.37203727598566305,0.0,0.0,0.0,0.01185637565351338,0.0,0.0011448256809305946,94.36218181818181,1.0,0.4316373534338358,-0.36297943949178096,-0.16871552975858997,0.13251033973821824,-0.12047818661698494,0.0018315018315018315,0.0,1.1211102190958604,-0.32450139982143544,-0.15195829530851138,Banks—Regional,Financial Services,PLBC
2012Q3,2012,Q3,2012-11-08,2012-09-30,546000.0,6441000.0,0.0,0.08,6441000.0,1.0,470073000.0,41399000.0,0.0,0.0,428674000.0,0.0,23047000.0,16907040.0,-27730960.0,8.668132328308207,0.0,0.021932763634584417,0.2490398318799971,0.0,8.668132328308207,0.013188724365322833,2.624909175593852,7.741318681318682,0.4083924732481461,0.0,0.0,0.0,0.013702127116426597,0.0,0.0011615217210943832,5.866426092990978,1.0,-0.20000000000000004,-0.5603014731324856,-0.03592537339475153,0.13235728664472957,0.09690054495912806,-0.13744075829383887,0.0,1.4789473684210526,0.027108914048796128,-0.006551161451334366,Banks—Regional,Financial Services,PLBC
2012Q2,2012,Q2,2012-08-09,2012-06-30,633000.0,5872000.0,0.0,0.1,5872000.0,1.0,455814000.0,40591000.0,0.0,0.0,415223000.0,0.0,22523000.0,14901120.0,-9842880.0,8.49895309882747,0.0,0.022618875242971914,0.25399719149565175,0.0,8.49895309882747,0.015594589933729152,2.537656675749319,5.885118483412322,0.3671040378409007,0.0,0.0,0.0,0.01288244766505636,0.0,0.0013887243480893523,163.74857142857144,1.0,9.0,-0.4237491552781544,-0.09699465848034546,0.15230402369909032,0.06088527551942186,1.8258928571428572,0.0,1.1959145775301765,-0.0524447313216071,-0.051213127016034685,Banks—Regional,Financial Services,PLBC
2012Q1,2012,Q1,2012-05-07,2012-03-31,224000.0,5535000.0,0.0,0.01,5535000.0,1.0,460218000.0,39965000.0,0.0,0.0,420253000.0,0.0,21912000.0,15999600.0,-42351400.0,8.367881072026801,0.0,0.022402426676053522,0.25797572876266733,0.0,8.367881072026801,0.005604904291254848,2.890623306233062,17.85669642857143,0.4003402977605405,0.0,0.0,0.0,0.012026908986610694,0.0,0.00048672585600737043,9.132191780821918,1.0,-0.8050612244897959,-0.7531517079066218,-0.14436235539193454,0.1429638107796504,0.011698044233229756,-0.08571428571428572,0.0,1.1754111198120596,-0.0501115496825124,-0.13424461678436808,Banks—Regional,Financial Services,PLBC
2011Q4,2011,Q4,2012-03-23,2011-12-31,245000.0,5471000.0,0.0,0.05129815745393635,5471000.0,1.0,455349000.0,39634000.0,0.0,0.0,415715000.0,0.0,21709000.0,11366880.0,-41399120.0,8.29857621440536,0.0,0.022641973519212735,0.2601301912499369,0.0,8.29857621440536,0.006181561285764747,2.077660391153354,11.598857142857142,0.2867961850936065,0.0,0.0,0.0,0.012014959953793683,0.0,0.000538048837265482,13.125727482678984,1.0,0.28245393634840876,-0.806244645825646,-0.20429645285455544,0.1549015468814563,-0.10001645007402533,-0.33962264150943394,0.0,1.1804123711340206,-0.03764291996481972,0.11843553348195389,Banks—Regional,Financial Services,PLBC
2011Q3,2011,Q3,2011-11-10,2011-09-30,371000.0,6079000.0,0.0,0.04,6079000.0,1.0,472886000.0,39511000.0,0.0,0.0,433375000.0,0.0,21485000.0,11557920.0,-61965080.0,8.27282244556114,0.0,0.021802294844846328,0.26093999139480145,0.0,8.27282244556114,0.009389790185011768,1.9012863957887811,7.788355795148248,0.29252410721065014,0.0,0.0,0.0,0.012855106727625685,0.0,0.000784544266482831,1.4398804036377226,1.0,0.8914851485148515,-0.7225712051782311,-0.11046696294527489,0.1841389149732548,-0.023296915167095117,2.6732673267326734,0.0,-0.04214501997165312,-0.08010172216658897,0.07306818990434306,Banks—Regional,Financial Services,PLBC
2011Q2,2011,Q2,2011-08-05,2011-06-30,101000.0,6224000.0,0.0,0.021147403685092128,6224000.0,1.0,453651000.0,39049000.0,0.0,0.0,414602000.0,0.0,21137000.0,11557920.0,-40414080.0,8.17608877721943,0.0,0.022726721642848797,0.2640272478168455,0.0,8.17608877721943,0.0025864938922891753,1.8569922879177378,28.60871287128713,0.2959850444313555,0.0,0.0,0.0,0.01371979781814655,0.0,0.00022263810726748094,45.68347826086956,1.0,1.1147403685092128,-0.9186638245297736,-0.04382759484525187,0.2565170844180743,0.0027388432415015305,-0.547085201793722,0.0,-0.8536975888529207,-0.03531679480197005,0.07165457293626064,Banks—Regional,Financial Services,PLBC
2011Q1,2011,Q1,2011-05-05,2011-03-31,223000.0,6207000.0,0.0,0.01,6207000.0,1.0,469703000.0,38571000.0,0.0,0.0,431132000.0,0.0,21057000.0,10268400.0,-39141600.0,8.076005025125628,0.0,0.021950040770444303,0.26729926628814393,0.0,8.076005025125628,0.00578154572087838,1.6543257612373128,11.511659192825112,0.2662207357859532,0.0,0.0,0.0,0.013214733565678738,0.0,0.000474768098138611,15.348878923766817,1.0,-0.26523076923076927,-0.8054508786842011,-0.021568854865593463,0.22350451510632124,-0.01569933396764986,2.4307692307692306,0.0,-0.6109017308766053,-0.012006500669327,0.041981133795742635,Banks—Regional,Financial Services,PLBC
2010Q4,2010,Q4,2011-03-23,2010-12-31,65000.0,6306000.0,0.0,0.013609715242881073,6306000.0,1.0,484480000.0,37988000.0,406557000.0,0.0,446492000.0,0.0,20331000.0,11175840.0,-43142160.0,7.95393634840871,0.0,0.02128054821664465,0.27140149520901335,0.0,7.95393634840871,0.0017110666526271455,1.772254995242626,42.983999999999995,0.2941939559861009,0.0,0.0,0.0,0.013016017173051519,0.0,0.00013416446499339498,17.353788819875778,1.0,0.36097152428810725,-0.9487454669179229,-0.04601214399180068,0.2506389200770422,0.008637236084452975,-0.6683673469387755,0.0,-0.9243028584405224,-0.07465492156357773,0.028000066570500283,Banks—Regional,Financial Services,PLBC
2010Q3,2010,Q3,2010-10-27,2010-09-30,196000.0,6252000.0,0.0,0.01,6252000.0,1.0,490566000.0,38689000.0,411801000.0,0.0,451877000.0,0.0,20437000.0,14614560.0,-38303440.0,8.10071189279732,0.0,0.02101654007819539,0.2664840135439014,0.0,8.10071189279732,0.005066039442735661,2.3375815738963532,18.641020408163264,0.37774457856238214,0.0,0.0,0.0,0.01274446251880481,0.0,0.0003995384922721917,3.779301784328937,1.0,-0.8750000000000001,-0.8358458961474037,-0.009585667043919173,0.327514732087329,-0.14273961332784862,-0.6597222222222222,0.0,-0.842159503175764,-0.06421447515354547,0.058232591680908725,Banks—Regional,Financial Services,PLBC
2010Q2,2010,Q2,2010-07-28,2010-06-30,576000.0,7293000.0,0.0,0.08,7293000.0,1.0,505534000.0,38739000.0,419780000.0,0.0,466795000.0,0.0,20412000.0,12942960.0,-19227040.0,8.111180904522612,0.0,0.059956402536723546,0.7824156534758254,0.0,8.111180904522612,0.01486873693177418,1.7747099958864665,5.617604166666667,0.33410671416402077,0.0,0.0,0.0,0.014426329386351858,0.0,0.0011393892398928658,3.886774774774775,1.0,1.2089552238805972,-0.45180450730104815,0.22487430399922037,0.3579027118033629,0.16818837097549255,3.298507462686567,0.0,-0.475639041769695,0.12152894340988421,0.09972914128942514,Banks—Regional,Financial Services,PLBC
2010Q1,2010,Q1,2010-04-28,2010-03-31,134000.0,6243000.0,0.0,0.036216216216216214,6243000.0,1.0,509644000.0,37954000.0,428269000.0,0.0,471690000.0,0.0,20007000.0,10138000.0,-28463000.0,10.257837837837839,0.0,0.059472886956385244,0.7985983032091479,0.0,10.257837837837839,0.003530589661168783,1.6238987666186129,18.914179104477615,0.26711282078305315,1.1194029850746268,0.0,0.014795817715525744,0.012249727260597594,0.0,0.00026292863253565233,9.528195488721805,1.0,1.038296656187482,-0.7987988122570732,0.43831069148690244,0.814762205550481,-0.039094966907803605,1.0382966561874822,0.0,-0.8093883236400958,0.24574223070954934,0.40111186148287964,Banks—Regional,Financial Services,PLBC
2009Q4,2009,Q4,2010-03-19,2009-12-31,-3499000.0,6497000.0,0.0,-0.9456756756756757,6497000.0,1.0,528117000.0,38231000.0,424975000.0,26321000.0,489886000.0,0.0,20044000.0,11100000.0,1917000.0,10.332702702702703,16.145853121082027,0.09526298149841797,1.3159477910596113,0.0,10.332702702702703,-0.09152258638277837,1.7084808373095275,-0.7930837382109174,0.2903402997567419,-0.04229779937124893,0.0,0.013333333333333334,0.012302198187144137,3.0465027924470953,-0.006625425805266636,-2.670837343599615,1.0,-2.502502502502502,-5.137503776902451,0.4929983584113032,0.8461617854349994,0.03603890926487004,-2.069298245614035,0.0,-4.571857832109172,0.21971970523495787,0.43798815923420914,Banks—Regional,Financial Services,PLBC
2009Q3,2009,Q3,2009-11-02,2009-09-30,-1140000.0,6271000.0,0.0,-0.27,6271000.0,1.0,502568000.0,41672000.0,411262000.0,20000000.0,460896000.0,0.0,23713000.0,18196560.0,13348560.0,8.725293132328309,20.5631,0.060310246573598,0.7273468995968516,0.0,8.725293132328309,-0.02735649836820887,2.90169988837506,-3.990473684210526,0.43666154732194273,-0.1324561403508772,0.0,0.008298271761255974,0.012477913436589676,2.49085,-0.002268349755654956,11.014866828087166,1.0,0.6197183098591549,-2.2346213208901653,0.11161862652897632,0.5289399006117035,0.0119412619009198,0.6471680594243269,0.0,-1.8524766202070526,-0.08237182507481806,0.24890377020995352,Banks—Regional,Financial Services,PLBC
2009Q2,2009,Q2,2009-08-14,2009-06-30,-3231000.0,6197000.0,0.0,-0.71,6197000.0,1.0,463020000.0,42782000.0,392353000.0,5000000.0,420238000.0,0.0,25025000.0,23832240.0,27935240.0,8.957705192629815,78.4706,0.033065526327156494,0.3578607825721098,0.0,8.957705192629815,-0.0755224159693329,3.8457705341294175,-1.844029712163417,0.5570623159272592,0.0,0.0,0.0,0.013383871107079608,4.9078,-0.006978100298043281,13.381381246490735,1.0,-1.4482758620689655,-4.902927979603902,0.18225268163871494,0.723176164210613,0.06349751158400549,-1.5301487862176977,0.0,-3.6019523063792245,-0.047975514983294734,0.3766374018687816,Banks—Regional,Financial Services,PLBC
2009Q1,2009,Q1,2009-05-13,2009-03-31,-1277000.0,5827000.0,0.0,-0.29,5827000.0,1.0,478581000.0,46162000.0,401707000.0,31000000.0,432419000.0,0.0,28425000.0,28608240.0,44611240.0,9.665410385259632,12.958290322580645,0.086317676631542,0.8948919024305706,0.0,9.665410385259632,-0.027663446124518,4.909600137291917,-5.600673453406422,0.6197357133573069,0.0,0.0,0.0,0.012175577383974708,1.179258064516129,-0.0026683048428583667,52.97822222222222,1.0,-0.019911634756995443,-2.8230356327089994,0.19613590829966826,0.7655834898160446,0.02497801231310466,0.05964653902798233,0.0,-2.114077255247871,-0.08146958551664461,0.4642974106540666,Banks—Regional,Financial Services,PLBC
2008Q4,2008,Q4,2009-03-18,2008-12-31,-1358000.0,5685000.0,0.0,-0.2843383584589615,5685000.0,1.0,457175000.0,35437000.0,402216000.0,39935000.0,421738000.0,0.0,29818000.0,35820000.0,61339000.0,7.419807370184254,10.071766620758734,0.09692131022037513,1.2503880125292772,0.0,7.419807370184254,-0.03832152834607896,6.300791556728232,-6.5942562592047125,1.010807912633688,-0.2820324005891016,0.0,0.010692350642099386,0.01243506315962159,0.7287091523726055,-0.0029704161426149724,18.982511923688396,1.0,-4.5542294807370185,-2.431815741985615,0.14521221266683274,0.42638729591098906,-0.14562669071235348,-4.482051282051282,0.0,-2.0708254757763176,-0.13995861696691841,0.16665503345188326,Banks—Regional,Financial Services,PLBC
2008Q3,2008,Q3,2008-11-06,2008-09-30,390000.0,6654000.0,0.0,0.08,6654000.0,1.0,463499000.0,37075000.0,404221000.0,32899000.0,426424000.0,0.0,31805000.0,49292250.0,69599250.0,7.709503015179871,12.286726040305176,0.08049639805048123,1.0063385030343897,0.0,7.709503015179871,0.010519217801753203,7.407912533814247,31.597596153846155,1.3295279838165879,0.0,0.0,0.0,0.014356018028086361,0.8018784765494392,0.0008414257635938804,262.19281914893617,1.0,-0.4285714285714286,-0.49313786650031194,0.4216138255591032,0.49619583809925444,0.021492170709241632,-0.44045911047345765,0.0,-0.6756082345601997,0.0468640471592273,0.2634048667775562,Banks—Regional,Financial Services,PLBC
2008Q2,2008,Q2,2008-08-08,2008-06-30,697000.0,6514000.0,0.0,0.14,6514000.0,1.0,452983000.0,36789000.0,389666000.0,30855000.0,416194000.0,0.0,31665000.0,51257860.00000001,70164860.0,7.629406885109913,12.62894182466375,0.07684615095930752,0.9462067465818587,0.0,7.629406885109913,0.018945880562124547,7.868876266502918,18.385172166427548,1.3932931039169318,0.0,0.0,0.0,0.014380230604680529,0.8149408523740075,0.001538689089877545,74.0720520231214,1.0,0.16666666666666682,-0.13272501036914142,0.35512651652756627,0.48420009112943097,0.031675641431738996,0.21006944444444445,0.0,-0.34297352910425555,0.08360294491051028,0.2772483342056271,Banks—Regional,Financial Services,PLBC
2008Q1,2008,Q1,2008-05-09,2008-03-31,576000.0,6314000.0,0.0,0.12,6314000.0,1.0,444937000.0,37203000.0,378644000.0,0.0,407734000.0,0.0,31893000.0,62400000.0,60018000.0,7.750625,0.0,0.023171819830672655,0.27712818858694194,0.0,7.750625,0.015482622369163777,9.882800126702566,27.083333333333336,1.6772840899927424,0.0,0.0,0.0,0.014190773075738813,0.0,0.0012945652980084822,45.81497797356828,1.0,-0.3325608342989571,-0.1818182122905028,0.43020596009651074,0.574448262160869,-0.07811359322528837,-0.3325608342989571,0.0,-0.3333333779264214,0.12130675397707825,0.3711994225051477,Banks—Regional,Financial Services,PLBC
2007Q4,2007,Q4,2008-03-14,2007-12-31,863000.0,6849000.0,0.0,0.17979166666666666,6849000.0,1.0,453115000.0,37139000.0,382120000.0,13726000.0,415976000.0,0.0,32204000.0,66624000.00000001,71227000.0,7.737291666666667,27.83913740346787,0.03930569502223497,0.4795497994022456,0.0,7.737291666666667,0.023237028460647836,9.7275514673675,19.30011587485516,1.7939093675112416,0.8586326767091541,0.0,0.011122118155619597,0.01511536806329519,1.7040652775754044,0.0019045937565518687,37.17857142857143,1.0,-0.3084935897435898,-0.0397043822939461,0.4925528302442681,0.621953354928862,-0.003926701570680628,-0.32472613458528954,0.0,-0.21337862543898165,0.21320479003156445,0.3824352261706286,Banks—Regional,Financial Services,PLBC
2007Q3,2007,Q3,2007-11-08,2007-09-30,1278000.0,6876000.0,0.0,0.26,6876000.0,1.0,469721000.0,37627000.0,391558000.0,0.0,432094000.0,0.0,32965000.0,57510004.5,52653004.5,7.654944627938605,0.0,0.021949199631270476,0.27400536848539614,0.0,7.654944627938605,0.033964971961623305,8.363875,11.25000088028169,1.5284238578680203,0.0,0.0,0.0,0.014638476883085916,0.0,0.0027207640280081154,24.60847432605905,1.0,0.13043478260869565,0.49999973646591295,0.4639451474420487,0.6111773959352589,0.02428124534485327,0.12698412698412698,0.0,0.3448274135679304,0.18429981333602227,0.3413818998543367,Banks—Regional,Financial Services,PLBC
2007Q2,2007,Q2,2007-08-08,2007-06-30,1134000.0,6713000.0,0.0,0.23,6713000.0,1.0,463951000.0,36365000.0,390295000.0,16612000.0,427586000.0,0.0,32056000.0,67546959.5,73621959.5,7.375616958747048,23.494762822056344,0.04873359471151048,0.6217516843118384,0.0,7.375616958747048,0.031183830606352263,10.062112244897959,14.89130500440917,1.857471731060085,0.0,0.0,0.0,0.014469200411250325,1.5479773657596918,0.0024442236356856653,52.1195675154321,1.0,0.21052631578947373,0.5220587940009349,0.49719658788819315,0.635987448305191,-0.006658774785439479,0.1962025316455696,0.0,0.32692297678781357,0.24057932537881896,0.4188329562483868,Banks—Regional,Financial Services,PLBC
2007Q1,2007,Q1,2007-05-09,2007-03-31,948000.0,6758000.0,0.0,0.19,6758000.0,1.0,472178000.0,36529000.0,388914000.0,19979000.0,435649000.0,0.0,32201000.0,79831584.0,92484584.0,7.3212126168008895,19.46613944641874,0.05317909771315055,0.6873990528073586,0.0,7.3212126168008895,0.02595198335569,11.812900858242083,21.052632911392404,2.185430315639629,0.0,0.0,0.0,0.014312399137613358,1.0960508533960658,0.002007717428596843,56.298719322990124,1.0,-0.2823618016654049,0.30151731390588704,0.5779569618086516,3.2855347991095747,-0.05916747876931644,-0.28236184708554124,0.0,0.2954544634637567,0.32789352065537003,0.33736816197373987,Banks—Regional,Financial Services,PLBC
