Quarters,Year,Quarter,FillingDate,Date,NetIncome,Revenue,OperatingIncome,EPSDiluted,GrossProfit,GrossProfitRatio,TotalAssets,CommonStockEquity,CurrentAssets,CurrentLiability,TotalLiability,Inventory,RetainedEarnings,MarketCap,EnterpriseValue,bookValuePerShare,currentRatio,debtToAssets,debtToEquity,roic,shareholdersEquityPerShare,roe,priceToSalesRatio,peRatio,pbRatio,payoutRatio,inventoryTurnover,dividendYield,assetTurnover,quickRatio,returnOnAssets,priceToFreeCashFlowsRatio,grossProfitMargin,epsdilutedGrowth,fiveYNetIncomeGrowthPerShare,fiveYRevenueGrowthPerShare,fiveYShareholdersEquityGrowthPerShare,grossProfitGrowth,netIncomeGrowth,operatingIncomeGrowth,threeYNetIncomeGrowthPerShare,threeYRevenueGrowthPerShare,threeYShareholdersEquityGrowthPerShare,Industry,Sector,Symbol
2023Q1,2023,Q1,2023-03-31,2023-03-31,-1341241.0,157950.0,-1326889.0,-0.16,157950.0,1.0,12321197.0,15898784.0,5716329.0,2938236.0,2938236.0,0.0,-126376607.0,6131739.483870001,3485043.4838700006,1.928326739326077,1.945496889970717,0.21367355785318584,0.16559216101055277,-0.0721236169178593,1.928326739326077,-0.08436123165142692,38.82076279753087,-1.1429227640427784,0.38567348822840797,0.0,0.0,0.0,0.012819371364649067,1.8085603062517783,-0.10885638789802647,-2.70417426518263,1.0,0.9866888519134775,0.9563699802001379,0.0,-0.8608552752472904,1.0000000082587395,0.9327827217785393,0.8881803011311168,0.9445511839882699,42.10744360728987,-0.589524622088407,Software—Application,Technology,VS
2022Q4,2022,Q4,2022-12-31,2022-12-31,-19953813.0,217604.0,-11866326.0,-12.02,-19125194782396.0,-87889904.51644272,8802517.0,11861088.0,1462821.0,3324558.0,3324558.0,0.0,-125182412.0,1091311.223863,2645738.223863,7.143641477502003,0.440004656258065,254217.48498446523,188663.44582158062,-9.066313347512902e-06,7.143641477502003,-1.682291961749209,5.015124831634529,-0.013672965962232381,0.09200768292613627,0.0,0.0,0.0,0.02472065660310568,0.37286009147682186,-2.26683038499102,-0.4396353492766818,-87889904.51644272,-4.1587982832618025,-2.203257383189211,0.0,-0.4582901545578989,-60366313.570887476,-4.360514500308809,-2.5982781138457125,-1.3827127827655097,6.234813717657656,0.3249982018460149,Software—Application,Technology,VS
2022Q3,2022,Q3,2022-09-30,2022-09-30,-3722369.0,316819.0,-3297779.0,-2.33,316819.0,1.0,17741484.0,20073614.0,1453686.0,3589891.0,3600105.0,0.0,-113962608.0,6131461.782253501,7866127.782253501,12.557577418196514,0.40493875719346356,0.155791195370128,0.13769154871663866,-0.15186531504034362,12.557577418196514,-0.18543591602389087,19.353200983064465,-0.4117983589384543,0.3054488236275491,0.0,0.0,0.0,0.017857525334408327,0.3106941129967456,-0.20981159186007214,-2.487390267435573,1.0,-0.2263157894736843,0.12619407808416935,0.0,-0.3234032022377987,0.26393415808602055,-0.41673869547362224,0.0124801764119665,0.36076989210266786,0.0,-0.1533453858268974,Software—Application,Technology,VS
2022Q2,2022,Q2,2022-06-30,2022-06-30,-2627421.0,250661.0,-3339456.0,-1.9,250661.0,1.0,18843729.0,20785839.0,2498180.0,2926792.0,3562060.0,0.0,-110880600.0,11200714.0993962,12280755.0993962,15.054315021912434,0.8535557019426048,0.15775746934165738,0.14301751302894244,-0.11327065905412105,15.054315021912434,-0.126404375594365,44.684710024280605,-1.0657517485203363,0.5388627372412632,0.0,0.0,0.0,0.013302091109461402,0.6596498828751752,-0.13943211558603927,-3.292929149912861,1.0,-0.016042780748662996,0.48308371868527294,0.0,-0.16368846015032482,-0.22577187758682465,-0.10476562496715036,0.061702018259331054,0.007136166892131027,-0.8150009417627541,0.20599274825515024,Software—Application,Technology,VS
2022Q1,2022,Q1,2022-03-31,2022-03-31,-2378261.0,323756.0,-3559057.0,-1.87,323756.0,1.0,22264194.0,23150653.0,5971309.0,3288757.0,4132302.0,0.0,-108139866.0,32200111.6613325,29943756.6613325,18.198868321734338,1.8156735204212413,0.13933991951381666,0.13400447062983492,-0.0949620981409749,18.198868321734338,-0.10272975885388633,99.45796112298305,-3.384837877479858,1.390894315652025,0.0,0.0,0.0,0.014541554928959028,1.6509802943786969,-0.10681999087862781,-9.636121462989342,1.0,0.2862595419847328,0.40057629276383283,0.0,-0.18898681624579963,-0.17675268964850852,0.04770711999055019,0.30519289227031177,0.3492590617535824,-0.539677368443418,0.2631863151071318,Software—Application,Technology,VS
2021Q4,2021,Q4,2021-12-31,2021-12-31,-2497405.0,393267.0,-5122367.0,-2.62,393267.0,1.0,18543692.0,22624249.0,2354512.0,3372894.0,4541024.0,0.0,-100995334.0,38251146.66408,39727056.66408,23.744315868131498,0.6980687801039701,0.17008835133801833,0.13941085956046542,-0.1964723981986308,23.744315868131498,-0.11038620552664533,97.26508113846319,-3.829089261060981,1.690714536605392,0.0,0.0,0.0,0.02120758908204472,0.5341920024762118,-0.13467679467497626,-15.202070863006622,1.0,-3.6139675249119185,0.023033627095145195,0.0,0.4027744152819842,0.0,-3.358838087658303,-0.5669848745706548,-9.861470817116201,20761.250909529317,0.8891570206472945,Software—Application,Technology,VS
2021Q3,2021,Q3,2021-09-30,2021-09-30,-572952.0,304684.0,-3268932.0,-0.5678410144531775,0.0,0.0,21023532.0,23386872.0,4905378.0,2916186.0,5447588.0,0.0,-99314670.0,70193075.702904,68962394.702904,23.178244620173814,1.6821210992714457,0.15122887058178425,0.13594656865612467,-0.12103646842820787,23.178244620173814,-0.02449887270088963,230.379920517336,-30.62781686027102,3.001387945463763,0.0,0.0,0.0,0.014492521998682239,1.543332969844859,-0.027252889761815474,-19.350671731576785,0.0,0.9327916635080143,0.8755037339770607,0.0,0.2653917666698318,0.0,0.9264647825357067,0.2956214836856143,0.8492874108569571,68.91749329791234,0.5023201682050518,Software—Application,Technology,VS
2021Q2,2021,Q2,2021-06-30,2021-06-30,-7791532.0,85248.0,-4640874.081601,-8.44896695993794,0.0,0.0,28180182.0,30291631.0,8471197.0,4442702.0,6119553.0,0.0,-125403031.0,98758201.10183999,95298780.10183999,32.84756578918832,1.906766872952541,0.15130995250491994,0.140763037817277,-0.1319300762881562,32.84756578918832,-0.2572173152379943,1158.4811503125,-3.1687671019588954,3.260247066321387,0.0,0.0,0.0,0.003025104663979814,1.7619696301935173,-0.2764897685898551,-12.868218894767166,0.0,-0.8094378555087324,-0.023516402085078342,0.0,0.2274792829700753,0.0,-1.3318968600403738,-0.722898023759171,-0.5886073705769733,0.0,0.7396687572089587,Software—Application,Technology,VS
2021Q1,2021,Q1,2021-03-31,2021-03-31,-3341285.0,421.0,-2693644.091294,-4.6693877516796345,0.0,0.0,17524200.0,19734383.0,14630468.0,2997182.0,5590230.0,0.0,-117611498.0,98439014.61108,88738161.61108,27.578472886026844,4.881407935854413,0.2466941714885701,0.21906527303133824,-0.10861546067927423,27.578472886026844,-0.16931286881378557,233821.88743724467,-7.365356038999965,4.988198243192097,0.0,0.0,0.0,2.402392120610356e-05,4.714830130435856,-0.19066690633523928,-26.5804480030523,0.0,-0.5914912730272623,-2.505269384924209,0.0,3.2505455988784324,-1.0,-0.5914912730272621,-0.3220368211157552,-0.25233943821719,0.0,0.9900149391525774,Software—Application,Technology,VS
2020Q4,2020,Q4,2020-12-31,2020-12-31,-2099468.0,495785.0,-2037495.513189,-2.933970063686078,906209.0,1.8278265780529868,7133012.0,6069652.0,4110862.0,5142241.0,8610395.0,0.0,-114270214.0,171075823.1325,174825436.1325,8.482237985835107,0.7994300539395178,0.94147745720882,1.1064176331690845,-0.14961554874213617,8.482237985835107,-0.3458959426339434,345.0605063333905,-20.371330157508947,28.18544179015535,0.0,0.0,0.0,0.06950570109793731,0.694216198735143,-0.2943312025831444,-63.487426760188086,1.8278265780529868,-0.33665604965796364,-0.2507673912889706,0.0,1.9807333157975657,1.6200552802465638,-0.5353980650544802,-1.1208836198312897,0.21796401593322423,0.0,-0.3567829736723281,Software—Application,Technology,VS
2020Q3,2020,Q3,2020-09-30,2020-09-30,-1367377.0,756298.0,-960682.37509,-2.195007507306648,345874.0,0.45732502267624664,3315678.0,1705760.0,67533.0,4554952.0,9018259.0,0.0,-112170746.0,42807535.71420006,49923210.71420006,2.738201682641757,0.014826281374644562,2.152690641250447,4.184427469280555,-0.09839682796176352,2.738201682641757,-0.801623323328018,56.60141335055766,-7.8265788648997425,25.095872639879033,0.0,0.0,0.0,0.22809754143798042,0.00959461263258098,-0.4123974040905058,-40.41184095849836,0.45732502267624664,0.3100821086703169,-1.2016297316102336,0.0,-0.511972028036953,0.0,0.2965179780905446,0.47041663253516147,0.17633418247538718,0.0,-0.8524668868520854,Software—Application,Technology,VS
2020Q2,2020,Q2,2020-06-30,2020-06-30,-1943727.0,612366.0,-1814034.265632,-3.1815488986322653,0.0,0.0,3937462.0,2178785.0,380353.0,2807000.0,9601488.0,0.0,-110181773.0,31812884.139050398,38751676.139050394,3.566300616921221,0.1355016031350196,1.812541936912661,3.275593966361986,-0.17534011285851858,3.566300616921221,-0.8921151008474907,51.95076823182606,-4.091737695037729,14.60120394580025,0.0,0.0,0.0,0.15552302473014343,0.13470502315639474,-0.493649716492502,-24.95069460251947,0.0,-0.08444391711295565,-0.7921818788619738,0.0,-0.4546787159437791,0.0,-0.13243879077701806,-0.16978220266959815,0.13575685514618122,0.0,-0.8018814966896218,Software—Application,Technology,VS
2020Q1,2020,Q1,2020-03-31,2020-03-31,-1716408.0,260.0,-1550745.310958,-2.933806763472191,0.0,0.0,3811779.0,2748418.0,46115.0,1892879.0,7940128.0,0.0,-108238046.0,37834975.08645468,44226104.08645468,4.697789058961276,0.024362360193123808,1.680516105472012,2.3307066101299,-0.15211789169389167,4.697789058961276,-0.6245076258414841,145519.1349479026,-5.510778190042036,13.76609201600873,0.0,0.0,0.0,6.820962075713204e-05,0.016216567461522897,-0.4502905336327211,-25.626402958572832,0.0,0.4183229451618413,-3.557157510153162,0.0,-0.1811290972486334,0.0,0.4183229451618413,-0.11197111294644395,0.059357662655159876,0.0,-0.7906480340448583,Software—Application,Technology,VS
2019Q4,2019,Q4,2019-12-31,2019-12-31,-2950792.0,10598.0,-1394591.363843,-5.043703785579905,0.0,0.0,4042354.0,3154232.0,171612.0,1303778.0,6912572.0,0.0,-106521639.0,25893952.0380576,31731910.0380576,5.391434846892119,0.13162670331912335,1.4687399965465666,1.8822860842195501,-0.13653992641161236,5.391434846892119,-0.9355025248618364,2443.286661450991,-2.1938137318775435,8.209273140992039,0.0,0.0,0.0,0.0026217397090902974,0.11014835347735581,-0.7299687261432324,-20.50033452489282,0.0,-0.38454412709170555,-3.4240219809583134,0.0,7.565835924444377,0.0,-0.5378640371906857,0.4865677785925941,-0.8799853931059617,0.0,-0.6814830586451781,Software—Application,Technology,VS
2019Q3,2019,Q3,2019-09-30,2019-09-30,-1918760.0,0.0,-2716213.174195,-3.6428624316759204,0.0,0.0,4632594.0,7812279.0,741157.0,1184998.0,6447591.0,0.0,-98891414.0,45096017.093778476,50002362.093778476,14.83199548904727,0.625450000759495,1.207873817563119,0.7162556534399245,-0.18571910140581607,14.83199548904727,-0.24560822776554703,0.0,-5.87567193054088,5.772453479167664,0.0,0.0,0.0,0.0,0.6082499717299101,-0.4141869544363266,-13.887957428812843,0.0,-0.9006818184672002,-2.040798837287189,0.0,24.23611162850039,0.0,-1.2750458267428983,-1.2997348386206742,0.20132115911990725,0.0,-0.19026288303174546,Software—Application,Technology,VS
2019Q2,2019,Q2,2019-06-30,2019-06-30,-843394.0,431825.0,-1181098.4156,-1.9166082383077128,0.0,0.0,4557207.0,5493048.0,334303.0,1190282.0,6843287.0,0.0,-96972654.0,22135464.520649094,27854410.520649094,12.48292333738595,0.2808603339376719,1.307367209784414,1.084633340178349,-0.09278139332686353,12.48292333738595,-0.1535384362197454,51.260266359402756,-6.561424589411679,4.029723483328216,0.0,0.0,0.0,0.0947565032705339,0.2615825493454492,-0.18506817882093132,-22.28149745496896,0.0,0.33288536426893617,-0.7002975171201063,0.0,1.733443722312779,0.0,0.2705314761766375,0.25962805666570365,0.7678199870505346,0.0,-0.5335261709837784,Software—Application,Technology,VS
2019Q1,2019,Q1,2019-03-31,2019-03-31,-1156176.0,222499.0,-1595277.112043,-2.872981846976539,0.0,0.0,4958446.0,5797869.0,338646.0,1290351.0,6128018.0,0.0,-96129261.0,21582625.561745334,26646534.561745334,14.407113269107002,0.2624448696517459,1.0363275106757237,0.8862866684293833,-0.12958992458144852,14.407113269107002,-0.19941395709354592,97.00100028200276,-4.666812310959866,3.72251003976553,0.0,0.0,0.0,0.04487272827010721,0.2373439474995563,-0.23317305462235546,-11.33507324714824,0.0,-10.713234367517705,-5.060065555037535,0.0,1.906541825984511,-1.0,-10.713234367517705,-17.43893187147402,-1.156719869151898,0.0,1.2205033669421654,Software—Application,Technology,VS
2018Q4,2018,Q4,2018-12-31,2018-12-31,119031.0,8.0,-86516.785417,0.2957801426663972,8.0,1.0,3679140.0,5058049.0,101150.0,1035744.0,4514700.0,0.0,-94973085.0,21484722.137565907,24929678.137565907,12.568736006917955,0.09765926715481818,0.9455894584060406,0.6878059109352243,-0.010134325260088287,12.568736006917955,0.02353298673065445,2685590.2671957384,45.12421582941819,4.247630289379543,0.0,0.0,0.0,2.1744211962578213e-06,0.0374397534525906,0.03235294117647059,-12.288394730859173,1.0,1.078504020958488,1.6815830375050893,0.0,1.8151828482107235,-0.9944521497919556,1.0846428220958362,0.952000608072343,1.1260925081633242,0.0,3.4167647990834276,Software—Application,Technology,VS
2018Q3,2018,Q3,2018-09-30,2018-09-30,-1406274.0,1612.0,-1802455.863345,-3.767706915583372,1442.0,0.8945409429280397,3720229.0,5758520.0,179661.0,3095667.0,3095667.0,0.0,-95092116.0,22937486.0736,25074602.0736,15.428298914383085,0.05803628103410347,0.5988445872552469,0.3868770100650862,-0.2256918156753284,15.428298914383085,-0.24420753943721651,14229.209723076923,-4.077705709129231,3.983225911102158,0.0,0.0,0.0,0.00043330665934812075,0.030996874017780337,-0.3780073753524313,-12.65425013342484,0.8945409429280397,0.29158097710082526,-4.353316221368566,0.0,2.029628011430584,0.0,0.2797871125448829,0.34563564744800884,-2.77907591493358,0.0,1.7497760584099187,Software—Application,Technology,VS
2018Q2,2018,Q2,2018-06-30,2018-06-30,-1952581.0,0.0,-2754514.142336,-5.318472251301484,0.0,0.0,5560291.0,6932005.0,1676124.0,2583456.0,2583456.0,0.0,-93685842.0,28999898.581834074,29373208.581834074,18.88150583441378,0.6487913864219093,0.3240233289948314,0.25990517894894766,-0.3153902606494476,18.88150583441378,-0.28167622498829703,0.0,-3.713021198843233,4.183479178366731,0.0,0.0,0.0,0.0,0.5559850835470006,-0.3511652537609992,-12.759266375622708,0.0,-0.42642444414287983,-3.670622772892056,0.0,2.322184802175086,0.0,-0.4030659941810207,-0.42496386064409053,-1.995918957808797,0.0,1.887161827492401,Software—Application,Technology,VS
2018Q1,2018,Q1,2018-03-31,2018-03-31,-1391653.0,0.0,-1933041.404356,-3.7285341492428548,0.0,0.0,5613627.0,5172574.0,1273507.0,2759501.0,2759501.0,0.0,-91733261.0,30164444.290072683,30822158.290072683,13.858425051708801,0.4614990173948116,0.31690028567982875,0.34392161426786744,-0.27807407751382646,13.858425051708801,-0.26904458012587157,0.0,-5.418815662035127,5.831611938286951,0.0,0.0,0.0,0.0,0.4086840338162588,-0.24790621108242497,-27.80699505620286,0.0,0.006177234498533489,-3.2842177670558286,0.0,2.054527996968998,0.0,0.0061772344985335315,-0.43505372108794615,-4.791631300560531,0.0,1.415659981828589,Software—Application,Technology,VS
2017Q4,2017,Q4,2017-12-31,2017-12-31,-1400303.0,0.0,-1347016.753415,-3.751709337591495,0.0,0.0,4997322.0,4922047.0,272452.0,1227190.0,1227190.0,0.0,-90341608.0,28184418.585068837,28700998.585068837,13.187209975244077,0.2220128912393354,0.1495444960320748,0.15183154488366324,-0.23759553372077208,13.187209975244077,-0.2844960643407103,0.0,-5.031842855629966,5.726157955230585,0.0,0.0,0.0,0.0,0.19636160659718543,-0.28021068084065825,-23.98108580791493,0.0,-0.4078107030569426,-6.873241205505378,0.0,2.0746180369755187,0.0,-0.6962924647610925,0.06073748989562187,-2.2907670112883705,0.0,17.059742806418324,Software—Application,Technology,VS
2017Q3,2017,Q3,2017-09-30,2017-09-30,-825508.0,0.0,-1434121.706045,-2.664924573626961,0.0,0.0,5184989.0,5749267.0,523725.0,265693.0,265693.0,0.0,-88941305.0,52108670.599643975,51763652.599643975,18.559912579737095,1.971165969747039,0.0,0.0,-0.24944426933816086,18.559912579737095,-0.14358491265060397,0.0,-15.780789101875445,9.063532899001556,0.0,0.0,0.0,0.0,1.3370694749203027,-0.15921113815284854,-40.74293888297227,0.0,0.2760944082205097,-1.0862309664528622,0.0,2.573538252136968,0.0,0.27057029274986594,0.04301968848034328,-1.2244872918593082,0.0,30.076343829557196,Software—Application,Technology,VS
2017Q2,2017,Q2,2017-06-30,2017-06-30,-1131717.0,0.0,-1498590.607123,-3.6813150829186116,0.0,0.0,5991659.0,5533856.0,1070562.0,274689.0,274689.0,0.0,-88115797.0,33378823.529366065,32345143.529366065,18.000845742985213,3.897360287452355,0.0,0.0,-0.2708040482302033,18.000845742985213,-0.20450785130657537,0.0,-7.373491678875122,6.031747759494657,0.0,0.0,0.0,0.0,3.7977276119538823,-0.18888207756816602,-26.234469227931235,0.0,-0.1803096086455194,-0.9653177584058309,0.0,2.711492292460055,0.0,-0.301557198882129,-0.3593406991653535,-2.2658362123514046,0.0,2.0576534798520982,Software—Application,Technology,VS
2017Q1,2017,Q1,2017-03-31,2017-03-31,-869510.0,0.0,-1102439.29873,-3.1189401966685297,0.0,0.0,7435306.0,6255821.0,2256390.0,166722.0,166722.0,0.0,-86984080.0,22301326.080000002,20079682.080000002,22.43967013888889,13.533846762874726,0.0,0.0,-0.17622615780246909,22.43967013888889,-0.13899214827278467,0.0,-6.41203841243919,3.5648919750101546,0.0,0.0,0.0,0.0,13.345539280958722,-0.11694340488474853,-21.730763162407822,0.0,-0.16255065627536164,0.039475964263175095,0.0,3.5958343573872704,0.0,-0.16255065627536155,0.1239371990689753,-5.578873503857279,0.0,2.41197609557347,Software—Application,Technology,VS
2016Q4,2016,Q4,2016-12-31,2016-12-31,-747933.0,0.0,-1258402.134594,-2.682842403324727,0.0,0.0,6662314.0,4718888.0,1253894.0,328029.0,328029.0,0.0,-86114570.0,14067999.616469737,12857599.616469737,16.926681588613405,3.8225095951882304,0.0,0.0,-0.2666734481924555,16.926681588613405,-0.1584977223447558,0.0,-4.702292724237912,2.981210746360104,0.0,0.0,0.0,0.0,3.7135161830204035,-0.1122632466737533,-17.14294719839262,0.0,0.41180023754227946,0.01672264585796975,0.0,4.1360974156120704,0.0,0.382063530881415,-0.022147169875088128,-5.18222731488116,0.0,2.0978304024022103,Software—Application,Technology,VS
2016Q3,2016,Q3,2016-09-30,2016-09-30,-1210372.0,0.0,-1231135.957406,-4.561107593982696,0.0,0.0,7982777.0,4860759.0,2005450.0,236207.0,236207.0,0.0,-85366637.0,11308591.14532514,9351387.14532514,18.3170502848874,8.490222559026616,0.0,0.0,-0.25328060029431615,18.3170502848874,-0.2490088482066278,0.0,-2.335767670047956,2.326507268787681,0.0,0.0,0.0,0.0,8.304639574610405,-0.15162292520510093,-13.365375400302252,0.0,0.44746232412111075,-0.0462502858750268,0.0,2.0539119043863336,0.0,0.16558582345499856,-0.7599646850792211,-5.4806132263858185,0.0,2.2224126693916046,Software—Application,Technology,VS
2016Q2,2016,Q2,2016-06-30,2016-06-30,-1450565.0,0.0,-699523.102846,-8.25483544941548,0.0,0.0,8443937.0,4702379.0,2486859.0,526346.0,526346.0,0.0,-84156265.0,5443336.226399999,3074550.226399999,26.760179373218076,4.724760898724413,0.011842816922959042,0.021265831614168063,-0.14566178613682926,26.760179373218076,-0.30847471035405694,0.0,-0.9381406945569484,1.157570716099234,0.0,0.0,0.0,0.0,4.704521360473909,-0.17178775729852083,-18.013436360868614,0.0,-5.196838883998888,-0.5255514174424771,0.0,2.940826106048758,0.0,-6.108940053320787,-3.4409885915561578,-6.249308117667294,0.0,2.873891986213327,Software—Application,Technology,VS
2016Q1,2016,Q1,2016-03-31,2016-03-31,-204048.0,0.0,-157515.176728,-1.3321042557247422,0.0,0.0,1208978.0,993846.0,302984.0,215132.0,215132.0,0.0,-82705700.0,4782761.88552,4498164.88552,6.488219510762059,1.408363237454214,0.0,0.0,-0.15849052743382777,6.488219510762059,-0.20531148689032305,0.0,-5.859849012879323,4.812377255148182,0.0,0.0,0.0,0.0,1.3526393098190879,-0.16877726476412308,-20.162819332987645,0.0,0.43211628858404794,0.5339798920190401,0.0,1.7493000629072275,0.0,0.4321162885840479,0.3602569319415775,-0.5306369589368405,0.0,1.4937075532789665,Software—Application,Technology,VS
2015Q4,2015,Q4,2015-12-31,2015-12-31,-359313.0,0.0,-246216.308691,-2.3457342215421093,0.0,0.0,957382.0,435894.0,42460.0,285488.0,521488.0,0.0,-82501652.0,7394552.064632866,7623248.064632866,2.845688321353728,0.14872779241158998,0.26269764837859916,0.576979724428416,-0.3581869965652986,2.845688321353728,-0.8243127916420047,0.0,-5.144923830081897,16.964106100641132,0.0,0.0,0.0,0.0,0.10110057165274898,-0.37530787083943506,-32.8623389653752,0.0,-1.3528156351077651,0.32456060672907694,0.0,1.4905879430325328,0.0,-1.447452847538672,-1.1878832037208324,-3.922704234875572,0.0,1.2318934788691498,Software—Application,Technology,VS
2015Q3,2015,Q3,2015-09-30,2015-09-30,-146811.0,0.0,-112536.312849,-0.996990238648541,0.0,0.0,1068605.0,826205.0,464270.0,103949.0,242400.0,0.0,-82142339.0,2839295.97776832,2527557.97776832,5.6107474160294455,4.46632483236972,0.12956237337463328,0.1675746334142253,-0.11665952717756381,5.6107474160294455,-0.17769318752609825,0.0,-4.834951021667859,3.4365514342909087,0.0,0.0,0.0,0.0,4.376598139472241,-0.13738565700141775,-17.51970516261158,0.0,0.4383901213032352,0.9079861819743897,0.0,3.409172060490104,0.0,0.4383901213032351,0.4596914601783517,0.219506754538701,0.0,1.475687891538875,Software—Application,Technology,VS
2015Q2,2015,Q2,2015-06-30,2015-06-30,-261411.0,0.0,-208281.573499,-1.775236292071805,0.0,0.0,1224173.0,963014.0,628120.0,261159.0,261159.0,0.0,-81995530.0,3734817.1027776,3257900.1027776,6.539815556793024,2.405124847315237,0.11055218502613601,0.14053274407225647,-0.18963150464834036,6.539815556793024,-0.27145088233400555,0.0,-3.5717864806546014,3.8782583667294555,0.0,0.0,0.0,0.0,2.3707817842770114,-0.2135408965889625,-20.064667279708175,0.0,-1.7575162133122213,0.7217027973790767,0.0,-0.1970516055031435,0.0,-1.0444616503601512,-1.099992674589633,0.05226560976040026,0.0,1.6217954466902416,Software—Application,Technology,VS
2015Q1,2015,Q1,2015-03-31,2015-03-31,-127863.0,0.0,-99182.047642,-0.6437809081599053,0.0,0.0,1391173.0,1139425.0,803157.0,251748.0,251748.0,0.0,-81734119.0,5048050.9689792,4381818.9689792,5.736910474138148,3.190321273654607,0.09499896849636962,0.11598832744586085,-0.07799875560186696,5.736910474138148,-0.11221712705970116,0.0,-9.870038574449216,4.4303494911724774,0.0,0.0,0.0,0.0,3.190321273654607,-0.09191020814808798,-7.694554525122437,0.0,0.4353164070608082,0.8597947944579685,0.0,-0.6049961710384788,0.0,0.43531640706080826,0.2877560527752001,0.8017383485125534,0.0,1.6636492079361775,Software—Application,Technology,VS
2014Q4,2014,Q4,2014-12-31,2014-12-31,-226433.0,0.0,-139252.917527,-1.1400736911958254,0.0,0.0,165614.0,-163088.0,14793.0,328702.0,328702.0,0.0,-81606256.0,5775397.601618669,5880426.601618669,-0.8211345682306798,0.045004289599698204,0.6436714287439468,-0.6536409791033062,2.465220626462726,-0.8211345682306798,1.3884099381928774,0.0,-6.3764972437969165,-35.412768576588526,0.0,0.0,0.0,0.0,0.02827180850740184,-1.367233446447764,-29.759966205407792,0.0,0.048344381207527314,0.9960214054411796,0.0,-1.0429567512679834,0.0,-2.694633445918384,-1.7968352374523093,0.5821568990580671,0.0,0.8478639783104162,Software—Application,Technology,VS
2014Q3,2014,Q3,2014-09-30,2014-09-30,-61287.0,0.0,-49789.460481,-1.1979897650816487,0.0,0.0,330259.0,-32655.0,80737.0,362914.0,362914.0,0.0,-81379823.0,1591832.8191167999,1536990.8191167999,-0.638316587825951,0.22246868404084713,0.06145479759824865,-0.6215280967692544,4.028599440165062,-0.638316587825951,1.8768029398254478,0.0,-6.4933542966567135,-48.746985733174085,0.0,0.0,0.0,0.0,0.22246868404084713,-0.18557253549486918,-7.145633698957669,0.0,-0.06276933613452657,0.9007025566762137,0.0,-1.0020882764695915,0.0,-0.5013963743263107,-0.6324987704886221,0.7251978804561047,0.0,0.9632730466852475,Software—Application,Technology,VS
2014Q2,2014,Q2,2014-06-30,2014-06-30,-40820.0,0.0,-30498.926787,-1.127234033152426,0.0,0.0,1547.0,-616331.0,1547.0,617878.0,617878.0,0.0,-81318536.0,332851.47082560003,693937.4708256,-17.01960621876122,0.0025037305099064864,233.54169360051714,-0.5861931332352259,0.11958393828075375,-17.01960621876122,0.06623064554598097,0.0,-2.0385317909456155,-0.5400531059213313,0.0,0.0,0.0,0.0,0.0025037305099064864,-26.386554621848738,-65.20107166025466,0.0,-1.3776794035414723,0.9056809596554961,-1.0,-1.053773826272671,0.0,-1.3776794035414726,-2.2073926070992407,0.7916820178289719,0.0,-0.2343749869292917,Software—Application,Technology,VS
2014Q1,2014,Q1,2014-03-31,2014-03-31,-17168.0,0.0,-9508.947149,-0.4740900019882619,0.0,0.0,570.0,-575511.0,570.0,576081.0,576081.0,0.0,-81277716.0,374035.38587999996,721339.38588,-15.89238671195427,0.0009894441927437287,609.8456140350877,-0.6040058313394531,0.04172439172177148,-15.89238671195427,0.029830880730342253,0.0,-5.446694225885368,-0.6499187433081209,0.0,0.0,0.0,0.0,0.0009894441927437287,-30.119298245614036,-13.448221546758708,0.0,-0.09245943366210634,0.9840288132798717,-1.0,-1.0484259583865219,0.0,-0.09245943366210627,-0.5548933266388466,0.8341478623987221,0.0,-0.8353519549178562,Software—Application,Technology,VS
2013Q4,2013,Q4,2013-12-31,2013-12-31,-15715.0,0.0,-6115.498077,-0.4339657724397446,0.0,0.0,4669.0,-558343.0,4669.0,563012.0,563012.0,0.0,-81260548.0,360433.1747016,672122.1747016,-15.418302819429487,0.008292896066158448,67.4255729278218,-0.5638290441538624,0.025111578623841533,-15.418302819429487,0.02814578135662129,0.0,-5.733903511002227,-0.6455407781625273,0.0,0.0,0.0,0.0,0.006072694720538816,-3.365817091454273,-12.621534989725811,0.0,0.383411150782752,0.9994261230625506,-1.0,-1.043755218737151,0.0,0.383411150782752,0.6983106735021486,0.8750440628311431,0.0,-1.658068140659309,Software—Application,Technology,VS
2013Q3,2013,Q3,2013-09-30,2013-09-30,-25487.0,0.0,-20270.846662,-0.7038170946339021,0.0,0.0,2609.0,-542628.0,2609.0,545237.0,545237.0,0.0,-81244833.0,350617.0761288,626336.0761287999,-14.984342639383646,0.004785075114124683,106.32311230356459,-0.5112102582247875,0.07642713959529618,-14.984342639383646,0.04696956294183124,0.0,-3.4391756202063792,-0.6461463030451801,0.0,0.0,0.0,0.0,0.004785075114124683,-9.768876964354158,371.0233609828571,0.0,0.3819235619361723,0.9913434472514582,-1.0,-1.013565113618784,0.0,0.3819235619361723,0.4090117757876936,0.935044523961865,0.0,-5.43405538600424,Software—Application,Technology,VS
2013Q2,2013,Q2,2013-06-30,2013-06-30,-41236.0,0.0,-34299.916363,-1.1387217685221322,0.0,0.0,2139.0,-517141.0,2139.0,519280.0,519280.0,0.0,-81219346.0,356253.87582719995,626615.8758272,-14.280534614641152,0.004119164997689108,126.73913043478261,-0.5242187333821917,0.13940448681547352,-14.280534614641152,0.07973840790035987,0.0,-2.159847438083228,-0.6888911840817107,0.0,0.0,0.0,0.0,0.004119164997689108,-19.27816736792894,-19.398523050759593,0.0,-0.3084147734484071,0.9823017723948332,-1.0,-1.012340059950247,0.0,-0.3084147734484072,-0.2651700226168331,0.8214893589616707,0.0,-2.7533418552565148,Software—Application,Technology,VS
2013Q1,2013,Q1,2013-03-31,2013-03-31,-31516.0,0.0,-27110.914541,-0.8703064132491881,0.0,0.0,3281.0,-475905.0,3281.0,479186.0,479186.0,0.0,-81178110.0,573464.432736,819301.432736,-13.141827520503686,0.0068470280851276955,75.56690033526364,-0.5209758250070917,0.1189231677018906,-13.141827520503686,0.06622330086887089,0.0,-4.548994421373271,-1.2049977048696694,0.0,0.0,0.0,0.0,0.0068470280851276955,-9.605608046327339,-28.938004376848163,0.0,-0.82637923041261,0.9887267917659653,-1.0,-1.0107665083060238,0.0,-0.8263792304126101,-0.9673894744443811,0.810463216141139,0.0,-1.9048550109945201,Software—Application,Technology,VS
2012Q4,2012,Q4,2012-12-31,2012-12-31,-17256.0,0.0,-13780.146175,-0.47652009985493055,0.0,0.0,4605.0,-444389.0,4605.0,448994.0,448994.0,0.0,-81146594.0,892641.2595907275,1113085.2595907275,-12.271532322646564,0.010256261776326632,48.28642779587405,-0.5003701711788545,0.06206434344457956,-12.271532322646564,0.038830844147807436,0.0,-12.93233164682904,-2.008693418583105,0.0,0.0,0.0,0.0,0.010256261776326632,-3.747231270358306,-15.221356994589856,0.0,0.6269618228198365,0.9953642768369512,-1.0,-1.0109402368797664,0.0,0.6269618228198366,0.629777292946237,0.9983370727018622,0.0,-1.641971708482328,Software—Application,Technology,VS
2012Q3,2012,Q3,2012-09-30,2012-09-30,-46258.0,0.0,-37221.234442,-1.2774030354131534,0.0,0.0,3855.0,-427133.0,3753.0,430988.0,430988.0,0.0,-81129338.0,887742.249265402,1046570.249265402,-11.795018363571094,0.008707899059834613,41.34552529182879,-0.3731554340217216,0.1390169580199144,-11.795018363571094,0.10829882027377889,0.0,-4.7977768670576015,-2.07837429855666,0.0,0.0,0.0,0.0,0.008707899059834613,-11.999481193255512,-1614.0768168461855,0.0,0.3180504776506664,0.968369809010777,-1.0,-1.0096002792327443,0.0,0.31805047765066635,0.35929939157022056,0.8941220294685558,0.0,-1.0385878414830774,Software—Application,Technology,VS
2012Q2,2012,Q2,2012-06-30,2012-06-30,-67832.0,0.0,-58094.582637,-1.8731636192257561,0.0,0.0,6523.0,-380875.0,6319.0,387398.0,387398.0,0.0,-81083080.0,920593.8493200002,1069658.84932,-10.517631789688785,0.016311390353073583,23.02222903571976,-0.39428683951427634,0.25181764551085606,-10.517631789688785,0.1780951755825402,0.0,-3.392918715797854,-2.4170498177092226,0.0,0.0,0.0,0.0,0.016311390353073583,-10.398896213398743,-49.47833222186392,0.0,0.42313841548457326,0.983366879277463,-1.0,-1.007813695161471,0.0,0.42313841548457326,0.47561298046800377,0.8432668019439394,-1.0,-1.033230692731022,Software—Application,Technology,VS
2012Q1,2012,Q1,2012-03-31,2012-03-31,-117588.0,0.0,-110785.699251,-3.2471630448389877,0.0,0.0,14014.0,-313043.0,13709.0,327057.0,327057.0,0.0,-81015248.0,887632.77672,1009356.77672,-8.644492309391655,0.0419162408999043,9.022334808049093,-0.40390297818510557,,-8.644492309391655,0.3756289072108305,0.0,-1.887167008368201,-2.835497924310718,0.0,0.0,0.0,0.0,0.0419162408999043,-8.39075210503782,628.1902170700637,0.0,-0.19008967066777321,0.9043599647590085,-1.0,-1.0126289683527434,0.0,-0.19008967066777321,-0.33325856696502976,0.8906092786552628,-1.0,-1.026340777658797,Software—Application,Technology,VS
2011Q4,2011,Q4,2011-12-31,2011-12-31,-98806.0,0.0,-83093.933912,-2.7285028387961443,0.0,0.0,10807.0,-195455.0,10400.0,206262.0,206262.0,0.0,-80897660.0,908923.84794,1023881.84794,-5.39737110982244,0.050421308820820125,10.942907374849634,-0.6050497556982426,,-5.39737110982244,0.5055178941444323,0.0,-2.299768860038864,-4.650297244583152,0.0,0.0,0.0,0.0,0.050421308820820125,-9.142777829184787,-7.7144468977516745,0.0,0.37412520299876356,0.9948445065275673,0.0,-1.0131245361879078,0.0,0.131490352920494,0.21118116913647,0.9963918240737115,-1.0,-1.0153170654566634,Software—Application,Technology,VS
2011Q3,2011,Q3,2011-09-30,2011-09-30,-113765.0,0.0,-105339.693553,-4.359502654315627,0.0,0.0,30611.0,-453550.0,30103.0,484161.0,484161.0,0.0,-80805755.0,665906.7676800002,1021060.7676800002,-17.380058246474555,0.06217559861285812,12.292215216752147,-0.829626281556609,,-17.380058246474555,0.2508323227869033,0.0,-1.463338389838703,-1.4682102693859556,0.0,0.0,0.0,0.0,0.06217559861285812,-3.7164744699617787,-8.218128912858361,0.0,0.19434808473936974,0.6343855564856368,0.0,-1.0198836043616826,0.0,0.1942760418142157,0.24669137735172267,0.9463801625724885,-1.0,-1.015733921099405,Software—Application,Technology,VS
2011Q2,2011,Q2,2011-06-30,2011-06-30,-141196.0,0.0,-139836.038492,-5.411149122515668,0.0,0.0,20201.0,-359785.0,19591.0,379986.0,379986.0,0.0,-80691990.0,615144.65292,882218.65292,-13.788035563731126,0.05155716263230751,13.3273600316816,-0.7482968995372237,1.544142917788403,-13.788035563731126,0.3924454882777214,0.0,-1.0891679879741636,-1.7097562514279363,0.0,0.0,0.0,0.0,0.035022342928423676,-6.989554972526112,-12.081321619891195,0.0,-0.8929869015538484,0.9752985137736015,0.0,-1.0154699696985015,0.0,-0.8929869015538484,-0.9605326472304166,0.9158993242839701,-1.0,-1.0119144828988504,Software—Application,Technology,VS
2011Q1,2011,Q1,2011-03-31,2011-03-31,-74589.0,0.0,-71325.534257,-2.858524334253953,0.0,0.0,71924.0,-225949.0,71212.0,297873.0,297873.0,0.0,-80558154.0,618976.8699480001,828883.8699480001,-8.659040392427379,0.23906832777727421,3.656303876313887,-1.163873263435554,-1.9263114553433982,-8.659040392427379,0.3301143178327853,0.0,-2.0746251791416963,-2.7394539030843243,0.0,0.0,0.0,0.0,0.195355067428065,-1.0370530003892997,-11.11927838662044,0.0,0.17692171878793228,0.9846688339122415,0.0,-1.005180080772887,0.0,0.17692171878793228,0.26929556836422586,0.9629732947714145,-1.0,-1.007093962400725,Software—Application,Technology,VS
2010Q4,2010,Q4,2010-12-31,2010-12-31,-90622.0,0.0,-97612.018169,-3.4729677595726143,0.0,0.0,134597.0,-151360.0,133784.0,285957.0,285957.0,0.0,-80483565.0,641655.6350400001,789645.6350400001,-5.8005671801946805,0.4678465643435901,1.907367920533147,-1.6961284355179704,,-5.8005671801946805,0.5987182875264271,0.0,-1.7701431082959989,-4.239268201902749,0.0,0.0,0.0,0.0,0.39874876292589445,-0.6732839513510702,-8.744642531583468,0.0,0.6794747059460272,0.8154066942795576,0.0,-1.006450060247307,0.0,0.6793083801927221,0.22115701699872986,0.9662141499684525,-1.0,-1.0051712840189662,Software—Application,Technology,VS
2010Q3,2010,Q3,2010-09-30,2010-09-30,-282583.0,0.0,-125329.521225,-10.83523773006135,0.0,0.0,225433.0,-60738.0,224518.0,286171.0,286171.0,0.0,-80392943.0,654450.6854400001,712337.6854400001,-2.3289110429447852,0.7845588826261222,1.1089769465872343,-4.11603938226481,,-2.3289110429447852,4.652491027034147,0.0,-0.5789897883453712,-10.774979180084957,0.0,0.0,0.0,0.0,0.6919708845410611,-1.2535121299898417,-3.633878884378974,0.0,-0.6986107452351896,0.40364159925977794,0.0,-1.0020699184145279,0.0,-0.7031690735070759,0.2948424945906806,0.7317017057930567,-1.0,-1.0018955626546158,Software—Application,Technology,VS
2010Q2,2010,Q2,2010-06-30,2010-06-30,-165916.0,0.0,-177732.662935,-6.378882130856356,0.0,0.0,630621.0,211845.0,629604.0,418776.0,418776.0,0.0,-80110360.0,677756.8755000001,565546.8755000001,8.14475201845444,1.5034385924694824,0.0,0.0,,8.14475201845444,-0.7831952606858789,0.0,-1.0212349554895248,3.1993055087446014,0.0,0.0,0.0,0.0,1.488435344909928,-0.2630993893321028,-3.8357010900015287,0.0,-0.38923218621786826,0.7319881588803033,0.0,-0.9929255115367515,0.0,-0.3892321862178682,-0.7909422882986193,0.9433563098108908,-1.0,-0.9939491502735083,Software—Application,Technology,VS
2010Q1,2010,Q1,2010-03-31,2010-03-31,-119430.0,0.0,-99239.748872,-4.591660194846637,0.0,0.0,788579.0,377761.0,710961.0,410818.0,410818.0,0.0,-79944444.0,646647.56298,357740.56298000005,14.523683198769705,1.7305984645268708,0.0,0.0,,14.523683198769705,-0.31615227617461833,0.0,-1.353612080256217,1.7117901609218527,0.0,0.0,0.0,0.0,1.6989031639314733,-0.15144963282055443,27.513405224013958,0.0,0.983976008154351,0.8614697597082347,0.0,-0.9911458759581734,-1.0,0.9839760081543509,0.5800304970530125,0.8647571517627276,-1.0,-0.9787819655662993,Software—Application,Technology,VS
2009Q4,2009,Q4,2009-12-31,2009-12-31,-7453199.0,0.0,-236302.27475,-286.54908458989166,44523.0,0.0,907163.0,497191.0,748293.0,409972.0,409972.0,0.0,-79825014.0,673245.9612,407841.9612,19.115378700499807,1.825229527870196,0.0,0.0,,19.115378700499807,-14.990615276624075,0.0,-0.022582449536098528,1.3540992519977233,0.0,0.0,0.0,0.0,1.710143619564263,-8.215942449151916,-3.4264845365756833,0.0,-22.751142904075788,-9.990098891878473,0.0,-0.9766256976118717,34.50112866817156,-22.751203780715926,-1.1371693896052226,0.4585556915742208,0.0,-0.9535180230531664,Software—Application,Technology,VS
2009Q3,2009,Q3,2009-09-30,2009-09-30,-313803.0,0.0,-110567.873515,-12.064644036170517,-1329.0,0.0,8428478.0,7950391.0,600529.0,478087.0,478087.0,6396.0,-72371815.0,693778.61934,276101.61934,305.6667051134179,1.2561081978803021,0.0026183849563349397,0.002775838320404619,,305.6667051134179,-0.03947013423616524,0.0,-0.5527182813261824,0.08726345903490786,0.0,0.2077861163227017,0.0,0.0,0.9198032993994817,-0.0372312771060208,-18.741149662065425,0.0,-0.009503006282793169,0.7343788982369575,0.0,-0.735181580394714,0.6453162530024019,-0.009503006282793254,0.529422086166934,-0.011824883406047846,0.0,-0.6503029078025581,Software—Application,Technology,VS
2009Q2,2009,Q2,2009-06-30,2009-06-30,-310849.0,1858.0,-234961.884663,-11.951072915171522,-3747.0,-2.0166846071044136,8632060.0,8232257.0,374477.0,399803.0,399803.0,6396.0,-72056666.0,743565.0366,511800.0366,316.50353710111494,0.9366538019974837,0.0,0.0,-0.028541611937406716,316.50353710111494,-0.037759875572397704,400.1964674919268,-0.5980114433374404,0.09032335076516683,0.0,0.8763289555972483,0.0,0.0002152441016397013,0.7798490756697674,-0.036010986948654206,-1.9497873032355508,-2.0166846071044136,0.5973839261313373,0.7314320315815477,0.0,-0.6571370026985426,0.9128483044145694,0.5973839261313373,0.594040215038689,0.9454430012379931,0.0,-0.6448877647732298,Software—Application,Technology,VS
2009Q1,2009,Q1,2009-03-31,2009-03-31,-772073.0,3396.0,-578781.183179,-29.683546412680183,-42994.0,-12.660188457008244,9044475.0,8535938.0,365826.0,508537.0,508537.0,6931.0,-71745817.0,807485.652,564293.652,328.17908496732025,0.719369485406175,0.0,0.0,-0.06780522341879709,328.17908496732025,-0.09044969633097148,237.77551590106006,-0.2614667434297016,0.09459835017545817,0.0,6.69311787620834,0.0,0.0003754778469728757,0.5778065312848426,-0.08536404821728182,-1.207865177413492,-12.660188457008244,0.9607457301036022,0.32994141820839556,0.0,-0.6665825826692695,-1.173836045688871,0.9607457301036022,-4.139264590519011,0.8407941305719985,0.0,-0.8036740688275874,Software—Application,Technology,VS
2008Q4,2008,Q4,2008-12-31,2008-12-31,-19668510.0,50249.0,184368.397913,-756.1864350304496,247325.0,4.921988497283528,9698661.0,9165308.0,1019933.0,533353.0,533353.0,6735.0,-70973744.0,777988.7514,320262.75139999995,352.3763168012303,1.912303858795207,0.0,0.0,,352.3763168012303,-2.1459737086849673,15.482671324802483,-0.009888760655992751,0.08488408151695502,0.0,-29.261469933184856,0.0,0.005181024473378335,1.7546746713714931,-2.027961385597455,-0.11968980375819109,4.921988497283528,-8.30083359184075,-4.27789149659027,0.0,-0.5007911979527983,10.93911750522424,-8.30083359184075,1.0874862940550296,-39.19333764119108,0.0,-0.6081678907448093,Software—Application,Technology,VS
2008Q3,2008,Q3,2008-09-30,2008-09-30,-2114704.0,155585.0,-2107397.50614,-81.30308187578174,-24884.0,-0.15993829739370763,29196211.0,28731256.0,1881252.0,425055.0,464955.0,5829.0,-51305234.0,680348.2518,-262065.74820000003,1104.6234525182622,4.42590253026079,0.0,0.0,,1104.6234525182622,-0.07360290827522473,4.372839616929652,-0.080430671597538,0.023679725376433248,0.0,30.9605421170012,0.0,0.005328944910009042,3.7643904906423873,-0.07243076849937823,0.13689785500319834,-0.15993829739370763,-0.2636505311062882,-0.31228707310580806,0.0,0.3342327855167327,-1.1052693921754433,-0.26365053110628817,-0.16527579999921363,-3.4748463891642376,0.0,-0.018219080366565683,Software—Application,Technology,VS
2008Q2,2008,Q2,2008-06-30,2008-06-30,-1673488.0,418102.0,-1808496.757713,-64.3398470339765,236384.0,0.5653739996460194,31602023.0,30100073.0,3967356.0,1464503.0,1501950.0,24151.0,-49190530.0,652195.0278000002,-866638.9721999998,1157.2500192233756,2.709011862727492,0.0,0.0,,1157.2500192233756,-0.05559747313569638,1.559894542001713,-0.09743049065783563,0.021667556347786936,0.0,7.524243302554759,0.0,0.013230228963506546,2.171481383104029,-0.052955090881365414,-0.7031221663055081,0.5653739996460194,0.16659651487808036,-0.05192831718821956,0.0,1.0754058963234634,10.92774245635281,0.1533990248462853,0.04358603644719268,-1.7032630968183842,0.0,0.005181237137700926,Software—Application,Technology,VS
2008Q1,2008,Q1,2008-03-31,2008-03-31,-1976714.0,214297.0,-1890914.213543,-77.20131746816986,19818.0,0.09247912943251656,31800308.0,31254004.0,5141419.0,511394.0,546304.0,23067.0,-47517042.0,645819.0399000001,-2952037.9601,1220.6211286858036,10.05373352053407,0.0,0.0,,1220.6211286858036,-0.06324674432114362,3.01366346659076,-0.08167836114632669,0.020663561695967024,0.0,8.431048684267568,0.0,0.0067388341018583845,9.741696226392957,-0.062160215555144935,-0.08837599056055111,0.09247912943251656,0.24896370871837273,-0.8770310785598037,14.901749658269871,1.6841648248982106,-0.9159759349786527,0.2489637087183727,0.15450103186456018,-1.3291130321558138,0.0,-0.25586845061630453,Software—Application,Technology,VS
2007Q4,2007,Q4,2007-12-31,2007-12-31,-2631982.0,57668.0,-2236447.689242,-102.79305855703387,235861.0,4.089980578483734,31848989.0,28720821.0,6815912.0,3107580.0,3128168.0,23428.0,-45540328.0,628371.2808000001,-4491952.7192,1121.6879906268307,2.193318273383147,0.000646425542738578,0.0007168318760804226,,1121.6879906268307,-0.09164020763891116,10.89635986682389,-0.05968613014830649,0.021878597439815527,0.0,-7.605984292299812,0.0,0.00181066972015972,2.02124064384505,-0.08263942067360443,-0.029073920944562515,4.089980578483734,-1.5452845036708318,0.2081949075131862,1.9696121385035912,1.2620245881742729,12.804264050848307,-1.596915845340369,-0.4057239941171233,-2.9423698986629714,0.0,0.37160109087234444,Software—Application,Technology,VS
2007Q3,2007,Q3,2007-09-30,2007-09-30,-1013503.0,64906.0,-1590957.896857,-40.38568514002455,-19981.0,-0.30784519150771883,32841391.0,30833247.0,10866011.0,2008144.0,2008144.0,23797.0,-42908346.0,612360.9710400001,-7760220.02896,1228.612009882053,5.410972021926715,0.0,0.0,,1228.612009882053,-0.03287045960485446,9.434581872862294,-0.15105060642149062,0.01986041142666551,0.0,3.567130310543346,0.0,0.0019763474695697267,4.960027268960792,-0.030860538154428355,0.09274261995517055,-0.30784519150771883,0.6413858883031036,-0.5838788216312473,-0.14367370885448677,2.8672344219271624,-1.156010150302557,0.42468113464919277,0.060325871828318986,0.11086774042624484,0.0,0.06442437243635796,Software—Application,Technology,VS
2007Q2,2007,Q2,2007-06-30,2007-06-30,-1761637.0,141373.0,-1693095.34993,-112.61599536316872,128075.0,0.9059367771781033,24244835.0,21056275.0,14216848.0,3188560.0,3188560.0,0.0,-41894842.0,409638.5481,-9222056.4519,1346.050949306399,4.458704869909928,0.0,0.0,,1346.050949306399,-0.08366327852386046,2.8975727196848053,-0.05813322326052417,0.01945446419653999,0.0,0.0,0.0,0.0058310563878863275,4.107389856236044,-0.0726603006372285,-0.09917136950375162,0.9059367771781033,-2.316917033412187,-0.22484759999081988,2.7076099029594975,0.0,-0.05220898394138977,-3.0020741467714416,-3.5443129526622545,-1.5307046878225599,0.0,0.45815451930391154,Software—Application,Technology,VS
2007Q1,2007,Q1,2007-03-31,2007-03-31,-440181.0,191023.0,-372574.549237,-33.95200851536468,135130.0,0.7074017264936683,9927417.0,8874505.0,3148450.0,1019184.0,1052912.0,0.0,-40133195.0,368151.28770000004,40455.287699999986,684.4971075973775,3.0891870359032323,0.0654842039978778,0.07325355047971689,,684.4971075973775,-0.0496006256123581,1.9272615742606913,-0.2090908556366586,0.04148414899760607,0.0,0.0,0.0,0.0192419639469159,2.600643259705804,-0.04433993253229919,-0.0877080274422842,0.7074017264936683,0.9358480001259194,0.38560064812476186,20257.898958735055,0.0,0.0,0.9358480001259194,0.9125136145990554,0.233603465110399,0.0,-0.30457707928523536,Software—Application,Technology,VS
