Quarters,Year,Quarter,FillingDate,Date,NetIncome,Revenue,OperatingIncome,EPSDiluted,GrossProfit,GrossProfitRatio,TotalAssets,CommonStockEquity,CurrentAssets,CurrentLiability,TotalLiability,Inventory,RetainedEarnings,MarketCap,EnterpriseValue,bookValuePerShare,currentRatio,debtToAssets,debtToEquity,roic,shareholdersEquityPerShare,roe,priceToSalesRatio,peRatio,pbRatio,payoutRatio,inventoryTurnover,dividendYield,assetTurnover,quickRatio,returnOnAssets,priceToFreeCashFlowsRatio,grossProfitMargin,epsdilutedGrowth,fiveYNetIncomeGrowthPerShare,fiveYRevenueGrowthPerShare,fiveYShareholdersEquityGrowthPerShare,grossProfitGrowth,netIncomeGrowth,operatingIncomeGrowth,threeYNetIncomeGrowthPerShare,threeYRevenueGrowthPerShare,threeYShareholdersEquityGrowthPerShare,Industry,Sector,Symbol
2023Q1,2023,Q1,2023-05-05,2023-03-31,84110000.0,1126223000.0,125670000.0,2.02,368846000.0,0.3275070745,2881063000.0,955774000.0,1071064000.0,803601000.0,1925289000.0,58196000.0,1325106000.0,3432718879.9999995,4388003880.0,23.09860312243221,1.3328305962785014,0.34417504927868636,1.0374732938958373,0.04666109093481041,23.09860312243221,0.08800197536237646,3.0479921649620008,10.203064082748782,3.5915591761232255,0.0,13.014244965289711,0.0,0.3909053706913039,1.3195727730552849,0.029194085655190462,132.2973322542105,0.32750707453142053,0.07446808510638304,1.2733289467640854,1.486545874075744,0.8400136559154905,-0.01707381420001972,0.02827732068413267,0.05368626694726957,6.425199728959408,1.1395797669349923,0.46036036908643535,Medical Care Facilities,Healthcare,AMN
2022Q4,2022,Q4,2023-02-22,2022-12-31,81797000.0,1125511000.0,119267000.0,1.88,375253000.0,0.3334067815,2888351000.0,1043634000.0,1093645000.0,857933000.0,1844717000.0,0.0,1240996000.0,4442955020.0,5239386020.0,24.152044618268498,1.2747440650959923,0.29807838451767116,0.8249587499065765,0.04721620209788529,24.152044618268498,0.07837709388540427,3.947500308748648,13.579211401396138,4.257196507587909,0.0,0.0,0.0,0.38967251556337856,1.2473211777609674,0.028319619049069867,48.9711330820272,0.33340678145304664,-0.10476190476190485,1.1896010365387375,1.4363739904011952,1.0444744174638894,-0.025382701427955515,-0.11518200010817242,-0.12540332042707966,2.217603182960989,1.0731703864792763,0.5313562417415817,Medical Care Facilities,Healthcare,AMN
2022Q3,2022,Q3,2022-11-04,2022-09-30,92445000.0,1138586000.0,136368000.0,2.1,385026000.0,0.3381615442,3018261000.0,1132633000.0,1206166000.0,891246000.0,1885628000.0,44783000.0,1159199000.0,4639458600.0,5345956600.0,25.86805983784401,1.353348009416031,0.2856681380437278,0.7612536452672666,0.04913288365859236,25.86805983784401,0.08161955373011381,4.0747546518225235,12.546537400616582,4.09617113398603,0.0,16.826920929817117,0.0,0.3772324527269179,1.347497772781028,0.030628563931349873,51.96584415148019,0.33816154423117795,-0.2418772563176895,2.59636298762063,1.520002971363981,1.3288102438200415,-0.1634179781286598,-0.2532714054927302,-0.2569837576893529,3.1909842157560973,1.138470824903963,0.7124331007213757,Medical Care Facilities,Healthcare,AMN
2022Q2,2022,Q2,2022-08-05,2022-06-30,123800000.0,1426607000.0,183533000.0,2.77,460237000.0,0.3226095204,3008780000.0,1039344000.0,1190222000.0,957379000.0,1969436000.0,58471000.0,1066754000.0,4882533840.0,5666005840.0,23.35394571274492,1.2432088023656254,0.28677038533890814,0.8301669129758771,0.06815217575682979,23.35394571274492,0.11911359472898289,3.4224799401657218,9.859721001615508,4.6977072461090845,0.0,16.52733833866361,0.0,0.47414799353890946,1.2233754866150186,0.04114624532202421,23.680813654022437,0.32260952035143525,-0.10355987055016176,3.264642697614184,2.1359159869418445,1.2006789935178637,-0.07241700391802776,-0.15210125472576846,-0.11734549109568948,3.4945440780558465,1.793853629951369,0.6009074184722739,Medical Care Facilities,Healthcare,AMN
2022Q1,2022,Q1,2022-05-06,2022-03-31,146008000.0,1552538000.0,207933000.0,3.09,496168000.0,0.3195850923,3248672000.0,1080932000.0,1478766000.0,1147581000.0,2167740000.0,69947000.0,942954000.0,4894433290.0,5644570290.0,23.041203930680194,1.2885940077432443,0.26583754838900325,0.7989577512739007,0.0778747142927483,23.041203930680194,0.1350760269841211,3.152536871883329,8.38041972015232,4.527975201030222,0.0,15.102434700558995,0.0,0.4778992769968775,1.2055811310922715,0.044943903231843656,26.226032364367047,0.3195850922811551,0.27685950413223137,3.646107257957322,2.1934484403780523,1.3090252959087278,0.14238876417429344,0.2563394339898638,0.23334302135913115,3.2672326199337247,1.9078693719309967,0.658435235055743,Medical Care Facilities,Healthcare,AMN
2021Q4,2021,Q4,2022-02-24,2021-12-31,116217000.0,1363045000.0,168593000.0,2.42,434325000.0,0.3186431849,3131906000.0,1162027000.0,1349068000.0,969390000.0,1969879000.0,0.0,796946000.0,5840278860.0,6526419860.0,24.339721838213734,1.3916669245608062,0.2768502630666438,0.746169409144538,0.06007694891330012,24.339721838213734,0.10001230608238879,4.284729308276689,12.563305841658277,5.025940756970362,0.0,0.0,0.0,0.43521261493799623,1.2479786257337089,0.03710743553606015,74.88977187920754,0.3186431849278637,0.5714285714285714,3.4162571966706534,1.7976833722351016,1.589294081435314,0.4199892109263891,0.5700120232900585,0.5930699524704949,2.2006506849050402,1.5288988444565144,0.7836076856826526,Medical Care Facilities,Healthcare,AMN
2021Q3,2021,Q3,2021-11-05,2021-09-30,74023000.0,877800000.0,105829000.0,1.54,305865000.0,0.348444976076555,2708997000.0,1042478000.0,899531000.0,641186000.0,1666519000.0,0.0,680729000.0,5479730230.0,6214116230.0,21.83794540922136,1.4029174061816696,0.3216788353770787,0.8359188395342636,0.0400688173577082,21.83794540922136,0.07100677424367709,6.242572601959444,18.506849999324533,5.256446879454531,0.0,0.0,0.0,0.3240313665906607,1.3254921348875366,0.027324873375644196,4959.0318823529415,0.348444976076555,0.10791366906474831,1.7295867644563645,0.8693817963872942,1.4223380473106058,0.09026067305190291,0.10862662872547552,0.0671042813640672,1.6263937399209163,0.6504130236638804,0.6798364891665168,Medical Care Facilities,Healthcare,AMN
2021Q2,2021,Q2,2021-08-06,2021-06-30,66770000.0,857445000.0,99174000.0,1.39,280543000.0,0.3271848340126772,2632443000.0,966382000.0,790103000.0,582563000.0,1666061000.0,0.0,606706000.0,4621969820.0,5411150820.0,20.27700958895487,1.3562533150921017,0.35278066799547037,0.960981268276934,0.03751267350830775,20.27700958895487,0.06909276041979259,5.3903980080355005,17.305563202036844,4.782756528991641,0.0,0.0,0.0,0.3257221523884848,1.2702523160585206,0.02536427189496601,28.897786822723237,0.3271848340126772,-0.05442176870748304,1.5566208100480514,0.8242322485595379,1.4174442691489884,-0.02881939155600482,-0.05126602063144733,-0.05007566904848566,0.8790732650118674,0.5361490114779831,0.5667121819465879,Medical Care Facilities,Healthcare,AMN
2021Q1,2021,Q1,2021-05-10,2021-03-31,70378000.0,885945000.0,104402000.0,1.47,288868000.0,0.3260563579003211,2643122000.0,894060000.0,830357000.0,598994000.0,1749062000.0,0.0,539936000.0,3508120000.0,4415644000.0,18.7827731092437,1.3862526168876483,0.37298656664353746,1.102665369214594,0.03908557048754641,18.7827731092437,0.07871731203722346,3.959749194363081,12.461706783369804,3.9238082455316197,0.0,0.0,0.0,0.33518884107506197,1.3002717890329452,0.026626845071850636,127.45676500508647,0.3260563579003211,6.7368421052631575,1.737356977349678,0.9047290678999108,1.4065159540359105,0.3918733346503549,6.561022776106575,2.642904497714505,0.6535377430651743,0.7003619876376795,0.4962185736421081,Medical Care Facilities,Healthcare,AMN
2020Q4,2020,Q4,2021-02-26,2020-12-31,9308000.0,631271000.0,28659000.0,0.19,207539000.0,0.32876371637537605,2353507000.0,819677000.0,533735000.0,422957000.0,1533830000.0,0.0,469558000.0,3240168750.0,4088636750.0,17.26544497103739,1.2619131495636673,0.3729247459217245,1.0707644596591097,0.024926561256562105,17.26544497103739,0.011355692547186269,5.132769840528077,87.02644902234637,3.9529823942845774,0.0,0.0,0.0,0.26822567343118164,1.2938312878141276,0.003954948933655179,109.83622881355932,0.32876371637537605,-0.6545454545454545,-0.5362302165637963,0.5755716249653174,1.367459494260658,0.12406232905276955,-0.6429201672612882,-0.38317334596013947,-0.7732155188591895,0.24376803998940247,0.46152266225596,Medical Care Facilities,Healthcare,AMN
2020Q3,2020,Q3,2020-11-06,2020-09-30,26067000.0,551631000.0,46462000.0,0.55,184633000.0,0.334703814687717,2344865000.0,807073000.0,513703000.0,386168000.0,1537792000.0,0.0,460250000.0,2775446960.0,3636273960.0,16.99959979779257,1.330257815251393,0.3920251272461314,1.138987427407434,0.019595184691956258,16.99959979779257,0.03229819359587051,5.031346969260248,26.618396439943226,3.4389044857156663,0.0,0.0,0.0,0.23525064342723356,1.3682205672142695,0.01111663144786587,34.23096891958559,0.334703814687717,0.17021276595744697,-0.2220491229430962,0.4468292313316544,1.5016249309646503,-0.06533866558671661,0.1676147816349384,0.20991640842686388,-0.06476149831910757,0.12599149596580464,0.5304140472113582,Medical Care Facilities,Healthcare,AMN
2020Q2,2020,Q2,2020-08-07,2020-06-30,22325000.0,608351000.0,38401000.0,0.47,197540000.0,0.32471385762495664,2364816000.0,777406000.0,518639000.0,384536000.0,1587410000.0,0.0,434183000.0,2143606920.0,3079938920.0,16.406854779140197,1.3487397798905694,0.4141544204707681,1.259829484207737,0.017117878735428624,16.406854779140197,0.02871729829715747,3.5236350725157024,24.004556774916015,2.757384069585262,0.0,0.0,0.0,0.2572508812524949,1.2173372584101358,0.009440480781591465,30.29833102473498,0.32471385762495664,0.7407407407407405,0.4123831444948982,0.7443977696563369,1.7097928134761267,-0.02239862223233993,0.721943694562283,0.07436421117421593,-0.2776794570686895,0.2560033206369255,0.546043700977167,Medical Care Facilities,Healthcare,AMN
2020Q1,2020,Q1,2020-05-11,2020-03-31,12965000.0,602461000.0,35743000.0,0.27,202066000.0,0.33540096371383377,2460133000.0,749080000.0,600594000.0,373060000.0,1711053000.0,0.0,411858000.0,2737823790.0,3745104790.0,15.81705694799299,1.6099126145928269,0.44907734663125937,1.4748624979975438,0.00959310736665761,15.81705694799299,0.017307897687830406,4.544400035852943,52.79259139992288,3.654915082501202,0.0,0.0,0.0,0.24488960556197573,1.4742266659518577,0.005270040278310156,75.22733939660384,0.33540096371383377,-0.5344827586206896,0.05714547622904331,0.831246052923466,1.7541095602799406,0.025023714953863636,-0.5282366639982534,-0.23899250553568388,-0.5913271531670494,0.22754463013728854,0.5850727552961923,Medical Care Facilities,Healthcare,AMN
2019Q4,2019,Q4,2020-02-25,2019-12-31,27482000.0,586892000.0,46968000.0,0.58,197133000.0,0.3358931455872631,1931646000.0,736742000.0,560499000.0,378105000.0,1194904000.0,0.0,400047000.0,2910687030.0,3458804030.0,15.771669556654464,1.4823898123537114,0.32671721423076483,0.8566119482804021,0.022994357667557714,15.771669556654464,0.0373020677523475,4.959493450242975,26.4781223164253,3.950754850408963,0.0,0.0,0.0,0.3038299978360424,1.360384020311818,0.014227244536524809,42.744504442323226,0.3358931455872631,0.18367346938775503,1.7726652900431301,1.0951244636491315,1.8665257291265696,0.03737284969294483,0.1687008292579205,0.1819119756410579,0.06732303380525856,0.23114556885295084,0.6778125448123834,Medical Care Facilities,Healthcare,AMN
2019Q3,2019,Q3,2019-11-04,2019-09-30,23515000.0,567597000.0,39739000.0,0.49,190031000.0,0.3347991620815473,1861074000.0,705104000.0,506932000.0,343909000.0,1155970000.0,0.0,372565000.0,2686728120.0,3275016120.0,15.106026522698546,1.4740294670974008,0.33799623228307957,0.8921180421611564,0.0203133126700274,15.106026522698546,0.033349690258458325,4.733513602080349,28.563981713799702,3.8103997708139508,0.0,0.0,0.0,0.3049835740008189,1.3446638500300951,0.012635177322341831,37.4874859773964,0.3347991620815473,-0.19672131147540983,1.7590310211755011,1.139222427907507,1.8650103518304546,0.05842087088257901,-0.18545845024074267,-0.11996190982372221,-0.11319651409586133,0.23621699904691978,0.675611056989107,Medical Care Facilities,Healthcare,AMN
2019Q2,2019,Q2,2019-08-07,2019-06-30,28869000.0,535177000.0,45156000.0,0.61,179542000.0,0.3354815322781061,1856088000.0,680440000.0,489868000.0,316824000.0,1175648000.0,0.0,349050000.0,2525772600.0,3184263600.0,14.587942715033016,1.5461833699467211,0.3660537646921913,0.9985127270589619,0.022681257317233652,14.587942715033016,0.04242695902651226,4.719508872765459,21.872706016834666,3.71196960790077,0.0,0.0,0.0,0.28833600562042316,1.3977444890538595,0.015553680644452202,126.9041149575441,0.3354815322781061,-0.1408450704225352,2.9992878996391563,1.125373525901417,1.9024639326559232,0.01574460140643475,-0.15394759978899245,0.0023084435763118176,0.1294469130960421,0.16337690022804827,0.7391883334877871,Medical Care Facilities,Healthcare,AMN
2019Q1,2019,Q1,2019-05-03,2019-03-31,34122000.0,532441000.0,45052000.0,0.71,176759000.0,0.3319785666393084,1637825000.0,649986000.0,488887000.0,333270000.0,987839000.0,0.0,320181000.0,2259199360.0,2723222360.0,13.893339603283174,1.4669397185465238,0.2949881702868133,0.7433067789152382,0.03134518408521848,13.893339603283174,0.05249651530956052,4.2430980333971275,16.552366215344936,3.475766185733231,0.0,0.0,0.0,0.3250902874238701,1.320112821436073,0.020833727657106223,78.61913140311805,0.3319785666393084,-0.04054054054054058,3.4309801672962763,1.1900741063380817,1.863789577468031,0.02495129192373707,-0.04186673405778789,-0.10213842995794886,0.3503258968593681,0.16468247403735928,0.78006427568917,Medical Care Facilities,Healthcare,AMN
2018Q4,2018,Q4,2019-02-21,2018-12-31,35613000.0,528635000.0,50177000.0,0.74,172456000.0,0.3262288724734458,1492721000.0,638990000.0,482166000.0,307270000.0,853731000.0,0.0,286059000.0,2653104500.0,3079855500.0,13.646342765616657,1.5691932176912813,0.29517036338337843,0.6895366124665487,0.03284526355094427,13.646342765616657,0.05573326656129204,5.018783281470202,18.624550725858533,4.152028200754315,0.0,0.0,0.0,0.3541418657605808,1.4015979431770105,0.02385777382377551,55.66381679709628,0.3262288724734458,0.2758620689655173,3.1877869152658636,1.0889494206931638,1.8835421308062863,-0.015364236898148413,0.27562862669245647,0.17689691567960597,0.7990441505735714,0.33772059434327406,0.8712036554278989,Medical Care Facilities,Healthcare,AMN
2018Q3,2018,Q3,2018-11-02,2018-09-30,27918000.0,526842000.0,42635000.0,0.58,175147000.0,0.3324469195698141,1490402000.0,614720000.0,479839000.0,303088000.0,875682000.0,0.0,250446000.0,2484406440.0,2936208440.0,13.000042295816943,1.583167264952753,0.3156302796158352,0.7652524726704841,0.02887638574141496,13.000042295816943,0.045415799062988024,4.715657521609894,22.247353320438428,4.041525312337324,0.0,0.0,0.0,0.35348986380855635,1.4281066884865121,0.018731858921284324,71.71452934214705,0.3324469195698141,-0.20547945205479456,2.151534590675297,0.9928738858645022,1.870380776174608,-0.0321017263865249,-0.21421937009203748,-0.22220195202043236,-0.16345950498462686,0.3873643907582411,0.9130585600628984,Medical Care Facilities,Healthcare,AMN
2018Q2,2018,Q2,2018-08-03,2018-06-30,35529000.0,558108000.0,54815000.0,0.73,180956000.0,0.3242311523934436,1473263000.0,616744000.0,468521000.0,283239000.0,856519000.0,0.0,222528000.0,2792465800.0,3244796800.0,12.942396071600948,1.6541542654789771,0.3225663035045338,0.7705385054414797,0.03681941842207637,12.942396071600948,0.05760737031896541,5.003450586624811,19.6492006529877,4.527755113953278,0.0,0.0,0.0,0.3788244189937574,1.4625245817136765,0.02411585711444596,51.45600250603475,0.3242311523934436,-0.16091954022988508,3.0868720170324244,1.1233306896103956,2.010524103900669,0.07824864143388312,-0.16756870738736207,-0.0069926269451640365,1.2349939387356703,0.5912625851300282,1.1375950684085845,Medical Care Facilities,Healthcare,AMN
2018Q1,2018,Q1,2018-05-04,2018-03-31,42681000.0,522489000.0,55201000.0,0.87,167824000.0,0.3212010204999531,1272552000.0,599216000.0,489370000.0,251179000.0,673336000.0,0.0,186999000.0,2708847750.0,2974382750.0,12.553495485303669,1.9482918556089481,0.2514899194689097,0.5340878748231022,0.051397661555650676,12.553495485303669,0.07122807134655951,5.1845067551661375,15.866824523792788,4.5206532368962105,0.0,0.0,0.0,0.41058361465779003,1.744345665839899,0.03353969032306735,50.13413810334617,0.3212010204999531,0.03571428571428575,4.416396979718925,0.9890232267116726,2.0036731011031335,0.035362633566122945,0.036777030145504895,0.037671297253604526,2.452873071774219,0.5757187687401831,1.1858492414034665,Medical Care Facilities,Healthcare,AMN
2017Q4,2017,Q4,2018-02-16,2017-12-31,41167000.0,509076000.0,53197000.0,0.84,162092000.0,0.31840432469808044,1253957000.0,562527000.0,474153000.0,265272000.0,691430000.0,0.0,142229000.0,2345186500.0,2649882500.0,11.81332689319165,1.787421966886818,0.25506696003132484,0.5685824858184585,0.05126319739717915,11.81332689319165,0.07318226502905638,4.606751251286645,14.24190796025943,4.169020331468534,0.0,0.0,0.0,0.40597564350292714,1.5929046412738623,0.03282967438277389,246.36899884441644,0.31840432469808044,0.4736842105263159,4.5917733354047385,0.976182510912614,1.9718355561047334,0.016002356790502634,0.4635594425483504,0.04660816872589911,3.074411965309826,0.7827927941844464,1.147090728998248,Medical Care Facilities,Healthcare,AMN
2017Q3,2017,Q3,2017-11-03,2017-09-30,28128000.0,494406000.0,50828000.0,0.57,159539000.0,0.3226882359841911,1191390000.0,532199000.0,442473000.0,244967000.0,659191000.0,0.0,101062000.0,2189578400.0,2489605400.0,11.10784354650192,1.806255536460013,0.26830173159083087,0.6006249541994629,0.03649264853300047,11.10784354650192,0.05285241047051949,4.4287051532546124,19.46084328782708,4.114209910202763,0.0,0.0,0.0,0.4149824994334349,1.6345915980519825,0.02360939742653539,108.5723409530421,0.3226882359841911,-0.09523809523809532,3.09390015757237,0.7282172119333804,2.013504382394062,-0.0091483864556679,-0.1000479923212286,-0.09847463639588507,2.215208114511856,0.8153410142942548,1.1067146082010217,Medical Care Facilities,Healthcare,AMN
2017Q2,2017,Q2,2017-08-04,2017-06-30,31255000.0,489803000.0,56380000.0,0.63,161012000.0,0.3287280804731698,1188970000.0,508492000.0,441044000.0,266328000.0,680478000.0,0.0,72934000.0,1871119799.9999998,2185774800.0,10.612154603890142,1.656018143041663,0.2838868936979066,0.663792154055521,0.040481734963798255,10.612154603890142,0.06146606042966261,3.8201476920312856,14.96656374980003,3.6797428474784257,0.0,0.0,0.0,0.4119557263850223,1.4797768165570275,0.026287458892991413,152.98175128771155,0.3287280804731698,-0.030769230769230795,329.6400764094367,0.7692510598375546,2.0533999082373775,-0.004722579369004055,-0.02352536865783554,0.08350148938214663,3.214884345602859,0.8935400581738651,1.1114283615755156,Medical Care Facilities,Healthcare,AMN
2017Q1,2017,Q1,2017-05-05,2017-03-31,32008000.0,495169000.0,52035000.0,0.65,161776000.0,0.32670865906387514,1211047000.0,476805000.0,472224000.0,277688000.0,734242000.0,0.0,41679000.0,1939949200.0,2264500200.0,9.97875769118078,1.700556019705569,0.29913124758989534,0.7597697171799792,0.04231928446996496,9.97875769118078,0.06713016851752814,3.9177517170905287,15.15206510872282,4.068642736548484,0.0,0.0,0.0,0.4088767818259737,1.5172819855377258,0.026430022947086282,41.43773923444976,0.32670865906387514,0.20370370370370366,5.356612677964183,0.857201025350935,1.8800944060700029,0.01998663354475871,0.2146787598193617,0.04569843853620305,3.0696484300448637,0.9942233403729971,1.0568893504430963,Medical Care Facilities,Healthcare,AMN
2016Q4,2016,Q4,2017-02-17,2016-12-31,26351000.0,487858000.0,49761000.0,0.54,158606000.0,0.32510689585904096,1186881000.0,449383000.0,450628000.0,274790000.0,737498000.0,0.0,9671000.0,1838140700.0000002,2190460700.0,9.400138057984353,1.6398995596637431,0.30579476796747107,0.8076451490154278,0.03722691877669266,9.400138057984353,0.05863817723411878,3.767778123962301,17.43900326363326,4.090365456637212,0.0,0.0,0.0,0.4110420505509819,1.463637686960952,0.022201888816149217,42.96729079008883,0.32510689585904096,-0.018181818181818195,10.185122656499862,1.2848356062905826,1.8116085319866218,0.026795367295279898,-0.0346204572098476,0.06593406593406594,2.0350684893730477,0.8882557720956836,0.9862973245761503,Medical Care Facilities,Healthcare,AMN
2016Q3,2016,Q3,2016-11-04,2016-09-30,27296000.0,472636000.0,46683000.0,0.55,154467000.0,0.32682021682647955,1169769000.0,433173000.0,433657000.0,240076000.0,736596000.0,0.0,-16679000.0,1531321678.049,1900656678.049,9.015234448167496,1.8063321614821972,0.32916156950645814,0.8888896584043788,0.0356645249007867,9.015234448167496,0.06301408444201277,3.2399598804344145,14.02514725645699,3.5351272541201784,0.0,0.0,0.0,0.40404216558995837,1.6216114896949299,0.023334521602128285,61.924124632981524,0.32682021682647955,0.03773584905660381,1.851676053265856,0.6371434621271337,1.6717032238456946,-0.0018481063371954018,0.03700326722893397,-0.02495927148168261,2.032389674465007,0.7594399507402708,0.990543958541861,Medical Care Facilities,Healthcare,AMN
2016Q2,2016,Q2,2016-08-05,2016-06-30,26322000.0,473729000.0,47878000.0,0.53,154753000.0,0.32666988932490937,1180438000.0,402899000.0,442573000.0,301604000.0,777539000.0,0.0,-43976000.0,1919919028.0340002,2310626028.0340004,8.387787816962984,1.4673976472460577,0.34882729969723103,1.0220154430763044,0.0343170216199649,8.387787816962984,0.06533150988212927,4.052779179729339,18.23492732347466,4.765261338533976,0.0,0.0,0.0,0.4013162910716192,1.3237291282608985,0.022298502759145335,139.3568286298904,0.32666988932490937,0.0,25.71115693419498,0.6664142299505251,1.1044478566037954,0.01879550751161964,0.01751130696973211,0.012005918410484042,2.003782146553997,0.7880137479542089,0.9510790167193408,Medical Care Facilities,Healthcare,AMN
2016Q1,2016,Q1,2016-05-06,2016-03-31,25869000.0,468002000.0,47310000.0,0.53,151898000.0,0.3245669890299614,1094501000.0,373811000.0,412962000.0,290854000.0,720690000.0,0.0,-70298000.0,1609717387.8939998,1962107387.8939998,7.804965131331691,1.4198257545022588,0.34307506343073235,1.0045076255112877,0.03706964692037797,7.804965131331691,0.06920342098012097,3.4395523692078234,15.556432292454286,4.30623333153385,0.0,0.0,0.0,0.4275939446377847,1.2903587366857598,0.023635428382431812,56.26611863029116,0.3245669890299614,0.29268292682926844,8.394819366171218,0.6714692757190054,0.9503342084367972,0.15245364328851932,0.28286635259112325,0.3023012552301255,2.2718483235828852,0.7756118411937262,0.8674929104387045,Medical Care Facilities,Healthcare,AMN
2015Q4,2015,Q4,2016-02-24,2015-12-31,20165000.0,402552000.0,36328000.0,0.41,131804000.0,0.3274210536775373,880432000.0,347860000.0,375628000.0,251017000.0,532572000.0,0.0,-96167000.0,1481053902.3009999,1689967902.3009999,7.292815363005514,1.4964245449511389,0.24816226579679065,0.628097510492727,0.03767192030280227,7.292815363005514,0.05796872304950267,3.6791617040804665,18.36168983760228,4.257614851667338,0.0,0.0,0.0,0.4572210005997056,1.362720453196397,0.02290352917658604,-284.1622989833077,0.3274210536775373,-0.40579710144927533,11.252727944194552,0.503045130553929,0.8648468596287926,0.045988778579307825,-0.40068951169495054,-0.034009625867524665,1.7343899059806418,0.5600132734766806,0.8346269595212349,Medical Care Facilities,Healthcare,AMN
2015Q3,2015,Q3,2015-11-06,2015-09-30,33647000.0,382859000.0,37607000.0,0.69,126009000.0,0.3291263885660256,865238000.0,323965000.0,368981000.0,250114000.0,541273000.0,0.0,-116332000.0,1430696740.0,1630538740.0,6.795423081763645,1.4752512854138513,0.24761973006271107,0.6613368728103345,0.06605146351598024,6.795423081763645,0.10385998487490933,3.736876343510274,10.63019541118079,4.416207738490269,0.0,0.0,0.0,0.44248981205171295,1.26703423239003,0.03888756619565946,92.70974209434941,0.3291263885660256,1.1562499999999998,1.4785465309239025,0.584036004703724,0.5391917864925574,0.14430883234348607,1.1201638311279143,0.24695779037766505,3.921612870833095,0.3449810396957968,0.8435655085874382,Medical Care Facilities,Healthcare,AMN
2015Q2,2015,Q2,2015-08-06,2015-06-30,15870000.0,350144000.0,30159000.0,0.32,110118000.0,0.3144934655456041,826152000.0,288038000.0,343368000.0,231630000.0,538114000.0,0.0,-149979000.0,1502831070.0,1714482070.0,6.0546528493052785,1.4823986530242197,0.27370871219823956,0.7850526666620377,0.033030962776785876,6.0546528493052785,0.05509689693720967,4.292037190413088,23.67408742911153,5.217475020656996,0.0,0.0,0.0,0.4238251556614279,1.2147908302033414,0.019209540133050578,89.63563581056901,0.3144934655456041,0.28,78.77002228308059,0.6151862084247023,0.13361887023130073,0.08563372505718117,0.2998607584568761,0.2168246923542465,169.07300437300646,0.2738982156771274,0.7420851037828788,Medical Care Facilities,Healthcare,AMN
2015Q1,2015,Q1,2015-05-08,2015-03-31,12209000.0,327510000.0,24785000.0,0.25,101432000.0,0.30970657384507344,800050000.0,270763000.0,322356000.0,207617000.0,529287000.0,0.0,-165849000.0,1087658220.0,1314025220.0,5.743074704110635,1.5526474228988956,0.29748140741203677,0.8789974996583728,0.025884588926179664,5.743074704110635,0.04509109442575241,3.320992397178712,22.271648374150217,4.0170119994238505,0.0,0.0,0.0,0.40936191488032,1.2851789593337732,0.015260296231485532,469.42521363832543,0.30970657384507344,0.24999999999999994,9.833555746633207,0.5819111617878147,0.07717311968222125,0.1976008312080854,0.23385548256695302,0.3078465516331592,1.4573486409690781,0.24494310424066593,0.6575808172564152,Medical Care Facilities,Healthcare,AMN
2014Q4,2014,Q4,2015-02-25,2014-12-31,9895000.0,279649000.0,18951000.0,0.2,84696000.0,0.3028653776698647,681916000.0,256581000.0,282670000.0,178295000.0,425335000.0,0.0,-178058000.0,914026400.0000001,1063328400.0000001,5.502015696701977,1.5854062088112397,0.2381158383143965,0.6328410911174249,0.025399450367155005,5.502015696701977,0.03856481968657071,3.268477269720257,23.09313794845882,3.5623308039176713,0.0,0.0,0.0,0.41009303198634434,1.2972489413612271,0.014510584881422345,4760.554166666668,0.3028653776698647,0.11111111111111122,3.5436385164167237,0.35231684296995514,0.05087842826837476,0.05466590292132593,0.16425461819037535,0.19181183573360167,4.535765032589401,0.34262440301168706,0.6456688381115844,Medical Care Facilities,Healthcare,AMN
2014Q3,2014,Q3,2014-11-07,2014-09-30,8499000.0,264584000.0,15901000.0,0.18,80306000.0,0.3035179753877785,628818000.0,245418000.0,249124000.0,147769000.0,383400000.0,0.0,-187953000.0,730772200.0,867359200.0,5.272590555579427,1.6859016437818486,0.23257922006049445,0.5959220595066377,0.023848753041192244,5.272590555579427,0.03463071168373958,2.76196671000514,21.495828921049533,2.977663415071429,0.0,0.0,0.0,0.4207640366528948,1.3217251250262234,0.013515834470387298,65.96607690918938,0.3035179753877785,0.2,3.9864801866308017,0.11495465884512138,0.0030587093549247764,0.04078590961521015,0.1815654108160712,-0.09560914571721078,1.273744400516183,-0.05392513122642193,0.5625547251545194,Medical Care Facilities,Healthcare,AMN
2014Q2,2014,Q2,2014-08-01,2014-06-30,7193000.0,250913000.0,17582000.0,0.15,77159000.0,0.3075129626603644,611692000.0,233606000.0,235163000.0,139273000.0,378086000.0,0.0,-196452000.0,571691700.0,720815700.0,5.026054777426364,1.6885038736869313,0.2527824460676288,0.6619050880542452,0.02514882853805544,5.026054777426364,0.030791161185928444,2.2784459155165337,19.869724037258447,2.4472475022045668,0.0,0.0,0.0,0.41019500009808857,1.2889648388416994,0.011759185995566397,268.90484477892755,0.3075129626603644,-0.06250000000000006,0.15417530086427422,-0.11568874011689459,-0.04352050348904451,0.04330953539942669,-0.05727391874180865,0.13659577218954036,6.543551377552116,-0.08784606672207372,0.26100831760881166,Medical Care Facilities,Healthcare,AMN
2014Q1,2014,Q1,2014-05-02,2014-03-31,7630000.0,240881000.0,15469000.0,0.16,73956000.0,0.3070229698481823,594436000.0,224881000.0,228474000.0,141230000.0,369555000.0,0.0,-203645000.0,636903960.0,786361960.0,4.85138283643267,1.617744105360051,0.26702117637558964,0.7058266371992298,0.022585326079917156,4.85138283643267,0.03392905581174043,2.6440605942353277,20.868412844036698,2.8321821763510484,0.0,0.0,0.0,0.4052261303151222,1.265942080294555,0.012835696357555734,-131.26627370156638,0.3070229698481823,-0.058823529411764754,1.0440115409816846,-0.3217696746910951,-0.04298462924946765,-0.0031943714366584447,-0.08688367640019148,-0.03469578783151326,1.8630387425538344,-0.11111182690667942,0.21228189298821257,Medical Care Facilities,Healthcare,AMN
2013Q4,2013,Q4,2014-02-21,2013-12-31,8356000.0,248658000.0,16025000.0,0.17,74193000.0,0.29837366985980746,592234000.0,217742000.0,230099000.0,140292000.0,374492000.0,0.0,-211275000.0,676347000.0,819673000.0,4.732492936318192,1.6401434151626608,0.2683162398646481,0.7297903022843549,0.025055842770622644,4.732492936318192,0.038375692333128195,2.719988900417441,20.235369794159887,3.1061853018710215,0.0,0.0,0.0,0.41986444547256657,1.314486927265988,0.014109287882830097,52.27600865667027,0.29837366985980746,-0.055555555555555455,-0.2240011695071536,-0.4050231628068981,-0.45741716064835336,-0.01948009039607755,-0.030063842135809635,-0.04299790982382801,5.40450066076354,-0.03748056058620027,0.21014644567544777,Medical Care Facilities,Healthcare,AMN
2013Q3,2013,Q3,2013-11-01,2013-09-30,8615000.0,257095000.0,16745000.0,0.18,75667000.0,0.294315330908808,544177000.0,208272000.0,226280000.0,115313000.0,335905000.0,0.0,-219631000.0,632767360.0,749730360.0,4.529030574522681,1.962311274531059,0.2731023178120354,0.7135668740877315,0.027119177135780274,4.529030574522681,0.04136417761388953,2.4612200159474122,18.36237260591991,3.038177767534762,0.0,0.0,0.0,0.4724473838475349,1.6949953604537216,0.01583124608353532,24.83583326791742,0.294315330908808,0.0,-0.3435911545485591,-0.40955712363014407,-0.452647400905998,0.016851894158278796,0.025717347303250388,0.007399831548550114,1.127024958904605,0.10274672280708481,0.025844392203723195,Medical Care Facilities,Healthcare,AMN
2013Q2,2013,Q2,2013-08-02,2013-06-30,8399000.0,253943000.0,16622000.0,0.18,74413000.0,0.2930303257030121,527584000.0,197924000.0,210230000.0,111169000.0,329660000.0,0.0,-226233000.0,696109680.0,839114680.0,4.2990508047524925,1.8910847448479342,0.2909944198459392,0.7756714698571169,0.029442416396010824,4.2990508047524925,0.04243548028536206,2.7412044435168523,20.720016668651027,3.517055435419656,0.0,0.0,0.0,0.481331882695457,1.5835799548435265,0.015919739794989993,43.26887618100447,0.2930303257030121,0.12499999999999993,-0.3410663476991913,-0.4031908246171436,-0.5092356756085518,0.019258427274097004,0.11053814623826524,0.031781502172563626,42.62395385822525,0.21044988143408636,-0.19508430332059798,Medical Care Facilities,Healthcare,AMN
2013Q1,2013,Q1,2013-05-03,2013-03-31,7563000.0,252120000.0,16110000.0,0.16,73007000.0,0.28957242582897036,531165000.0,191470000.0,217214000.0,114170000.0,339695000.0,0.0,-234632000.0,716057190.0,873364190.0,4.179381398293061,1.9025488306910747,0.29980514529383523,0.8317020943228705,0.026217145696239303,4.179381398293061,0.03949966052123048,2.8401443360304617,23.66974712415708,3.7397879041103046,0.0,0.0,0.0,0.47465476829233855,1.5592625032845757,0.014238513456270651,-145.7177838827839,0.28957242582897036,0.06666666666666674,-0.41311510367451604,-0.36587501116099835,-0.5073881334820316,0.03369816076004927,0.0677678949597628,0.14182436742504784,5.9062317716335135,0.25320160902775635,-0.21611374897858973,Medical Care Facilities,Healthcare,AMN
2012Q4,2012,Q4,2013-02-22,2012-12-31,7083000.0,247841000.0,14109000.0,0.15,70627000.0,0.2849689922167841,517386000.0,182111000.0,203744000.0,109525000.0,335275000.0,0.0,-242195000.0,529140150.00000006,681637150.0,3.9750944055180844,1.8602510842273454,0.30572531920075147,0.8685801516657423,0.02694010134015743,3.9750944055180844,0.03889386143615707,2.1349984465847056,18.67641359593393,2.9055913700984566,0.0,0.0,0.0,0.4790253311840676,1.5247203834740928,0.013689972283749463,31.62633136094675,0.2849689922167841,0.25,-0.4191085003264435,-0.3598617439757574,-0.5129887452968305,0.015003664688214076,0.2091157391601229,0.024395556523633195,2.8534068863435236,0.21997877715643066,-0.24076171509411737,Medical Care Facilities,Healthcare,AMN
2012Q3,2012,Q3,2012-11-05,2012-09-30,5858000.0,243912000.0,13773000.0,0.12,69583000.0,0.2852791170586113,510773000.0,150574000.0,193650000.0,115546000.0,360199000.0,0.0,-249278000.0,416670000.0,586374000.0,3.6860220318237453,1.6759558963529677,0.3397340893116903,1.1524366756544955,0.024684346907614018,3.6860220318237453,0.0389044589371339,1.7082800354226115,17.78209286445886,2.7672108066465655,0.0,0.0,0.0,0.47753503023848165,1.4514825264396864,0.011468891268724071,41.7965693650316,0.2852791170586113,61.459259259259255,-0.512021447492179,-0.31737529314943974,-0.5226293864559294,0.038970928583160376,73.32098765432099,0.05001143554166349,3.3454786292536727,0.17116234423779697,-0.2987704122061054,Medical Care Facilities,Healthcare,AMN
2012Q2,2012,Q2,2012-08-07,2012-06-30,-81000.0,235786000.0,13117000.0,-0.001984807645185004,66973000.0,0.2840414613250999,523205000.0,141836000.0,205123000.0,121027000.0,381369000.0,0.0,-255136000.0,242003300.0,420556300.0,3.475520705709385,1.694853214571955,0.3708890396689634,1.3681364392678868,0.006687521653483699,3.475520705709385,-0.0005710820948137286,1.0263684018559203,-746.9237654320987,1.7062191545164838,0.0,0.0,0.0,0.45065700824724536,1.4635907690019583,-0.0001548150342599937,12.229800889427937,0.2840414613250999,-1.0220534182798333,-1.0074538693341724,-0.3174234838574235,-0.5556044297069646,0.05946467554655614,-1.0189429373246024,0.06270760755083853,-1.0148025629157704,-0.05356631826090121,-0.3385936998457203,Medical Care Facilities,Healthcare,AMN
2012Q1,2012,Q1,2012-05-04,2012-03-31,4276000.0,226412000.0,12343000.0,0.09,63214000.0,0.2791989823860926,523963000.0,140585000.0,201851000.0,105533000.0,383378000.0,0.0,-255055000.0,245890559.99999997,435208560.0,3.4647328470031544,1.9126813413813688,0.3706731200485531,1.3815058505530462,0.0186930237361045,3.4647328470031544,0.030415762705836326,1.0860314824302597,14.376202057998128,1.7490526016289076,0.0,0.0,0.0,0.43211448136605063,1.6436754380146494,0.00816088158896716,28.752404115996256,0.2791989823860926,2.706161137440758,-0.5545229726837134,-0.3193085101543104,-0.5375621193265415,0.32421392211492134,2.7560574948665297,-0.6853603201713019,1.0281771924347185,-0.2717305631337278,-0.3165242360950316,Medical Care Facilities,Healthcare,AMN
2011Q4,2011,Q4,2012-03-09,2011-12-31,-2435000.0,181228000.0,39229000.0,-0.05275,47737000.0,0.2634085240691284,535631000.0,135659000.0,212473000.0,140052000.0,399972000.0,0.0,-259331000.0,179751680.0,384627680.0,3.3433310331230284,1.5171007911347214,0.3898915484727359,1.5394334323561283,0.09768887301698517,3.3433310331230284,-0.017949417288937702,0.9918537974264462,-18.454997946611908,1.3250258368409025,0.0,0.0,0.0,0.3383448680154808,1.260139091194699,-0.00454604009103282,33.19513942751616,0.2634085240691284,0.921268656716418,-1.2068931630563482,-0.45436310496836696,-0.526443694334336,-0.3053101852525576,0.9094761887058999,2.934845869297164,-1.256415693758048,-0.5082935314908485,-0.6166853137966524,Medical Care Facilities,Healthcare,AMN
2011Q3,2011,Q3,2011-11-04,2011-09-30,-26899000.0,242299000.0,-20275000.0,-0.67,68717000.0,0.2836041419898555,537402000.0,136077000.0,197452000.0,128686000.0,401325000.0,0.0,-256896000.0,3425375380.0,3635090380.0,3.3743397723609494,1.5343704831916447,0.3988783071145995,1.5752698839627564,-0.05701100451267844,3.3743397723609494,-0.19767484585932965,14.136976958221041,-31.835527157143385,25.172331694555286,0.0,0.0,0.0,0.4508710425342667,1.3073061560698134,-0.05005377724682826,905.7047540983607,0.2836041419898555,-34.5,-3.2853534658851395,-0.31032936437375097,-0.5121315122340634,0.05739609460353609,-34.08610086100861,-3.465945025541231,-3.3371414489601747,-0.36545036562321104,-0.5921966932575452,Medical Care Facilities,Healthcare,AMN
2011Q2,2011,Q2,2011-08-05,2011-06-30,813000.0,234537000.0,8222000.0,0.02,64987000.0,0.2770863445852893,567280000.0,157951000.0,193475000.0,127359000.0,409329000.0,0.0,-229997000.0,2602832720.0000005,2814926720.0000005,3.985742764137374,1.519130960513195,0.3878472711888309,1.3929509784680059,0.006716777735125275,3.985742764137374,0.0051471658932200496,11.097748841334205,800.379065190652,16.47873530398668,0.0,0.0,0.0,0.41344133408546047,1.2923625342535667,0.0014331547031448315,1637.0017106918242,0.2770863445852893,-0.6,-0.9100301597689913,-0.27743212723609545,-0.35887517582642603,-0.042591119361206874,-0.6396276595744681,-0.2147836882819215,-0.9259001343363399,-0.3596412036631232,-0.5450018053572183,Medical Care Facilities,Healthcare,AMN
2011Q1,2011,Q1,2011-05-06,2011-03-31,2256000.0,229402000.0,10471000.0,0.05,67878000.0,0.29589105587571163,571036000.0,157033000.0,190982000.0,126950000.0,414003000.0,0.0,-230810000.0,2738559600.0000005,2953234600.0000005,4.001860346585117,1.5043875541551792,0.3828287533535539,1.3921214012341354,0.012678603907529664,4.001860346585117,0.014366407060936236,11.937819199483878,303.4751329787234,17.439389172976384,0.0,0.0,0.0,0.4017294881583648,1.2655612445844822,0.0039507141406146026,706.3604849110138,0.29589105587571163,2.41643059490085,-0.7777114654400359,-0.2620634894289557,-0.41316896868620956,0.09493007275014921,2.3943139678615575,7.14863813229572,-0.7956109330752135,-0.3263652193098053,-0.528312037833953,Medical Care Facilities,Healthcare,AMN
2010Q4,2010,Q4,2011-03-11,2010-12-31,-1618000.0,220328000.0,1285000.0,-0.0353,61993000.0,0.2813668712101957,562110000.0,153455000.0,179261000.0,117893000.0,408655000.0,0.0,-233066000.0,2996758800.0,3214024800.0,3.910677879714577,1.520539811524009,0.38986853107043107,1.428099442833404,0.0012474847174557067,3.910677879714577,-0.010543807630901568,13.601352528956827,-463.03442521631644,19.528583623863675,0.0,0.0,0.0,0.3919659853053673,1.2739433214864326,-0.0028784401629574283,977.4164383561643,0.2813668712101957,0.9761486486486487,-1.1896785301698298,-0.1861514860781799,-0.3503457217937922,0.2830208203981953,0.9684538896471047,1.0247053621210083,-1.1549230470000647,-0.335599340327192,-0.5208807774990435,Medical Care Facilities,Healthcare,AMN
2010Q3,2010,Q3,2010-11-09,2010-09-30,-51290000.0,176313000.0,-52013000.0,-1.48,48318000.0,0.2740467237242858,561967000.0,153538000.0,169622000.0,113626000.0,408429000.0,0.0,-67085000.0,2363444920.0,2582015920.0,4.414929407366938,1.4928097442486754,0.39263515473328503,1.4370904922559888,-0.11724940109882741,4.414929407366938,-0.33405411038309735,13.404825055441176,-11.520008383700526,15.393224608891607,0.0,0.0,0.0,0.3137426218977271,1.315931212926619,-0.09126870439011543,-146.47030986613782,0.2740467237242858,-363.610802919708,-7.1945678376298225,-0.1261954481573299,-0.1734310487851069,0.1735930630783804,-375.3795620437956,-16.235207967193908,-6.018616517972206,-0.42039367462886146,-0.4282297984785099,Medical Care Facilities,Healthcare,AMN
2010Q2,2010,Q2,2010-07-30,2010-06-30,137000.0,149282000.0,3414000.0,0.0040815110528511,41171000.0,0.27579346471778243,402204000.0,174971000.0,157427000.0,79022000.0,227233000.0,0.0,-15795000.0,1976410800.0,2038609800.0,5.340995115995116,1.9921920477841615,0.2574986822607433,0.5919095164341519,0.002020684951878573,5.340995115995116,0.0007829868949711667,13.239444809153147,3606.5890510948907,11.295647850215177,0.0,0.0,0.0,0.3711599089019503,1.785439497861355,0.0003406231663533928,332.33744745249703,0.27579346471778243,-0.795924447357445,-0.9728023084001344,-0.18555485398268667,0.04702519884357918,0.028144041554290282,-0.8243589743589743,-0.28815679733110927,-0.984294924617767,-0.46165154120205293,-0.3170765558651706,Medical Care Facilities,Healthcare,AMN
2010Q1,2010,Q1,2010-05-07,2010-03-31,780000.0,143294000.0,4796000.0,0.02,40044000.0,0.27945343140675816,399107000.0,173976000.0,150112000.0,74746000.0,225131000.0,0.0,-15932000.0,2052163590.0,2120192590.0,5.331617173853084,2.008294758247933,0.2620750826219535,0.6012093622108796,0.006219903869291383,5.331617173853084,0.004483377017519658,14.321350440353399,657.7447403846154,11.795670609739275,0.0,0.0,0.0,0.35903654909585647,1.7176437535118936,0.0019543631156557014,185.8170581311119,0.27945343140675816,1.2459419576979833,-0.8301302354969317,-0.20551367460959566,0.06693255188862493,-0.02694821762690448,1.286554004408523,-0.10472279260780287,-0.8989535482845672,-0.4643048251578345,-0.28838907491195964,Medical Care Facilities,Healthcare,AMN
2009Q4,2009,Q4,2010-03-05,2009-12-31,-2722000.0,144698000.0,5357000.0,-0.08132,41153000.0,0.2844061424484098,389004000.0,170844000.0,137437000.0,63099000.0,218160000.0,0.0,-16712000.0,2070763260.0,2149331260.0,5.235634825779167,2.1781169273681042,0.2715164882623315,0.618230666573014,3.2964737851084225,5.235634825779167,-0.015932663716606964,14.310932148336535,-190.18766164584864,12.120784224204538,0.0,0.0,0.0,0.37197046816999313,1.908920902074518,-0.006997357353651891,416.6525674044266,0.2844061424484098,-0.35533333333333345,-1.5220683885335209,-0.20511847004250694,0.08620206627119986,-0.09768023153832661,-0.3644110275689223,6.2519607843137255,-1.2875902400027217,-0.4582738399944095,-0.2584138808431183,Medical Care Facilities,Healthcare,AMN
2009Q3,2009,Q3,2009-10-30,2009-09-30,-1995000.0,166357000.0,-1020000.0,-0.06,45608000.0,0.27415738442025284,378948000.0,171520000.0,148474000.0,79111000.0,207428000.0,0.0,-13990000.0,2283447400.0,2338096400.0,5.256512411890898,1.8767807258156262,0.20390660460010343,0.45050139925373134,-0.0026529961940866776,5.256512411890898,-0.011631296641791045,13.726187656666086,-286.1462907268171,13.313009561567165,0.0,0.0,0.0,0.43899690722737683,1.5312535551313977,-0.005264574559042402,123.68364207561477,0.27415738442025284,-1.4615384615384615,-1.4405973288291345,-0.07492491073447963,0.12925501037064488,-0.15032509268401736,-1.4561042524005487,-1.0995802011129552,-1.2094782738847105,-0.4147922958831908,-0.24000339790388836,Medical Care Facilities,Healthcare,AMN
2009Q2,2009,Q2,2009-08-07,2009-06-30,4374000.0,199140000.0,10243000.0,0.13,53677000.0,0.26954403936928795,403014000.0,171415000.0,169318000.0,89844000.0,231599000.0,0.0,-11995000.0,2186911840.0,2256679840.0,5.25474387664388,1.8845777124794088,0.23139642791565554,0.5440364028818948,0.021365346337384697,5.25474387664388,0.02551702009742438,10.981780857688058,124.9949611339735,12.757995741329523,0.0,0.0,0.0,0.49412675490181485,1.5521904634700148,0.01085322097991633,62.15643019554343,0.26954403936928795,1.03475935828877,-0.12523463330172172,0.1225915936866971,0.1634534856843541,-0.16107403529062408,1.035901308337574,1.060901723656125,-0.4119679118895118,-0.2546819687798803,-0.15475058393046948,Medical Care Facilities,Healthcare,AMN
2009Q1,2009,Q1,2009-05-11,2009-03-31,-121834000.0,249595000.0,-168189000.0,-3.74,63983000.0,0.2563472825978084,440202000.0,165137000.0,205877000.0,103983000.0,275065000.0,0.0,-16369000.0,1715452160.0,1818309160.0,5.069284135559921,1.9799101776251888,0.2715389752886175,0.7238353609427324,-0.4224612798709486,5.069284135559921,-0.7377753017191786,6.872942807347903,-3.5200604100661557,10.388054524425174,0.0,0.0,0.0,0.5670010586049132,1.6300645297789063,-0.27676839269244574,47.22251107991301,0.2563472825978084,-17.26086956521739,-24.068346749084586,0.33602110968553706,0.1834544328560576,-0.15740887062789718,-16.980325288562433,-10.790383607893359,-15.460313642177226,-0.03286094374856885,-0.25664241636224394,Medical Care Facilities,Healthcare,AMN
2008Q4,2008,Q4,2009-03-02,2008-12-31,7624000.0,295902000.0,17179000.0,0.23,75936000.0,0.25662550438996695,642817000.0,284133000.0,229827000.0,141272000.0,358684000.0,0.0,105465000.0,2049681920.0,2188676920.0,8.722157416502947,1.6268404213149101,0.23383171260249808,0.5290163409389265,0.020776842672888946,8.722157416502947,0.026832504496133853,6.926894444782394,67.21150052465897,7.213811560079259,0.0,0.0,0.0,0.46032074447315485,1.3967240500594598,0.011860296165160536,168.71198617170137,0.25662550438996695,-0.1785714285714286,0.33844410535118724,0.6002444019576183,1.112604688769416,-0.06321243523316063,-0.1970510795155345,0.008749266001174398,0.07659854453011909,0.3165974982880666,0.4489525998067396,Medical Care Facilities,Healthcare,AMN
2008Q3,2008,Q3,2008-11-07,2008-09-30,9495000.0,315014000.0,17030000.0,0.28,81060000.0,0.25732189680458645,658559000.0,275282000.0,242396000.0,152546000.0,383277000.0,0.0,97841000.0,2383723850.0,2534336850.0,8.274429649223,1.5890026614922712,0.2405524789730305,0.5754753307517382,0.02574848215980443,8.274429649223,0.03449190284871514,7.5670409886544725,62.762607951553456,8.659207103987912,0.0,0.0,0.0,0.47833831137377214,1.310824275956105,0.014417842592691011,124.32711886507067,0.25732189680458645,0.03703703703703707,0.16425464122279795,1.0919009897496983,0.07770375026549108,-0.01790690348687877,0.013664994128322835,-0.08847615479312744,0.1987418062070076,0.6319700761616508,0.5491497158815678,Medical Care Facilities,Healthcare,AMN
2008Q2,2008,Q2,2008-08-08,2008-06-30,9367000.0,312691000.0,18683000.0,0.27,82538000.0,0.26396026748451346,666722000.0,296374000.0,251271000.0,145670000.0,370348000.0,0.0,99919000.0,4059283340.0,4207411340.0,8.75990896462034,1.7249330678931831,0.23470651935889322,0.5279950333025164,0.024117998128949415,8.75990896462034,0.03160533650050274,12.98177222881375,108.34000587167716,13.696489368163201,0.0,0.0,0.0,0.46899757320142427,1.425180201826045,0.01404933390528586,435.7324323744096,0.26396026748451346,-0.03571428571428574,-0.0527136851306687,0.9297992647488208,0.18186014098293393,0.06562520173003679,-0.01565783942833123,-0.016787706557204504,0.8005922739868502,0.6518597084215387,0.7172540371859891,Medical Care Facilities,Healthcare,AMN
2008Q1,2008,Q1,2008-05-09,2008-03-31,9516000.0,293593000.0,19002000.0,0.28,77455000.0,0.26381759783101094,665630000.0,287018000.0,249945000.0,148541000.0,378612000.0,0.0,90552000.0,3164119900.0,3309368900.0,8.48412651492758,1.6826667384762457,0.22998362453615373,0.5333602770557944,0.025376208394198903,8.48412651492758,0.033154715035293957,10.77723208659607,83.12631094997899,11.024116605927153,0.0,0.0,0.0,0.44107537220377685,1.393056462525498,0.01429623063864309,221.87223196129304,0.26381759783101094,0.07692307692307698,-0.0963095461938433,0.7305263572371201,0.21853819992220974,0.019641141081842475,0.056863616170590846,0.19179628700451581,0.9989609069788771,0.5701187602663469,0.6977945823848194,Medical Care Facilities,Healthcare,AMN
2007Q4,2007,Q4,2008-02-29,2007-12-31,9004000.0,285899000.0,15944000.0,0.26,75963000.0,0.2656987257737872,633626000.0,276128000.0,242951000.0,128556000.0,357498000.0,0.0,81036000.0,3117434500.0,3245907500.0,8.162222879101389,1.8898456703693332,0.23194755265724576,0.5322459149379998,0.024382567347772503,8.162222879101389,0.03260806582454514,10.903971332533517,86.55693302976455,11.289816679221232,0.0,0.0,0.0,0.45121096672169386,1.5809141541429417,0.014210275462181161,137.53792023294804,0.2656987257737872,-0.10344827586206887,-0.2640573078785406,0.6259066800498161,0.09907913545258232,-0.047342546840903964,-0.10745440126883427,-0.24040019056693665,0.6657244029118321,0.5148893036398221,0.6933616746898652,Medical Care Facilities,Healthcare,AMN
2007Q3,2007,Q3,2007-11-08,2007-09-30,10088000.0,300267000.0,20990000.0,0.29,79738000.0,0.26555698761435653,632070000.0,265064000.0,238306000.0,123693000.0,367006000.0,0.0,72032000.0,3747244480.0,3898181480.0,7.721510137497087,1.9265924506641443,0.2485594949926432,0.59271345788187,0.027990802213355138,7.721510137497087,0.0380587329852413,12.479707993219368,92.86390959555908,14.137130957051882,0.0,0.0,0.0,0.47505339598462193,1.623891408567987,0.015960257566408783,197.66032703871716,0.26555698761435653,0.11538461538461527,-0.11606382588072335,0.8482870700345486,0.04823709377690067,0.06375485265278352,0.09106640709495999,0.129587773113766,1.1177398341875386,0.587128475233136,0.6588097443985055,Medical Care Facilities,Healthcare,AMN
2007Q2,2007,Q2,2007-08-08,2007-06-30,9246000.0,293912000.0,18582000.0,0.26,74959000.0,0.255038923215112,645987000.0,271561000.0,250917000.0,121481000.0,374426000.0,0.0,61944000.0,3131667370.0,3283135370.0,7.820781614491835,2.0654834912455446,0.26160743172850226,0.6223095363472664,0.025228528575573547,7.820781614491835,0.034047598882019144,10.655119117286807,84.67627541639627,11.532095440803355,0.0,0.0,0.0,0.45498129219318656,1.7512203554465307,0.014312981530588078,227.7576269090909,0.255038923215112,0.13043478260869565,-0.09122560125448788,0.885391374562412,0.10230435731693295,0.03384594165919592,0.12838662435928727,0.10442793462109956,0.737187599697281,0.5565412374666827,0.7316002156832229,Medical Care Facilities,Healthcare,AMN
2007Q1,2007,Q1,2007-05-08,2007-03-31,8194000.0,283944000.0,16825000.0,0.23,72505000.0,0.2553496464091511,621894000.0,259519000.0,235266000.0,112267000.0,362375000.0,0.0,52698000.0,2281258680.0,2441425680.0,7.492320572781338,2.0955935403992267,0.2739823828498104,0.6565530847452402,0.02377017470022218,7.492320572781338,0.03157379613824036,8.0341851914462,69.60149743714913,8.790333963987223,0.0,0.0,0.0,0.4565794170710764,1.7649531919442045,0.013175878847520639,150.9667579908676,0.2553496464091511,-0.1785714285714286,-0.10493291669366538,0.9928662879232971,0.11867530380184363,-0.023804074158846417,-0.1844331641285956,-0.17496199676359536,0.45911282881545595,0.4294042979921933,0.7491266532167541,Medical Care Facilities,Healthcare,AMN
