Year,Date,FillingDate,NetIncome,Revenue,OperatingIncome,EPSDiluted,GrossProfit,GrossProfitRatio,TotalAssets,CommonStockEquity,CurrentAssets,CurrentLiability,TotalLiability,Inventory,RetainedEarnings,EnterpriseValue,bookValuePerShare,currentRatio,debtToAssets,debtToEquity,roic,shareholdersEquityPerShare,roe,priceToSalesRatio,peRatio,pbRatio,payoutRatio,inventoryTurnover,dividendYield,assetTurnover,quickRatio,returnOnAssets,priceToFreeCashFlowsRatio,grossProfitMargin,epsdilutedGrowth,fiveYNetIncomeGrowthPerShare,fiveYRevenueGrowthPerShare,fiveYShareholdersEquityGrowthPerShare,grossProfitGrowth,netIncomeGrowth,operatingIncomeGrowth,threeYNetIncomeGrowthPerShare,threeYRevenueGrowthPerShare,threeYShareholdersEquityGrowthPerShare,Industry,Sector,Price,MarketCap,AvgVolume,Symbol
2022,2022-10-31,2022-10-31,-37424902.0,-37167802.0,-35606517.0,-0.37,-37167802.0,1.0,313617445.0,206835460.0,6108365.0,2806075.0,106781985.0,0.0,-86488145.0,269186181.4,2.0707871536694156,2.1768359719537074,0.29175672928526025,0.44238062467625233,-0.1193506028415127,2.0707871536694156,-0.18094045382740465,-4.783465629740494,-4.750604381008132,0.8595765126540681,-0.514458394573752,0.0,0.10829325140827199,-0.11851318411193612,2.1768359719537074,-0.11933297269225569,19.20217298068506,1.0,-2.0571428571428574,-1.8326425950663507,-1.8222265093373788,-0.27852449211186003,-2.0231473455092406,-2.035356643604273,-1.9648634231077398,-2.8734458368245175,-2.843729134666955,-0.2122586337505218,Asset Management,Financial Services,1.9091,197618577,266301,DHY
2021,2021-10-31,2021-10-31,36146870.0,36326930.0,36903168.0,0.35,36326930.0,1.0,364344740.0,263513917.0,5944914.0,15951000.0,100830823.0,0.0,-32365906.0,340191927.5,2.551531331280681,0.3726985141997367,0.22506157218023787,0.3111790107085691,0.10680660368305801,2.551531331280681,0.13717252740013727,7.107452446435744,7.142857113216166,0.9798037630779098,0.5436236387825557,0.0,0.07610730974538311,0.0997048290034323,0.3726985141997367,0.09921062672676433,25.77997882421049,1.0,5.999999999999999,0.2500000070022723,0.24452931826512678,-0.04047038886830736,5.767693854552521,5.974148076975022,4.485106019929589,16.500000072620395,14.824030290640142,0.21366794059459862,Asset Management,Financial Services,1.9091,197618577,266301,DHY
2020,2020-10-31,2020-10-31,5182980.0,5367697.0,6727886.0,0.05,5367697.0,1.0,343605322.0,247017340.0,24970491.0,6339854.0,96587982.0,0.0,-50841958.0,286956409.0,2.3829663629803703,3.938653950075191,0.2524698962608036,0.35118992051327247,0.02015741264558719,2.3829663629803703,0.020982251691318513,39.975313807765225,41.39999999999999,0.8686652200205863,4.000279183018264,0.0,0.0966251010390885,0.015621693426506357,3.938653950075191,0.01508410862157717,7.511880513363281,1.0,-0.7500000000000001,1.3846153837227868,1.4018004019586519,-0.09599989880545153,-0.7337324562543566,-0.7405462196442161,-0.7135385515815831,-0.8888888887658375,-0.8855824631860565,-0.16975925605626918,Asset Management,Financial Services,1.9091,197618577,266301,DHY
2019,2019-10-31,2019-10-31,19976506.0,20159036.0,23486183.0,0.2,20159036.0,1.0,370928437.0,262567727.0,17574974.0,4467106.0,108360710.0,0.0,-35883470.0,332867750.9,2.6287652805750916,3.9343087000845736,0.24802627898814886,0.35038578827321,0.06623891914449394,2.6287652805750916,0.07608134567124467,12.535460569642318,12.649999999999999,0.9624290227412449,1.1834400370114775,0.0,0.09355257209576898,0.05434750746813192,3.9343087000845736,0.0538554179387438,4.161560784059663,1.0,9.0,-0.047619050797813915,-0.04575057449121563,-0.13280770509200374,0.0,6.887328870698621,0.0,-0.28571428467708493,-0.28589954127285194,-0.011425767536758231,Asset Management,Financial Services,1.9091,197618577,266301,DHY
2018,2018-10-31,2018-10-31,2532734.0,2814936.0,0.0,0.02,0.0,0.0,415474979.0,266232218.0,0.0,127938720.0,149242761.0,0.0,-36066681.0,418172030.0,2.1023306671762607,0.0,0.0,0.0,0.0,2.1023306671762607,0.009513251322572837,105.72043023358258,117.5,1.1178070304023087,10.071354512554418,0.0,0.08571365542599504,0.006775223881773155,0.08029187723622684,0.006095996457105543,13.18366283455517,0.0,-0.9555555555555555,-0.9495808243095479,-0.9442193616665554,-0.32580434345705583,0.0,-0.943901836996923,0.0,1.1538461534891147,1.1724808340183677,-0.20246161867984466,Asset Management,Financial Services,1.9091,197618577,266301,DHY
2017,2017-10-31,2017-10-31,45148252.0,45406110.0,0.0,0.45,0.0,0.0,422584023.0,287966718.0,0.0,125255330.0,134617305.0,0.0,-94019.0,400885635.15999997,2.8702112975822285,0.0,0.0,0.0,0.0,2.8702112975822285,0.15678288211070282,6.27527077655408,6.31111111810043,0.9894741904166855,0.5921074419448177,0.0,0.0938198410493262,0.1074487144063182,0.05101234414535493,0.10683852096320262,68.3888472580078,0.0,0.607142857142857,0.017721046475209102,0.018954319522980392,-0.050110687155522776,0.0,0.6389730722815835,0.0,1.1428571333317843,1.1397722495807252,-0.05315809653546944,Asset Management,Financial Services,1.9091,197618577,266301,DHY
2016,2016-10-31,2016-10-31,27546671.0,27805583.0,0.0,0.28,0.0,0.0,379463697.0,261609563.0,0.0,107666080.0,117854134.0,0.0,-594253.0,341479644.91999996,2.6591480884798777,0.0,0.0,0.0,0.0,2.6591480884798777,0.10529688090951017,8.633142557018136,8.714285726939563,0.9175871064009995,1.0206100403202987,0.0,0.11711918478472182,0.07327600300062433,0.0805945103601803,0.07259369267147577,4.498852868576339,0.0,3.153846153846154,0.39801275353355714,0.3877127328822571,-0.05695683889548871,0.0,3.1309684383613865,0.0,-0.2941315413586499,-0.2907563544986496,-0.14723876726510318,Asset Management,Financial Services,1.9091,197618577,266301,DHY
2015,2015-10-31,2015-10-31,-12926832.0,-12814948.0,0.0,-0.13,0.0,0.0,400271295.0,262118808.0,0.0,129983750.0,138152487.0,0.0,-125961.0,365185030.6,2.636024442731269,0.0,0.0,0.0,0.0,2.636024442731269,-0.049316690010279614,-18.622721340734273,-18.461538418693767,0.9104619673075882,-2.220187977998012,0.0,0.12026018242065332,-0.03201565578166179,0.07089926240780098,-0.032295176200431756,5.34265866221128,0.0,-1.619047619047619,-1.2766172559023192,-1.2717386395162047,-0.10265314059109759,0.0,-1.6163706686905237,-1.0,-1.2940083033229846,-1.2901595986400853,-0.12761424615097836,Asset Management,Financial Services,1.9091,197618577,266301,DHY
2014,2014-10-31,2014-10-31,20972497.0,21122687.0,20972497.0,0.21,0.0,0.0,458326568.0,302738214.0,0.0,0.0,155588354.0,0.0,-17722.0,455590998.96000004,3.031352211050246,0.0,0.0,0.0,0.06927601482117483,3.031352211050246,0.06927601482117483,14.751503109429214,14.857142807554103,1.0292436453364293,1.3278299670277698,0.0,0.0893731711559396,0.046086542816344,0.0,0.045758850706642866,14.131423284113865,0.0,-0.4705980225575662,-0.7800954512592858,-0.37155382146478644,0.11949938091261567,0.0,-0.4590913620804898,0.0,0.04850957017230396,0.038477228953387226,0.07504203467064868,Asset Management,Financial Services,1.9091,197618577,266301,DHY
2013,2013-10-31,2013-10-31,38772716.0,38950894.0,0.0,0.396674,0.0,0.0,467100825.0,304794443.0,0.0,0.0,162306382.0,0.0,-519642.0,450871967.04,3.118279755696333,0.0,0.0,0.0,0.0,3.118279755696333,0.12720939272505044,7.929788826926541,7.966229759091419,1.0133792499622443,0.7665709825434979,0.0,0.09622757637245558,0.08338862171780578,0.0,0.08300716660048717,-18.967285599987573,0.0,-0.10288037922580756,1.2467154115666506,-0.25059907359214467,0.4919563397640651,0.0,-0.042492523840068484,0.0,-0.15594612116308493,-0.15974953713160003,0.061514643101405315,Asset Management,Financial Services,1.9091,197618577,266301,DHY
2012,2012-10-31,2012-10-31,40493382.0,40675364.0,0.0,0.442164,0.0,0.0,416795156.0,276720390.0,0.0,0.0,140074766.0,0.0,-82659734.0,405392361.32,3.0216271083072606,0.0,0.0,0.0,0.0,3.0216271083072606,0.14633320659890658,7.114689110587922,7.1466633564961315,1.0457941654389833,0.6276393263472041,0.0,0.08782270761035586,0.09759077910204887,0.0,0.09715415694514454,-5.356881783078146,0.0,1.20768508717621,0.3921932833340991,-0.23033071068508287,-0.26368483276797716,0.0,1.687555460631364,0.0,-0.536981147679719,0.31971734887412334,0.11590783306792889,Asset Management,Financial Services,1.9091,197618577,266301,DHY
2011,2011-10-31,2011-10-31,15066994.0,15321492.0,0.0,0.200284,0.0,0.0,312715416.0,212124422.0,0.0,0.0,100590994.0,0.0,-88085310.0,307872536.25,2.8197522639000208,0.0,0.0,0.0,0.0,2.8197522639000208,0.07102903973970522,14.484405516773432,14.729062960402056,1.0461911983430179,1.531632520727094,0.0,0.10398709848988827,0.04899500061743039,0.0,0.048181168017633,-87.88182638085885,0.0,-0.5738302802561053,-0.6100578770317335,-0.6421938491775575,-0.32595999593313135,0.0,-0.5722027108622395,0.0,1.1245686971348776,-0.6169900063656091,0.34912438789516864,Asset Management,Financial Services,1.9091,197618577,266301,DHY
2010,2010-10-31,2010-10-31,35219938.0,35541946.0,0.0,0.469963,0.0,0.0,314340501.0,220147414.0,0.0,0.0,94193087.0,0.0,-97958469.0,283075642.02,2.9375758271084416,0.0,0.0,0.0,0.0,2.9375758271084416,0.15998342819507297,6.2623847895104,6.31964037017896,1.01103773138121,0.4876507164776951,0.0,0.077164314409221,0.11306829977979833,0.0,0.11204390744417628,-4.26165091450438,0.0,-0.5078715338862361,3.0333013575874164,-0.22478597407143547,-0.28655155731343246,-1.0,-0.34082092457420926,-1.0,0.47972108173632544,-0.17815540524225532,-0.28416659009727396,Asset Management,Financial Services,1.9091,197618577,266301,DHY
2009,2009-10-31,2009-10-31,53430000.0,18830000.0,15690000.0,0.95496,16140000.0,0.8571428571428571,197500000.0,151500000.0,0.0,42000000.0,46000000.0,0.0,-172600000.0,188589000.0,2.707774798927614,0.0,0.21265822784810126,0.27722772277227725,0.08108527131782946,2.707774798927614,0.35267326732673265,7.784864577801381,2.7435710275126337,0.9675841584158417,0.3529852142990829,0.0,0.12865903990067468,0.09534177215189873,0.12857142857142856,0.2705316455696202,2.7435710275126333,0.8571428571428571,1.5939470836287644,0.24996918580310634,-0.46802355690410674,-0.4021853429606847,-0.2855245683930943,1.596183887525106,-0.30017841213202495,0.8592523441959833,-0.4087424624418373,-0.35272734422528434,Asset Management,Financial Services,1.9091,197618577,266301,DHY
2008,2008-10-31,2008-10-31,-89620000.0,29640000.0,22420000.0,-1.60782,22590000.0,0.7621457489878543,177500000.0,116500000.0,0.0,58600000.0,61000000.0,0.0,-201300000.0,168407800.0,2.090060997488339,0.0,0.3301408450704225,0.5030042918454936,0.1280411193603655,2.090060997488339,-0.7692703862660945,3.7047165991902835,-1.2252599866101317,0.9425562231759655,-0.2525106003124303,0.0,0.2060873635570515,0.16698591549295774,0.11945392491467577,-0.5049014084507042,-1.2251232846145264,0.7621457489878543,-6.062405541561713,-2.1566687013003825,-0.17601431867899467,-0.5183653593227918,0.00938337801608579,-6.063276836158192,-0.00089126559714795,-14.798585316467635,-0.1308071271931585,-0.49238731132745567,Asset Management,Financial Services,1.9091,197618577,266301,DHY
TTM,,,,,,,,,,,,,,,,289013855.0,2.0707871536694156,2.1768359719537074,0.29175672928526025,0.44238062467625233,-0.1193506028415127,2.0707871536694156,-0.15913660708431213,-5.316929341153938,-5.0951566425745085,0.9219199552291468,-0.514458394573752,0.0,0.1005709496621445,-0.11851318411193612,2.1768359719537074,-0.11933297269225569,21.343645975032658,1.0,,,,,,,,,,,Asset Management,Financial Services,1.9091,197618577,266301,DHY
