Quarters,Year,Quarter,FillingDate,Date,NetIncome,Revenue,OperatingIncome,EPSDiluted,GrossProfit,GrossProfitRatio,TotalAssets,CommonStockEquity,CurrentAssets,CurrentLiability,TotalLiability,Inventory,RetainedEarnings,MarketCap,EnterpriseValue,bookValuePerShare,currentRatio,debtToAssets,debtToEquity,roic,shareholdersEquityPerShare,roe,priceToSalesRatio,peRatio,pbRatio,payoutRatio,inventoryTurnover,dividendYield,assetTurnover,quickRatio,returnOnAssets,priceToFreeCashFlowsRatio,grossProfitMargin,epsdilutedGrowth,fiveYNetIncomeGrowthPerShare,fiveYRevenueGrowthPerShare,fiveYShareholdersEquityGrowthPerShare,grossProfitGrowth,netIncomeGrowth,operatingIncomeGrowth,threeYNetIncomeGrowthPerShare,threeYRevenueGrowthPerShare,threeYShareholdersEquityGrowthPerShare,Industry,Sector,Symbol
2023Q1,2023,Q1,2023-05-08,2023-03-31,50300000.0,166446000.0,120948000.0,0.82,166445420.0,0.9999965154,18877178000.0,1562099000.0,-119901500.0,37988000.0,17315079000.0,0.0,1636463000.0,1506973157.3,1918171157.3,25.603538532251996,-3.1562993576919025,0.09251011989186096,1.1179381076359436,0.03048085454275652,25.603538532251996,0.032200263875721065,9.053826209701645,7.489926229125248,0.9647104039500698,0.2814711729622266,0.0,0.009394991497636545,0.008817313689577966,86.3774349794672,0.0026645931929020323,-87.35063513215859,0.9999965153863716,2.464285714285714,0.5179118146778435,0.4192076193664841,0.10573557311336025,-6.356034027010141e-05,2.476675571734727,12.95729115175482,1.3658096878279873,0.17804689102761845,-0.012105848957791062,Banks—Regional,Financial Services,TRMK
2022Q4,2022,Q4,2023-02-16,2022-12-31,-34063000.0,166456000.0,-10115000.0,-0.56,166456000.0,1.0,18015478000.0,1492268000.0,619839000.0,38932000.0,16523210000.0,0.0,1600321000.0,2128441753.9999998,2668642754.0,24.475687804045965,15.921067502311724,0.0729328414155872,0.8804852747629782,-0.002347239534473732,24.475687804045965,-0.02282632878276556,12.786813055702407,-15.621361550656134,1.4263133391589176,-0.41461409740774446,0.0,0.006635370675969177,0.009239610517134211,70.86378814342957,-0.0018907630427569004,35.36733776441069,1.0,-1.8115942028985508,-3.4002553927889076,0.3928202292661447,0.05494074761447785,0.017684885493943023,-1.8023318808149806,-1.1485424774212498,-2.0575335004068505,0.3256769524028514,-0.052989130836573285,Banks—Regional,Financial Services,TRMK
2022Q3,2022,Q3,2022-11-03,2022-09-30,42455000.0,163564000.0,68095000.0,0.69,163563400.0,0.9999963317,17190634000.0,1508945000.0,376686000.0,39797000.0,15681689000.0,0.0,1648507000.0,1871952450.0,1840347450.0,24.690256074613433,9.465185818026484,0.028377603757953312,0.3232914387204305,0.02815410155366832,24.690256074613433,0.028135551660265948,11.444770548531462,11.023156577552703,1.2405703653877378,0.33348251089388764,0.0,0.007563226298830401,0.00951471597847991,73.47596552503957,0.0024696587688388923,27.05172690356797,0.9999963317111344,0.23214285714285693,0.3608943223268979,0.36554358806830434,0.05688582487472149,0.15418426850470476,0.23833274997083187,0.22830910205995888,0.08951389852126662,0.2565916576827309,-0.034237551865029324,Banks—Regional,Financial Services,TRMK
2022Q2,2022,Q2,2022-08-04,2022-06-30,34284000.0,141714000.0,55438000.0,0.56,141713420.0,0.9999959072,16951510000.0,1586696000.0,3386825000.0,37108000.0,15364814000.0,0.0,1620210000.0,1791623820.0,1343831820.0,25.851217048453844,91.26940282418886,0.019572120713729928,0.20909928555942664,0.02369687645744961,25.851217048453844,0.021607163565043334,12.642532283331217,13.06457691634582,1.1291538013582942,0.4145373935363435,0.0,0.00793246877014618,0.008359963212716743,91.26940282418886,0.0020224746939948124,22.657272462851722,0.999995907249813,0.19148936170212785,0.5741861407581156,0.14453146367322858,0.12109966186237046,46.19061605061605,0.1736674540412858,0.1493552266036406,-0.14268571745451336,0.07929997787726219,0.03302471148546865,Banks—Regional,Financial Services,TRMK
2022Q1,2022,Q1,2022-05-05,2022-03-31,29211000.0,3003000.0,48234000.0,0.47,3003000.0,1.0,17441551000.0,1631382000.0,4935810000.0,0.0,15810169000.0,0.0,1600138000.0,1869410460.0,257355460.0,26.520499398510907,0.0,0.017516160116723564,0.18727005692106446,0.021063931143176947,26.520499398510907,0.017905677517589383,622.5143056943057,15.9991994454144,1.1459060232367404,0.48563897162028,0.0,0.007588488619026985,0.00017217505484460642,0.0,0.0016747937153066262,34.587327425114246,1.0,0.11904761904761903,0.02862680699096031,-0.9741387281289526,0.16719651718690418,-0.9760570230340527,0.11398825413774694,0.3307032306121886,-0.07075483182262253,-0.9752427585218498,0.09020340214172047,Banks—Regional,Financial Services,TRMK
2021Q4,2021,Q4,2022-02-17,2021-12-31,26222000.0,125423000.0,36247000.0,0.42,125423000.0,1.0,17595636000.0,1741311000.0,5505706000.0,98324000.0,15854325000.0,0.0,1585113000.0,2013749714.64,157635714.6400001,28.068510524956007,55.995545339896665,0.02334186726754293,0.2358653910760341,0.013878964736221456,28.068510524956007,0.015058768939035015,16.055665345590523,19.19904769506521,1.1564560923579994,0.5447715658607276,0.0,0.00709373160733321,0.007128074256594078,55.995545339896665,0.0014902558793555402,21.69988916637931,1.0,0.23529411764705868,-0.011699974758425966,0.08959611075714864,0.2486469504517936,0.0,0.23688679245283017,0.0,-0.22995160906872245,0.035443188535032616,0.1788505984825434,Banks—Regional,Financial Services,TRMK
2021Q3,2021,Q3,2021-11-04,2021-09-30,21200000.0,128132000.0,0.0,0.34,0.0,0.0,17364644000.0,1768947000.0,13201549000.0,0.0,15595697000.0,0.0,1573176000.0,2014448658.48,155653658.48000002,28.29333579690528,0.0,0.018213042547834554,0.17878602354960324,0.0,28.29333579690528,0.011984530910196857,15.721667175100677,23.755290783962263,1.138784066724441,0.6827830188679245,0.0,0.007185588939716188,0.00737890163483916,0.0,0.0012208715594745276,38.07095909285053,0.0,-0.5526315789473684,-0.25987756626778236,0.09578825210407965,0.24666918054293946,0.0,-0.5581584377149288,0.0,-0.36752254782018445,0.011187524359561805,0.1960669147635175,Banks—Regional,Financial Services,TRMK
2021Q2,2021,Q2,2021-08-05,2021-06-30,47981000.0,152316000.0,0.0,0.76,0.0,0.0,17098132000.0,1779309000.0,13411039000.0,0.0,15318823000.0,0.0,1566451000.0,1947009464.4,16755464.400000095,28.14712419330138,0.0,0.019708000850619238,0.18938250747902696,0.0,28.14712419330138,0.026966086272817144,12.782698235247775,10.144689900168817,1.0942503322357162,0.30512077697421897,0.0,0.007519223849541756,0.0089083415662015,0.0,0.0028062129827983546,19.971581044015224,0.0,-0.07317073170731701,1.386850979842341,0.29786298082418033,0.24931912725038374,0.0,-0.07661367922712752,0.0,0.29275398007260417,0.2067953772969581,0.20489152693225723,Banks—Regional,Financial Services,TRMK
2021Q1,2021,Q1,2021-05-06,2021-03-31,51962000.0,138546000.0,0.0,0.82,0.0,0.0,16878313000.0,1759705000.0,13340101000.0,0.0,15118608000.0,0.0,1533110000.0,2133906364.2599998,725481364.2599998,27.757389589369573,0.0,0.021691504358285096,0.2080553274554542,0.0,27.757389589369573,0.029528813068099482,15.402150652202154,10.266667777702937,1.2126500545602812,0.2826103691158924,0.0,0.006881745256471219,0.008208521787692881,0.0,0.0030786252156835814,28.69194955508047,0.0,0.012345679012345552,1.052207922644486,0.20148295801015437,0.244263393044414,0.0,0.01454595153952789,0.0,0.5090781504684427,0.1368780442473256,0.1987535647492705,Banks—Regional,Financial Services,TRMK
2020Q4,2020,Q4,2021-02-18,2020-12-31,51217000.0,153349000.0,0.0,0.81,0.0,0.0,16551840000.0,1741117000.0,13337789000.0,0.0,14810723000.0,0.0,1495833000.0,1732115420.8899999,164930420.88999987,27.451926526679028,0.0,0.023279526626646948,0.22130563310794163,0.0,27.451926526679028,0.02941617364025508,11.29525083887081,8.454787574877482,0.9948299975762686,0.286818829685456,0.0,0.008480959076302171,0.009264770563272724,0.0,0.0030943387562953725,20.323314179495,0.0,-0.05813953488372085,0.9583296553345061,0.3064365295991567,0.2590123839213574,0.0,-0.05920279206465834,0.0,2.469329021286368,0.2334835244230475,0.1832213307086397,Banks—Regional,Financial Services,TRMK
2020Q3,2020,Q3,2020-11-05,2020-09-30,54440000.0,156888000.0,0.0,0.86,0.0,0.0,15558162000.0,1710041000.0,12345899000.0,0.0,13848121000.0,0.0,1459306000.0,1357879835.72,1065584835.72,26.96260511931597,0.0,0.017501617478979842,0.15923185467482942,0.0,26.96260511931597,0.03183549400277537,8.655090483147214,6.2356715453710505,0.7940627363437485,0.2697648787656135,0.0,0.01081539000261604,0.010083967502073831,0.0,0.0034991279818271594,-24.939937474194615,0.0,0.6862745098039215,1.0397149538966188,0.31014831496662265,0.23346264668953515,0.0,0.6933125972006221,0.0,0.6815772289534295,0.26214925550421664,0.1541555124492894,Banks—Regional,Financial Services,TRMK
2020Q2,2020,Q2,2020-08-06,2020-06-30,32150000.0,152195000.0,0.0,0.51,0.0,0.0,15692079000.0,1673944000.0,12475516000.0,0.0,14018135000.0,0.0,1419552000.0,1554967847.6399999,774119847.6399999,26.39611291146298,0.0,0.01566344395793572,0.1468340637440679,0.0,26.39611291146298,0.019206138317649814,10.216944365057984,12.0915073688958,0.9289246519835789,0.45682737169517884,0.0,0.009445211373528205,0.009698842326756066,0.0,0.0020488043681146395,17.49966629123198,0.0,0.45714285714285724,0.11917873429847715,0.2804104489945651,0.22947222517231003,0.0,0.44702493473760013,0.0,0.4287536753233683,0.18967175232519554,0.1447303701042589,Banks—Regional,Financial Services,TRMK
2020Q1,2020,Q1,2020-05-08,2020-03-31,22218000.0,147648000.0,0.0,0.35,0.0,0.0,14019829000.0,1652399000.0,10815065000.0,0.0,12367430000.0,0.0,1402089000.0,1485529455.7,1259329455.7,25.9172893221817,0.0,0.012706360398546944,0.10780749685759916,0.0,25.9172893221817,0.013445905014466845,10.061290743525142,16.71538229926186,0.8990137707055015,0.661895760194437,0.0,0.00989950077635475,0.010531369533822417,0.0,0.0015847554203407188,-17.451768704917647,0.0,-0.33962264150943405,-0.19268962227231304,0.24717190191619043,0.21022393032228637,0.0,-0.34548989571672656,0.0,-0.24514245950396688,0.22679144264444795,0.140648574418412,Banks—Regional,Financial Services,TRMK
2019Q4,2019,Q4,2020-02-20,2019-12-31,33946000.0,132331000.0,0.0,0.53,0.0,0.0,13497877000.0,1660702000.0,10470037000.0,0.0,11837175000.0,0.0,1414526000.0,2217464759.16,2038154759.1599998,25.845202627576356,0.0,0.01330624067770065,0.10815064954459018,0.0,25.845202627576356,0.02044075336815395,16.756956111266444,16.33082512785011,1.3352574749473414,0.4383432510457786,0.0,0.006710365943148836,0.00980383804060446,0.0,0.0025149140120331514,17.798952988826816,0.0,-0.17187499999999997,0.2692360990226648,0.10204487686683979,0.22762111470060828,0.0,-0.17275496527354697,0.0,0.23525553734051066,0.10992890979924423,0.14974157307132277,Banks—Regional,Financial Services,TRMK
2019Q3,2019,Q3,2019-11-07,2019-09-30,41035000.0,137073000.0,0.0,0.64,0.0,0.0,13584786000.0,1645362000.0,10563068000.0,0.0,11939424000.0,0.0,1395460000.0,2195269799.4,1881866799.4,25.56555819942466,0.0,0.012724528748557394,0.10505894751428561,0.0,25.56555819942466,0.024939800481596146,16.015333431091463,13.374374310954062,1.3342169075255172,0.3632021445107835,0.0,0.006789142730462327,0.010090184711043663,0.0,0.0030206585514118514,-108.28539433729591,0.0,-0.015384615384615398,0.28016920659857175,0.06737470318502332,0.2183861648245286,0.0,-0.026222116753678214,0.0,0.3917032093778425,0.1387946983171825,0.12647705167680165,Banks—Regional,Financial Services,TRMK
2019Q2,2019,Q2,2019-08-06,2019-06-30,42140000.0,138361000.0,0.0,0.65,0.0,0.0,13548958000.0,1618550000.0,10389104000.0,0.0,11930408000.0,0.0,1369329000.0,2147305914.8000002,1917638914.8000002,25.024780879907816,0.0,0.012897375576778673,0.10796453615890766,0.0,25.024780879907816,0.026035649192178184,15.51958944211158,12.739119095870906,1.3266849431898922,0.35564784053156145,0.0,0.006979443355836836,0.0102119292125638,0.0,0.0031102022753336455,-84.82346098360657,0.0,0.27450980392156865,0.33566567552948984,0.07037234642401946,0.2055672113691016,0.0,0.26398512252917006,0.0,1.048858900971357,0.15228131802276634,0.11073291871000095,Banks—Regional,Financial Services,TRMK
2019Q1,2019,Q1,2019-05-07,2019-03-31,33339000.0,128644000.0,0.0,0.51,0.0,0.0,13478017000.0,1587028000.0,10170088000.0,0.0,11890989000.0,0.0,1342176000.0,2252718899.1,1978713899.1,24.326193943635655,0.0,0.013358196535885063,0.11344601355489632,0.0,24.326193943635655,0.021007190799406186,17.511262857964613,16.892520014847474,1.419457564138755,0.45091334473139566,0.0,0.0066732693573112655,0.009544727536699204,0.0,0.0024735834655795434,335.6255809147795,0.0,-0.07272727272727278,0.18774851597109082,0.060349085831079514,0.19356450797985966,0.0,-0.09128325337985173,0.0,0.279495884201947,0.0840866133256985,0.09045530087442297,Banks—Regional,Financial Services,TRMK
2018Q4,2018,Q4,2019-02-19,2018-12-31,36688000.0,130505000.0,0.0,0.55,0.0,0.0,13286460000.0,1591453000.0,9900486000.0,79006000.0,11695007000.0,0.0,1323870000.0,1900247098.72,1692427098.72,23.810065975354934,125.31309014505227,0.01066807863042526,0.08906389318440444,0.0,23.810065975354934,0.023053147029789757,14.560722567870963,12.948696431530745,1.194032810720769,0.4200556040122111,0.0,0.008109997910472169,0.00982240566712277,27.35708680353391,0.0027613073760806113,20.83215956148525,0.0,0.018518518518518535,0.3164967541198945,0.03167360922759012,0.181756126009171,0.0,0.011999006978732794,0.0,0.3311212335469029,0.055009639308490524,0.09198776617091861,Banks—Regional,Financial Services,TRMK
2018Q3,2018,Q3,2018-11-06,2018-09-30,36253000.0,137050000.0,0.0,0.54,0.0,0.0,13439812000.0,1599604000.0,9959165000.0,190023000.0,11840208000.0,0.0,1302593000.0,2245028654.0,2065332654.0,23.655311795410164,52.410313488367194,0.018807926777547185,0.15802348581273865,0.0,23.655311795410164,0.022663734274232874,16.38109196643561,15.481674992414423,1.4034902725924667,0.4321573387030039,0.0,0.006978530083384851,0.01019731526006465,12.08855770090989,0.002697433565290943,39.8598912344868,0.0,-0.08474576271186429,0.09023387267089086,0.03946755516880422,0.19524366648212949,0.0,-0.08941802928691633,0.0,0.2739611422103374,0.07342237320159152,0.0821633653837761,Banks—Regional,Financial Services,TRMK
2018Q2,2018,Q2,2018-08-07,2018-06-30,39813000.0,135389000.0,0.0,0.59,0.0,0.0,13525265000.0,1584072000.0,9896344000.0,186647000.0,11941193000.0,0.0,1282007000.0,2212615305.42,2074912305.42,23.360712200347226,53.021714787808,0.01844074774135664,0.15745243903054912,0.0,23.360712200347226,0.025133327273002742,16.34265195414694,13.893799169994725,1.3967896064194054,0.39401702961344287,0.0,0.007089800003449892,0.010010081133345632,12.653801025465183,0.002943602214078615,226.95818088214176,0.0,0.09259259259259246,0.2670961444742413,0.04698454451232796,0.1825008037849824,0.0,0.08099375509095846,0.0,0.29615065981709005,0.06523226975584291,0.08809001184784608,Banks—Regional,Financial Services,TRMK
2018Q1,2018,Q1,2018-05-07,2018-03-31,36830000.0,130349000.0,0.0,0.54,0.0,0.0,13463439000.0,1570137000.0,9673943000.0,442689000.0,11893302000.0,0.0,1257881000.0,2112935731.44,2303133731.44,23.155209215311295,21.852684390170076,0.03754419654591966,0.321929869813908,0.0,23.155209215311295,0.023456551880504696,16.209834608934475,14.342490710290525,1.3457015097663452,0.4251968503937008,0.0,0.0074114890325260654,0.009681701681123226,5.45026643987088,0.00273555664344006,39.07778308562974,0.0,1.347826086956522,0.44125342117602234,0.062266265166285,0.12928002545302267,0.0,1.3357432775240994,0.0,0.25826987723762673,0.03524456998420988,0.08124688333069494,Banks—Regional,Financial Services,TRMK
2017Q4,2017,Q4,2018-02-20,2017-12-31,15768000.0,132787000.0,0.0,0.23,0.0,0.0,13797953000.0,1571701000.0,9844223000.0,971049000.0,12226252000.0,0.0,1228187000.0,2158285353.12,2856368353.12,23.201007127075602,10.13772013564712,0.07492785342869338,0.6577911447533595,0.0,23.201007127075602,0.010032442557458448,16.25373984742482,34.219389794520545,1.3732162498592289,0.9954337899543378,0.0,0.007272439660172826,0.00962367388843838,2.651156635761944,0.0011427782077529907,32.356160846725835,0.0,-0.5490196078431373,-0.4558050339298503,1.185754274897732,0.16756567043936121,0.0,-0.5440006940628705,0.0,-0.4407846353872475,0.048918922254426546,0.102024489493748,Banks—Regional,Financial Services,TRMK
2017Q3,2017,Q3,2017-11-06,2017-09-30,34579000.0,132767000.0,0.0,0.51,0.0,0.0,13884655000.0,1582535000.0,9752984000.0,1322159000.0,12302120000.0,0.0,1228115000.0,2243603613.6,3278457613.6,23.361327679401988,7.376559097657695,0.09974875140937964,0.8751635824800084,0.0,23.361327679401988,0.021850385615484018,16.898804775283015,16.22085379565632,1.4177276417899127,0.4540906330431765,0.0,0.006998562448740746,0.009562138922429114,2.0566452295071924,0.0024904471879207656,32.23105320499928,0.0,0.45714285714285724,0.10575034563311686,-0.024471572490286638,0.184107988007268,0.0,0.43869357187434993,0.0,0.024886444278260044,-0.017787378328056734,0.11333843034009092,Banks—Regional,Financial Services,TRMK
2017Q2,2017,Q2,2017-08-07,2017-06-30,24035000.0,136645000.0,0.0,0.35,0.0,0.0,13909138000.0,1561918000.0,9657704000.0,1222592000.0,12347220000.0,0.0,1209238000.0,2178399343.68,3145496343.68,23.05880371554997,7.899367900329791,0.09241593548068902,0.8229791832861905,0.0,23.05880371554997,0.015388131771322183,15.942034788539646,22.658616014978154,1.3946950759770997,0.6532140628250468,0.0,0.007207126666443893,0.009824117066061176,2.2624203331937394,0.0017280006855924502,114.20180045504586,0.0,-0.2391304347826088,-0.21690668480481226,0.003503231277983789,0.1867778549981179,0.0,-0.23083077316948283,0.0,-0.2725858583752152,0.009367489215403405,0.11085638776492099,Banks—Regional,Financial Services,TRMK
2017Q1,2017,Q1,2017-05-08,2017-03-31,31248000.0,127773000.0,0.0,0.46,0.0,0.0,13490361000.0,1537961000.0,9317398000.0,864690000.0,11952400000.0,0.0,1200903000.0,2151781333.35,2949731333.35,22.72153746862505,10.775420092750004,0.08728750846623007,0.7656501042614214,0.0,22.72153746862505,0.020317810399613515,16.84065752036815,17.215352449356757,1.399113068114211,0.5023361495135689,0.0,0.007294886221343937,0.009471429267163422,3.174714637615793,0.0023163205195176023,66.20661928402203,0.0,0.06976744186046518,-0.021014210692650956,-0.07156712201375515,0.17672494848138476,0.0,0.08038585209003216,0.0,0.07299320023037892,0.015082262773207114,0.11483205108543423,Banks—Regional,Financial Services,TRMK
2016Q4,2016,Q4,2017-02-21,2016-12-31,28923000.0,125481000.0,0.0,0.43,0.0,0.0,13352333000.0,1520208000.0,9190689000.0,769778000.0,11832125000.0,0.0,1185352000.0,2410920232.4,3165897232.4,22.47914073293502,11.939402009410506,0.08108567993323713,0.7121939892435772,0.0,22.47914073293502,0.019025685958763538,19.21342858600107,20.839126580921757,1.5859147119341563,0.5422328250873008,0.0,0.006504985021585735,0.009397683535903426,3.487223589138687,0.002166138307065889,24.04188504587156,0.0,-0.06521739130434788,0.13358999718102824,-0.020811208803542088,0.18954580470625243,0.0,-0.06645794332192886,0.0,0.025767662940690175,-0.019600564906795546,0.11569880974142256,Banks—Regional,Financial Services,TRMK
2016Q3,2016,Q3,2016-11-04,2016-09-30,30982000.0,126476000.0,0.0,0.46,0.0,0.0,13161538000.0,1534761000.0,8962391000.0,412792000.0,11626777000.0,0.0,1172193000.0,1863747342.6,2755518342.6,22.695143377638637,21.711639275954962,0.09692757791680577,0.8312147624288081,0.0,22.695143377638637,0.020186856455174453,14.735976332268573,15.03895280001291,1.2143567256400183,0.5061648699244723,0.0,0.008414230642509193,0.009609515240544077,6.770702920599237,0.0023539802111273013,87.25817419354838,0.0,0.43750000000000006,0.08928423518064722,-0.07720408721591712,0.19121486927004727,0.0,0.4408222108542994,0.0,-0.06833206150794405,-0.04078491282876556,0.14672876082274772,Banks—Regional,Financial Services,TRMK
2016Q2,2016,Q2,2016-08-05,2016-06-30,21503000.0,125537000.0,0.0,0.32,0.0,0.0,13030349000.0,1523467000.0,8823079000.0,360434000.0,11506882000.0,0.0,1157025000.0,1680346339.3500001,2581678339.3500004,22.529971389496097,24.479041932781037,0.09388704784499632,0.8030242860527993,0.0,22.529971389496097,0.014114516428645977,13.385267605168199,19.536184943379997,1.1029752133456123,0.7283169790261824,0.0,0.009320102429632491,0.009634200895156377,7.519698474616712,0.0016502244107199277,167.04904457202505,0.0,-0.20000000000000004,-0.35526585010530753,-0.11403855705362595,0.21024286809397383,0.0,-0.20368107247342887,0.0,-0.3137218880703123,-0.026479584450060926,0.1404493599701039,Banks—Regional,Financial Services,TRMK
2016Q1,2016,Q1,2016-05-06,2016-03-31,27003000.0,122977000.0,0.0,0.4,0.0,0.0,12775196000.0,1508256000.0,8584305000.0,411385000.0,11266940000.0,0.0,1151757000.0,1557050515.8600001,2352894515.86,22.308290788378738,20.866840064659627,0.0801820966191047,0.679156588801901,0.0,22.308290788378738,0.017903459359684296,12.661314846353385,14.41553268025775,1.0323516139567819,0.579194904269896,0.0,0.010044632361437301,0.009626231957615366,6.311892752531084,0.0021137053396284486,-622.073717882541,0.0,-0.02439024390243891,0.06365432488094272,-0.052342376534831495,0.2296068104131802,0.0,-0.03069136334266638,0.0,0.05981661175050778,0.005147169138582532,0.08797579650696716,Banks—Regional,Financial Services,TRMK
2015Q4,2015,Q4,2016-02-23,2015-12-31,27858000.0,125030000.0,0.0,0.41,0.0,0.0,12678896000.0,1473057000.0,8482291000.0,412617000.0,11205839000.0,0.0,1142908000.0,1556536112.6399999,2304382112.64,21.80433399803141,20.557298899463667,0.0808900869602527,0.6962371449305763,0.0,21.80433399803141,0.018911691808259967,12.449301068863472,13.968484031875942,1.0566706601577536,0.5618852753248618,0.0,0.010056303784337748,0.0098612686782824,6.3574040817513575,0.002197194456047277,21.134230993075356,0.0,-0.023809523809523832,0.04810851797302312,-0.06943073438471546,0.21306361025649934,0.0,-0.020119591980302498,0.0,-0.03591748004110712,1.0636990970780777,0.09727960098705349,Banks—Regional,Financial Services,TRMK
2015Q3,2015,Q3,2015-11-05,2015-09-30,28430000.0,127555000.0,0.0,0.42,0.0,0.0,12390276000.0,1476756000.0,8167018000.0,709845000.0,10913520000.0,0.0,1130766000.0,1565304842.15,2168087842.15,21.85927980201131,11.505353985729279,0.06640973937949404,0.5571908968035343,0.0,21.85927980201131,0.019251657010365963,12.271607088314845,13.76455190072107,1.059961728376252,0.5507562434048541,0.0,0.010003163331746421,0.01029476663796674,3.666820221315921,0.0022945412999678134,49.50676330413056,0.0,-0.06666666666666672,0.03963559724511672,-0.08303524633215677,0.20513599457995457,0.0,-0.07097575321874387,0.0,-0.0883997793064786,-0.06021137878885756,0.10797417770350402,Banks—Regional,Financial Services,TRMK
2015Q2,2015,Q2,2015-08-06,2015-06-30,30602000.0,126625000.0,0.0,0.45,0.0,0.0,12182448000.0,1450409000.0,7880720000.0,201744000.0,10732039000.0,0.0,1117993000.0,1687569488.5,1747276488.5,21.469466630499582,39.06297089380601,0.0258369253864248,0.21701258058933723,0.0,21.469466630499582,0.021098876248010046,13.327300995064165,13.786431348441278,1.1635128356897952,0.5115678713809555,0.0,0.009276655039500023,0.010394052164228404,13.390400705845032,0.0025119746047756577,33.24670479126854,0.0,0.046511627906976785,0.10597052809027657,-0.10276895543559064,0.20040550612747066,0.0,0.04988335391793605,0.0,-0.00029600463450501303,-0.0676119141671091,0.10497872613034027,Banks—Regional,Financial Services,TRMK
2015Q1,2015,Q1,2015-05-07,2015-03-31,29148000.0,125385000.0,0.0,0.43,0.0,0.0,12179164000.0,1446084000.0,7955459000.0,50570000.0,10733080000.0,0.0,1103077000.0,1639526205.48,1467874205.48,21.415284124550276,157.31578010678268,0.01343212062831242,0.11312759148154602,0.0,21.415284124550276,0.020156505431219763,13.075935761693982,14.062081493412927,1.1337696879849304,0.5365376698229725,0.0,0.009538731340632283,0.010295041597272193,53.721633379474,0.002393267715255333,-290.79925602695994,0.0,0.023809523809523832,0.17310299234277957,-0.059036789350544884,0.2096051195416407,0.0,0.03829302176468493,0.0,-0.08462119962195905,-0.08673895873271362,0.10907543747745173,Banks—Regional,Financial Services,TRMK
2014Q4,2014,Q4,2015-03-02,2014-12-31,28073000.0,126039000.0,0.0,0.42,0.0,0.0,12250633000.0,1419940000.0,8041508000.0,425077000.0,10830693000.0,0.0,1092120000.0,1655117993.34,1877266993.34,21.053077629639397,18.91776783970904,0.043926056718865056,0.3789751679648436,0.0,21.053077629639397,0.01977055368536699,13.131792487563372,14.739411474904712,1.1656253034212711,0.5564777544259609,0.0,0.009438601998685948,0.010288366323601401,6.329535590022513,0.0022915550567876777,34.588994866147,0.0,-0.16000000000000003,0.0839487163387926,-0.07354034125195182,0.20893134366259858,0.0,-0.16422042930721367,0.0,0.1032410141579768,-0.013806088740934159,0.11408173773298615,Banks—Regional,Financial Services,TRMK
2014Q3,2014,Q3,2014-11-06,2014-09-30,33589000.0,134569000.0,0.0,0.5,0.0,0.0,12096316000.0,1415098000.0,7894360000.0,316666000.0,10681218000.0,0.0,1081161000.0,1553475516.58,1752431516.58,20.9831323906297,24.929610378127112,0.03608148133696243,0.3084259888714421,0.0,20.9831323906297,0.02373616526911917,11.544081598139243,11.562382897525975,1.0977865254420542,0.46527136860281637,0.0,0.010060023369023079,0.011124792044123186,8.21493939987242,0.0027767958442884593,23.5328725641919,0.0,0.02040816326530614,0.12128702758785997,-0.13846817818829152,-0.013328347371289706,0.0,0.02103535276772958,0.0,0.18418749506834656,-0.015458123589129588,0.10135542621016706,Banks—Regional,Financial Services,TRMK
2014Q2,2014,Q2,2014-08-07,2014-06-30,32897000.0,134784000.0,0.0,0.49,0.0,0.0,12119996000.0,1399891000.0,7917081000.0,61227000.0,10720105000.0,0.0,1063201000.0,1665085180.71,1523364180.71,20.757682063605927,129.3070214121221,0.014953717806507527,0.12946650846387325,0.0,20.757682063605927,0.023499686761326417,12.353730269987535,12.653776793552604,1.1894391639849102,0.4750281180654771,0.0,0.009385105447480214,0.01112079574943754,44.08824538193934,0.0027142748231930107,55.584363089531315,0.0,0.13953488372093023,0.6894768451123882,-0.11270958277877167,-0.00871609994940129,0.0,0.13426197289935524,0.0,-0.011003033189216466,-0.04624141065842934,0.11504077130579729,Banks—Regional,Financial Services,TRMK
2014Q1,2014,Q1,2014-05-08,2014-03-31,29003000.0,125359000.0,0.0,0.43,0.0,0.0,12057054000.0,1373895000.0,7842462000.0,59671000.0,10683159000.0,0.0,1045939000.0,1708847226.45,1464808226.45,20.38113045503372,131.42836553769837,0.01491077339456222,0.13085425014284208,0.0,20.38113045503372,0.021110055717503885,13.631627776625532,14.729917822725236,1.243797543807933,0.5377719546253836,0.0,0.009127205614747422,0.010397150083262462,47.02887499790518,0.0024054798128962515,31.0372194131643,0.0,0.023809523809523832,-0.06833739106529331,-0.1892807534280056,-0.026233444471496326,0.0,0.034380684047219945,0.0,0.14581606510034267,-0.031127618873340635,0.12338399428091014,Banks—Regional,Financial Services,TRMK
2013Q4,2013,Q4,2014-02-24,2013-12-31,28039000.0,127275000.0,0.0,0.42,0.0,0.0,11790383000.0,1354953000.0,7737543000.0,66385000.0,10435430000.0,0.0,1034966000.0,1804986698.68,1645828698.68,20.148036850684502,116.55559237779619,0.01582671232987088,0.13771916811874654,0.0,20.148036850684502,0.020693706718978445,14.181785100608918,16.09353666928207,1.3321397116209934,0.5564392453368523,0.0,0.008643831010727037,0.010794814723151911,38.260375084733,0.0023781246122369392,1752.4142705631068,0.0,-0.14285714285714288,-0.05606401697738492,-0.13666793638759386,-0.019479508595405478,0.0,-0.15120784646122176,0.0,0.05975157095465837,-0.048381642714125754,0.12091707657197678,Banks—Regional,Financial Services,TRMK
2013Q3,2013,Q3,2013-11-07,2013-09-30,33034000.0,130980000.0,0.0,0.49,0.0,0.0,11805197000.0,1329514000.0,7674242000.0,60698000.0,10475683000.0,0.0,1023983000.0,1719731532.8000002,1565048532.8000002,19.7912044704935,126.43319384493724,0.01533324687423683,0.1361489988070829,0.0,19.7912044704935,0.024846673295655406,13.129726162772943,13.014859938245445,1.2935038914971937,0.47121147908215777,0.0,0.00905141279502856,0.011095113448763285,61.08596658868497,0.002798259105714204,42.486635195296095,0.0,0.06521739130434775,0.1993794999386648,-0.08475734130253078,0.18791222200138774,0.0,0.06146974711609524,0.0,0.21483599633922662,-0.05308205424025447,0.09111979440826987,Banks—Regional,Financial Services,TRMK
2013Q2,2013,Q2,2013-08-07,2013-06-30,31121000.0,128080000.0,0.0,0.46,0.0,0.0,11863312000.0,1326819000.0,7594862000.0,56645000.0,10536493000.0,0.0,1006554000.0,1679063250.0,1554599250.0,19.7553457262554,134.0782416806426,0.01492568011361414,0.1334530180830995,0.0,19.7553457262554,0.023455346961416743,13.109488210493442,13.488185228623758,1.265480257668906,0.49959834195559266,0.0,0.009259925139806377,0.01079631050755472,67.31776855856651,0.0026232977772143225,15.156325880324598,0.0,0.21052631578947373,0.5126003252404131,-0.1334001755787301,0.20944591347390898,0.0,0.2515482988820076,0.0,0.13133043295406308,-0.08713125985834665,0.10456520384907932,Banks—Regional,Financial Services,TRMK
2013Q1,2013,Q1,2013-05-08,2013-03-31,24866000.0,119404000.0,0.0,0.38,0.0,0.0,11850515000.0,1352946000.0,7552721000.0,46325000.0,10497569000.0,0.0,991012000.0,1616918414.02,1576051414.02,20.50439987727786,163.03769023205612,0.017048119849643665,0.14932525023171656,0.0,20.50439987727786,0.01837915186563248,13.54157661401628,16.256318004705218,1.1951093495379712,0.6257540416633154,0.0,0.009623243736407553,0.01007584902428291,81.79123583378305,0.0020983054322955583,-125.71282957704867,0.0,-0.11627906976744183,-0.1807532997017445,-0.16451064602952406,0.24492925823555803,0.0,-0.10263442800433056,0.0,0.024164200739798993,-0.0829728041610464,0.15815540529071256,Banks—Regional,Financial Services,TRMK
2012Q4,2012,Q4,2013-02-27,2012-12-31,27710000.0,58099000.0,0.0,0.43,0.0,0.0,9828667000.0,1287369000.0,6618142000.0,86920000.0,8541298000.0,0.0,984563000.0,1455081364.22,1422239364.22,19.871265243988322,76.14061205706396,0.020210980797294283,0.15430463216063148,0.0,19.871265243988322,0.021524520164770165,25.04486074149297,13.127764022194155,1.1302752856562495,0.5420425839047275,0.0,0.01032244681935811,0.00591117798578383,33.24015186378279,0.0028193039808958836,16.896955980026707,0.0,-0.06521739130434788,0.02152360500916109,-0.5822790714947361,0.22971588001789586,0.0,-0.07336811128945961,0.0,0.11386693082858376,-0.5554024174050056,0.1410681048299621,Banks—Regional,Financial Services,TRMK
2012Q3,2012,Q3,2012-11-07,2012-09-30,29904000.0,130144000.0,0.0,0.46,0.0,0.0,9872159000.0,1278015000.0,6593120000.0,83612000.0,8594144000.0,0.0,973182000.0,1565692211.93,1551835211.93,19.72905167096854,78.85375304980147,0.01978604680090748,0.1528393641702171,0.0,19.72905167096854,0.023398786399220665,12.03046019739673,13.089320926381086,1.225096897868961,0.5022739432851793,0.0,0.00959320094048697,0.013182931919957935,2.501889680907047,0.0030291246322106443,-229.64098150924025,0.0,0.02222222222222224,-0.0948316295602605,-0.017957654370866733,0.2395984749499998,0.0,0.018910354696923235,0.0,0.039286923362317386,-0.13256507397160608,-0.07229789839744817,Banks—Regional,Financial Services,TRMK
2012Q2,2012,Q2,2012-08-08,2012-06-30,29349000.0,130208000.0,0.0,0.45,0.0,0.0,9890846000.0,1258495000.0,6407386000.0,78594000.0,8632351000.0,0.0,958322000.0,1585607054.4,1491177054.4,19.4297556349217,81.52512914471842,0.01924051794962736,0.1512163337955256,0.0,19.4297556349217,0.023320712438269522,12.177493352174983,13.506482796688132,1.259923205415993,0.5118061944188899,0.0,0.009473343321926633,0.013164495736765086,3.6228592513423417,0.002967289147965705,-46.979557773103025,0.0,-0.042553191489361625,-0.12862357641917874,0.008835764378781901,0.25769687887432885,0.0,-0.032025065963060685,0.0,0.5693523686587197,-0.10752444763440405,-0.07213127728821886,Banks—Regional,Financial Services,TRMK
2012Q1,2012,Q1,2012-05-09,2012-03-31,30320000.0,130729000.0,0.0,0.47,0.0,0.0,9931593000.0,1241520000.0,6415265000.0,82023000.0,8690073000.0,0.0,944101000.0,1606140009.24,1586366009.24,19.309132094078734,78.21300123136193,0.019506034933167316,0.1560393710934983,0.0,19.309132094078734,0.02442167665442361,12.28602688951954,13.243238862467019,1.293688389425865,0.49142480211081796,0.0,0.009276899843277326,0.013162943749305876,2.6029284468990403,0.0030528838626391556,54.61760836671541,0.0,0.2368421052631578,0.07173040852193877,0.08529230695535424,0.2692503520773442,0.0,0.2498969412152692,0.0,0.02112579693635666,-0.1136174226519776,-0.07745121935314045,Banks—Regional,Financial Services,TRMK
2011Q4,2011,Q4,2012-02-27,2011-12-31,24258000.0,121837000.0,0.0,0.38,0.0,0.0,9727007000.0,1215037000.0,6709273000.0,87628000.0,8511970000.0,0.0,932526000.0,1561775053.02,1558473053.02,18.89724686851049,76.56540146984982,0.020491709320246198,0.16404685618627252,0.0,18.89724686851049,0.019964824116467234,12.818561299276903,16.095463898713827,1.2853724232430783,0.6130348750927529,0.0,0.009521857818924685,0.012525641237844283,2.3123316748071394,0.0024938812113530916,42.690111880056854,0.0,-0.09523809523809519,-0.24636410179617138,0.0025841321418743203,0.24589956618490505,0.0,-0.10048946900029665,0.0,-0.1458472554640008,-0.1356005347761019,-0.08035021362012558,Banks—Regional,Financial Services,TRMK
2011Q3,2011,Q3,2011-11-08,2011-09-30,26968000.0,129952000.0,0.0,0.42,0.0,0.0,9705921000.0,1221606000.0,6666707000.0,98887000.0,8484315000.0,0.0,923891000.0,1163764115.25,1129947115.25,19.052098796874294,67.41742595083277,0.021771761793651524,0.172981304937926,0.0,19.052098796874294,0.02207585751870898,8.955338242197119,10.788379887737317,0.9526509490375783,0.5515425689706318,0.0,0.012780940574718413,0.013388940627066715,2.4789102713197892,0.002778510148598984,-164.6292425024756,0.0,-0.14285714285714288,-0.20643128856805001,0.028079051590984054,0.20214990491846183,0.0,-0.1466362888424783,0.0,0.0258327350089437,-0.04863626454884285,0.1435494514407675,Banks—Regional,Financial Services,TRMK
2011Q2,2011,Q2,2011-08-08,2011-06-30,31602000.0,134262000.0,0.0,0.49,0.0,0.0,9698451000.0,1192770000.0,6713980000.0,90156000.0,8505681000.0,0.0,911797000.0,1499926620.27,1482702620.27,18.616074495013404,74.47069523936288,0.021099142533173597,0.17155780242628504,0.0,18.616074495013404,0.026494630146633467,11.171639185100773,11.865757074473134,1.2575153803918608,0.47066641351813177,0.0,0.009916485112666745,0.013843654002066929,2.460768002129642,0.0032584584899176166,43.65327765628638,0.0,0.32432432432432434,-0.10322544341190484,0.07566066759808478,0.3682573761533583,0.0,0.3160371465456211,0.0,0.6100659403255968,-0.047754698691595356,0.1396983649340335,Banks—Regional,Financial Services,TRMK
2011Q1,2011,Q1,2011-05-06,2011-03-31,24013000.0,122746000.0,0.0,0.37,0.0,0.0,9514462000.0,1160229000.0,6592946000.0,154585000.0,8354233000.0,0.0,898222000.0,1497719796.6200001,1570887796.6200001,18.1426213643714,42.64932561374001,0.027984241252947354,0.22948486893535672,0.0,18.1426213643714,0.020696776239862994,12.20178088589445,15.5928017804939,1.290882917613678,0.6190813309457377,0.0,0.009925755160310395,0.012900992194829304,1.249066856422033,0.0025238421258080594,15.356503605249667,0.0,-0.05128205128205133,-0.29152117868822647,0.011889621616281435,0.3281053301701654,0.0,-0.045588235294117645,0.0,-0.18370917901822453,-0.11382577610877649,0.10153334371052099,Banks—Regional,Financial Services,TRMK
2010Q4,2010,Q4,2011-02-25,2010-12-31,25160000.0,127184000.0,0.0,0.39,0.0,0.0,9553902000.0,1149484000.0,6379797000.0,425343000.0,8404418000.0,0.0,890917000.0,1588529451.24,1963990451.24,17.974600683488426,14.999181836776437,0.05620792425963758,0.4671704869315275,0.0,17.974600683488426,0.021888081956773647,12.49001015253491,15.784275151430842,1.3819500325711365,0.5893879173290938,0.0,0.009335048833010014,0.013312257128029992,0.3797970108829815,0.0026334789701631858,20.375688813011468,0.0,-0.025000000000000022,-0.21551106953743301,0.04238591673967268,0.34104407443474055,0.0,-0.027068832173240527,0.0,-0.060371102393738,-0.07363123322480561,0.11234245157858211,Banks—Regional,Financial Services,TRMK
2010Q3,2010,Q3,2010-11-05,2010-09-30,25860000.0,131546000.0,0.0,0.4,0.0,0.0,9416905000.0,1158792000.0,6785782000.0,318457000.0,8258113000.0,0.0,881545000.0,1388881640.0,1631104640.0,18.13843408571518,21.30831478033141,0.04655022005637734,0.3782896326519341,0.0,18.13843408571518,0.022316343226394385,10.558144223313517,13.42693000773395,1.1985599141174603,0.5735112142304718,0.0,0.010678375732578625,0.013969133170611788,0.6158947675824366,0.0027461251865660745,-234.2522583909597,0.0,-0.02439024390243891,-0.12003582333989973,0.03696233727426646,0.4114047235309173,0.0,-0.011505676388517258,0.0,-0.20630681707687412,0.006486038070848795,0.13965818558423512,Banks—Regional,Financial Services,TRMK
2010Q2,2010,Q2,2010-08-06,2010-06-30,26161000.0,133433000.0,0.0,0.41,0.0,0.0,9244545000.0,1142380000.0,6769229000.0,208136000.0,8102165000.0,0.0,870532000.0,1329835860.0,1471500860.0,17.885178400889263,32.52310508513664,0.03548362845332031,0.28714613351074075,0.0,17.885178400889263,0.02290043593200161,9.966319126452976,12.708190245021216,1.164092386071185,0.56668323076335,0.0,0.011147992354485011,0.014433701171880281,0.8954001229965023,0.002829885083581723,49.95439164569325,0.0,0.10810810810810806,0.050200988261518156,0.2408485388625852,0.3675833770802108,0.0,0.1153698571733106,0.0,-0.21234927152603425,0.04836591752746605,0.15771569522364884,Banks—Regional,Financial Services,TRMK
2010Q1,2010,Q1,2010-05-10,2010-03-31,23455000.0,125787000.0,0.0,0.37,0.0,0.0,9293215000.0,1128529000.0,6865564000.0,132784000.0,8164686000.0,0.0,860398000.0,1557241490.0,1692938490.0,17.704359694397816,51.70475358476925,0.03525905727996178,0.29035142207245007,0.0,17.704359694397816,0.020783692754018725,12.379987518583002,16.59818258367086,1.3798861083764795,0.6317203154977616,0.0,0.009514901892319861,0.013535358861276749,1.445754006506808,0.0025238843607944075,15.356805352846042,0.0,-0.026315789473684233,-0.21710218748338903,0.07132387254983623,0.3790857242413424,0.0,-0.04175348286146178,0.0,-0.1637227915323386,0.05334105638978645,0.16376358429436214,Banks—Regional,Financial Services,TRMK
2009Q4,2009,Q4,2010-02-25,2009-12-31,24477000.0,128575000.0,0.0,0.38,0.0,0.0,9526018000.0,1110060000.0,7096035000.0,253957000.0,8415958000.0,0.0,853553000.0,1436767220.0,1672083220.0,17.414618075710273,27.94187598687967,0.04711674909705189,0.4043339999639659,0.0,17.414618075710273,0.022050159450840497,11.174545751506903,14.674666217265187,1.294314919914239,0.6836213588266536,0.0,0.011646284636143077,0.013497245123828236,0.8407683190461377,0.002569489161158419,50.52101761665319,0.0,-0.025641025641025664,-0.24152912221342607,0.19019940248241893,0.3223681333508625,0.0,-0.04049392395139161,0.0,-0.2329507659286908,0.06722657301602035,0.14814952975810997,Banks—Regional,Financial Services,TRMK
2009Q3,2009,Q3,2009-11-09,2009-09-30,25510000.0,133016000.0,0.0,0.39,0.0,0.0,9368498000.0,1221361000.0,7077477000.0,315105000.0,8147137000.0,0.0,854508000.0,1094060550.0,1412586550.0,21.266580766485,22.460694054362833,0.05443508660619877,0.41754649116845877,0.0,21.266580766485,0.020886535594308316,8.225029695675708,10.721879165033322,0.8957716432733648,0.6277538220305763,0.0,0.014637215463074688,0.014198220461807218,0.6075720791482204,0.0027229551631435477,9.121503964383082,0.0,0.6956521739130435,-0.0934996022790774,0.3157828475443311,0.6602460336893592,0.0,0.5390648567119155,0.0,-0.16191472706431337,0.17486882425721162,0.34187935507478323,Banks—Regional,Financial Services,TRMK
2009Q2,2009,Q2,2009-08-07,2009-06-30,16575000.0,129307000.0,0.0,0.23,0.0,0.0,9626870000.0,1202114000.0,7351281000.0,314751000.0,8424756000.0,0.0,845882000.0,1109103240.0,1398010240.0,20.940198930444023,23.355862253019055,0.05293652038513037,0.4239306754600645,0.0,20.940198930444023,0.013788209770454384,8.577286921821711,16.7285556561086,0.9226273381725859,0.9661538461538461,0.0,0.014438691929166126,0.013431883883339029,0.7012082566854434,0.0017217434119293188,35.1371214953271,0.0,-0.4390243902439024,-0.4934599001983784,0.20690402183794437,0.709172384615942,0.0,-0.3741740607891259,0.0,-0.4750402653078609,0.1562399199029876,0.5390775134883273,Banks—Regional,Financial Services,TRMK
2009Q1,2009,Q1,2009-05-11,2009-03-31,26485000.0,131553000.0,0.0,0.41,0.0,0.0,9775714000.0,1200368000.0,7389742000.0,448380000.0,8575346000.0,0.0,845779000.0,1054111380.0,1466134380.0,20.93020174016146,16.480980418395113,0.0657991835685864,0.5358640017061435,0.0,20.93020174016146,0.02206406701944737,8.012826617408953,9.950079101378138,0.8781568485664396,0.5973947517462714,0.0,0.015009799059374542,0.013457124461701723,0.5156585931575896,0.002709265021460325,-75.78628082536487,0.0,-0.06818181818181825,0.003924728927228276,0.32228162840971775,0.6937655045504334,0.0,0.04551555345018159,0.0,-0.12866910461222852,0.20928658259707308,0.5321662693812399,Banks—Regional,Financial Services,TRMK
2008Q4,2008,Q4,2009-02-26,2008-12-31,25332000.0,125723000.0,0.0,0.44,0.0,0.0,9790909000.0,1178466000.0,7473821000.0,730958000.0,8612443000.0,0.0,836642000.0,1238208090.0,1831081090.0,20.548307788879008,10.224692800407137,0.08689724314667821,0.7219580369734893,0.0,20.548307788879008,0.021495741073565125,9.848699840124718,12.219801930364756,1.0506947930614885,0.5236854571293226,0.0,0.010713869588753859,0.012840789348568147,0.3528656913256302,0.0025872980741624705,-40.61030141029846,0.0,0.07317073170731714,-0.15681329771930744,0.23790174590915014,0.7329179680259819,0.0,0.08469641174959322,0.0,-0.11925873003367954,0.14898266328154822,0.533062507766901,Banks—Regional,Financial Services,TRMK
2008Q3,2008,Q3,2008-11-07,2008-09-30,23354000.0,121346000.0,0.0,0.41,0.0,0.0,9086273000.0,948998000.0,7371441000.0,369037000.0,8137275000.0,0.0,824768000.0,1181370642.24,1435228642.24,16.660494019624945,19.974801984624847,0.053803578210780155,0.5151475556323617,0.0,16.660494019624945,0.02460911403396003,9.735554878117119,12.646341550055665,1.2448610452709066,0.5677400017127687,0.0,0.011223404007111245,0.013354870583351391,0.63683587282576,0.002570250750775373,14.781360087083819,0.0,0.32258064516129026,-0.25454546195212757,0.21046000737486775,0.4396755397242361,0.0,0.3305606198723792,0.0,-0.10869565692062566,0.07285017466230559,0.2964018748551241,Banks—Regional,Financial Services,TRMK
2008Q2,2008,Q2,2008-08-11,2008-06-30,17552000.0,126084000.0,0.0,0.31,0.0,0.0,9315049000.0,935885000.0,7598021000.0,260812000.0,8379164000.0,0.0,814674000.0,1011274399.9999999,1095287400.0,16.33421181234292,29.1321756667638,0.04086301639422402,0.40671770570102095,0.0,16.33421181234292,0.018754440983667867,8.020640208115223,14.403976754785777,1.0805541279110147,0.754728805834093,0.0,0.01309931310433647,0.013535516560353037,1.1373249697099828,0.0018842627666263484,34.001560083383765,0.0,-0.3260869565217392,-0.4220018651899701,0.17337257754296706,0.4456817090846423,0.0,-0.32953894342793844,0.0,-0.21451534889109095,0.30709909055723283,0.24898930564521088,Banks—Regional,Financial Services,TRMK
2008Q1,2008,Q1,2008-05-12,2008-03-31,26179000.0,123265000.0,0.0,0.46,0.0,0.0,9097153000.0,937341000.0,7715336000.0,93453000.0,8159812000.0,0.0,810369000.0,1267974183.6000001,1191048183.6000001,16.470333347566115,82.55846254266851,0.023444037931427558,0.22753085589982727,0.0,16.470333347566115,0.027929003425647657,10.286571075325519,12.108695744680851,1.352735219733267,0.50613086825318,0.0,0.01044973956991848,0.013549843560947034,3.1053042705959144,0.00287771350003677,76.90751401710439,0.0,0.09523809523809533,0.12195120773314215,0.17179780035912304,0.4887921295630773,0.0,0.09861932938856016,0.0,-0.021276604318208117,0.1758774926465688,0.28296091952491975,Banks—Regional,Financial Services,TRMK
2007Q4,2007,Q4,2008-02-29,2007-12-31,23829000.0,122180000.0,0.0,0.42,0.0,0.0,8966802000.0,919636000.0,7711210000.0,474354000.0,8047166000.0,0.0,797993000.0,1443259663.2,1744443663.2,16.15923284954175,16.256234795110824,0.06626297759223411,0.6460893222970827,0.0,16.15923284954175,0.025911338834060434,11.812568859060404,15.141840438121616,1.5693814326537892,0.5536111460825045,0.0,0.009140420352877219,0.013625816651243107,0.6176463147775711,0.0026574691846658373,-5750.038498804781,0.0,-0.17647058823529416,-0.14795959097676473,0.1905404716147599,0.42006446726739577,0.0,-0.18059901654000893,0.0,-0.1729651428315096,0.26677822689705627,0.2270412412566749,Banks—Regional,Financial Services,TRMK
2007Q3,2007,Q3,2007-11-08,2007-09-30,29081000.0,116655000.0,0.0,0.51,0.0,0.0,8910987000.0,907537000.0,7572309000.0,340598000.0,8003450000.0,0.0,787356000.0,1653625501.0,1807921501.0,15.915679205530104,22.232394200788026,0.05166689166980044,0.5073104457449118,0.0,15.915679205530104,0.03204387259142052,14.175350400754361,14.215686367387642,1.8221025710246523,0.4349919191224511,0.0,0.007649857838035361,0.013091142429003656,0.8987339913916113,0.0032634993183134485,53.03141238535052,0.0,0.0,0.04081631280599942,0.06353662845331216,0.40975342425012556,0.0,-0.02504358321040633,0.0,0.040816316765914684,0.16222686537804112,0.24251018838422284,Banks—Regional,Financial Services,TRMK
2007Q2,2007,Q2,2007-08-06,2007-06-30,29828000.0,114302000.0,0.0,0.51,0.0,0.0,8828767000.0,886160000.0,7395860000.0,138529000.0,7942607000.0,0.0,770925000.0,1481648526.54,1447726526.54,15.448679217771323,53.38853236506436,0.029259578376006526,0.29151169089103546,0.0,15.448679217771323,0.03365983569558545,12.962577439939809,12.418269130850206,1.6719875942719147,0.42590854230923963,0.0,0.008574233208780525,0.012946541685832235,2.109652130600813,0.003378501210871235,77.19733895378523,0.0,0.15909090909090912,0.04000000836797657,0.1869287813371462,0.4022596796963661,0.0,0.15357543411842053,0.0,-0.08771928648518511,0.06769840203410339,0.26094580025296205,Banks—Regional,Financial Services,TRMK
2007Q1,2007,Q1,2007-05-10,2007-03-31,25857000.0,110093000.0,0.0,0.44,0.0,0.0,8893337000.0,894007000.0,7372330000.0,167831000.0,7999330000.0,0.0,753801000.0,1647796088.36,1598978088.36,15.213020868953121,43.92710524277398,0.0323410661262471,0.3217200760173019,0.0,15.213020868953121,0.02892259232869541,14.96731025914454,15.931818157172138,1.8431579264591886,0.4999033143829524,0.0,0.007844417213579409,0.012379267759672213,2.004623698839904,0.0029074575718878075,-559.5232897657046,0.0,-0.12,-0.08333332707942188,0.15019751676031723,0.4020721943483463,0.0,-0.12107821475916924,0.0,-0.04347825652933603,0.07993707341183634,0.23110566671680252,Banks—Regional,Financial Services,TRMK
