Quarters,Year,Quarter,FillingDate,Date,NetIncome,Revenue,OperatingIncome,EPSDiluted,GrossProfit,GrossProfitRatio,TotalAssets,CommonStockEquity,CurrentAssets,CurrentLiability,TotalLiability,Inventory,RetainedEarnings,MarketCap,EnterpriseValue,bookValuePerShare,currentRatio,debtToAssets,debtToEquity,roic,shareholdersEquityPerShare,roe,priceToSalesRatio,peRatio,pbRatio,payoutRatio,inventoryTurnover,dividendYield,assetTurnover,quickRatio,returnOnAssets,priceToFreeCashFlowsRatio,grossProfitMargin,epsdilutedGrowth,fiveYNetIncomeGrowthPerShare,fiveYRevenueGrowthPerShare,fiveYShareholdersEquityGrowthPerShare,grossProfitGrowth,netIncomeGrowth,operatingIncomeGrowth,threeYNetIncomeGrowthPerShare,threeYRevenueGrowthPerShare,threeYShareholdersEquityGrowthPerShare,Industry,Sector,Symbol
2023Q2,2023,Q2,2023-05-24,2023-04-29,977656000.0,3262930000.0,1128384000.0,1.92,2144546000.0,0.6572454818,49544739000.0,36013224000.0,4744920000.0,2646410000.0,13531515000.0,1648136000.0,9839790000.0,90788134200.0,96339806200.0,71.35358370565567,1.7929648089298333,0.13582231203195963,0.18685583384592283,0.023723833087386622,71.35358370565567,0.027147139062028994,27.824113358239373,23.215766639799682,2.5209665816090223,0.4451596471560549,0.6785750690476999,0.004793721160094069,0.06585825389048876,1.0557188795386958,0.019732791406974613,113.87761849273058,0.6572454818215531,0.02127659574468087,0.8888682585752585,0.5825579482912379,1.4966782641900593,0.009511184880393497,0.01683040831057314,-0.002154188995596116,1.6644146404089375,0.8074230647335383,1.266752170662898,Semiconductors,Technology,ADI
2023Q1,2023,Q1,2023-02-15,2023-01-28,961474000.0,3249630000.0,1130820000.0,1.88,2124341000.0,0.6537178079,50234520000.0,36531485000.0,5161500000.0,2433677000.0,13703035000.0,1522942000.0,9297347000.0,86631480430.0,91504268430.0,72.0370187785558,2.1208648477180825,0.13025405637398346,0.17911262025072344,0.023513500366418773,72.0370187785558,0.026319050539555126,26.658875142708556,22.525695034395106,2.3714196241954033,0.4008969561319391,0.7388915664549274,0.0044493294826175,0.0646891818613973,1.3561092947009812,0.019139707117734977,70.42368142181381,0.6537178078735117,0.03296703296703287,1.6094460796667955,0.5574276110095173,1.5694749928495282,-0.00862136955360122,0.026967847506905385,0.025709403197892743,2.4244927167626527,0.8101800329404796,1.2692968265527282,Semiconductors,Technology,ADI
2022Q4,2022,Q4,2022-11-22,2022-10-29,936226000.0,3247716000.0,1102476000.0,1.82,2142815000.0,0.6597913734,50302350000.0,36465323000.0,4937992000.0,2442655000.0,13837027000.0,1399914000.0,8721325000.0,74212027280.0,79290080280.0,71.18921541257752,2.0215675156745427,0.1312513828876782,0.1810556566302731,0.02283982163004388,71.18921541257752,0.025674419502605256,22.85052858070102,19.816803656382113,2.035139721098864,0.41693458630715236,0.7892634833282616,0.005259861700411966,0.06456390208409746,1.3391305771793396,0.01861197339686913,87.84318068615475,0.6597913733836333,0.263888888888889,0.9404766202032275,0.5184393461856316,1.5857735229379086,0.048784176528112094,0.24999299051382873,0.23415268676131135,1.42904035326247,0.6213110228608233,1.2437466318951536,Semiconductors,Technology,ADI
2022Q3,2022,Q3,2022-08-17,2022-07-30,748985000.0,3109880000.0,893306000.0,1.44,2043142000.0,0.6569841923,50346170000.0,36638591000.0,4689708000.0,2441201000.0,13707579000.0,1203394000.0,8175444000.0,88905211560.0,93633090560.0,70.86617306014766,1.921065901578772,0.12419691507814795,0.17066264911770215,0.018396671735454756,70.86617306014766,0.020442516471225653,28.587987819465702,29.6752309992857,2.426545593961296,0.5260692804261767,0.8864411821897068,0.004431888672061555,0.06176994198367026,1.3385239478437048,0.014876702636963248,82.09448859701449,0.6569841923161023,-0.0335570469798658,6.721326877639897,0.5408595042351787,1.623246062903802,0.050717914961018656,-0.043775286522068295,-0.02707041575497108,0.47730284676574014,0.5017353372252389,1.221107983616915,Semiconductors,Technology,ADI
2022Q2,2022,Q2,2022-05-18,2022-04-30,783273000.0,2972064000.0,918161000.0,1.49,1944520000.0,0.654265857,50800652000.0,37099782000.0,4634189000.0,2326212000.0,13700870000.0,1075297000.0,7820477000.0,80643480600.0,85158962600.0,71.02203801902866,1.9921610756027395,0.12309320360691434,0.1685512599507997,0.018867005019495352,71.02203801902866,0.02111260384225438,27.133830428954422,25.739263513487632,2.1736914950066284,0.5075420702615818,0.9555908739631934,0.0049296483366319385,0.05850444596655964,1.438384377692145,0.015418561950740317,73.11100044604488,0.6542658569936582,1.811320754716981,4.469942942811709,0.6916148884010329,1.4322206258509336,0.38696445142179337,1.7966344969419124,1.5171854138508651,0.5047947435783003,0.3761630800834338,1.2333526865424227,Semiconductors,Technology,ADI
2022Q1,2022,Q1,2022-02-16,2022-01-29,280077000.0,2684293000.0,364757000.0,0.53,1401997000.0,0.52229656,51215614000.0,37427312000.0,4636695000.0,2221906000.0,13788302000.0,972571000.0,7434748000.0,83326911330.0,87790087330.0,71.25062489172669,2.08680970302074,0.12210290010386286,0.16708587033982028,0.007228389007885141,71.25062489172669,0.00748322508439826,31.042405329820554,74.37857386540131,2.2263664387653592,1.2948046430088869,1.318460040449489,0.004352075388511823,0.052411614161259494,1.542516650119312,0.0054685862010753206,111.80618201212967,0.5222965600253028,2.3125,-0.24174155577245282,0.6028553770164454,3.146138046045773,0.24975218840812252,2.7004637520313923,0.9032454996086616,-0.4462439754980356,0.22257504830243216,1.2675294120933294,Semiconductors,Technology,ADI
2021Q4,2021,Q4,2021-12-03,2021-10-30,75687000.0,2339568000.0,191650000.0,0.16,1121820000.0,0.4794987793,52322071000.0,37992542000.0,5378317000.0,2770312000.0,14329529000.0,1200610000.0,7517316000.0,83855524050.0,88700011050.0,78.60336198781408,1.9414120142424391,0.13039336688335598,0.17957342785855182,-0.002070180951718862,78.60336198781408,0.0019921541443581217,35.84231108050717,276.98126511157795,2.2071575008063427,4.9048053166329755,1.0142744105079917,0.004427019021175624,0.044714743802859024,1.2406617016422699,0.001446559712821765,103.53211265675408,0.47949877926181245,-0.8814814814814815,-0.8367325308515535,0.4892425576694802,3.698686146511251,-0.08136693569519417,-0.8496218044111891,-0.6856372386598124,-0.8666515591556841,0.11779663212678348,1.6374109185563337,Semiconductors,Technology,ADI
2021Q3,2021,Q3,2021-08-18,2021-07-31,503311000.0,1758853000.0,609646000.0,1.35,1221184000.0,0.6943070285,21641190000.0,12263963000.0,3090455000.0,2793342000.0,9377227000.0,657520000.0,7812859000.0,61690251919.99999,65359046919.99999,33.28293565931024,1.1063647057896957,0.23794883737909053,0.4198884161669438,0.03079087654024868,33.28293565931024,0.04103983353504899,35.07413747482023,30.64221322403047,5.030205319438749,0.5056634963273204,0.8177226548241878,0.0041255464531097024,0.0812733957790676,0.824769756084289,0.023257085215739062,113.4635616267029,0.6943070285009606,0.18421052631578966,0.8206124406831985,0.6859108720068848,1.0513087212358176,0.07438346631334367,0.19012780648136107,0.1730954992399315,0.2237223602258964,0.12699695796248667,0.13837566569798498,Semiconductors,Technology,ADI
2021Q2,2021,Q2,2021-05-19,2021-05-01,422905000.0,1661407000.0,519690000.0,1.14,1136637000.0,0.6841412128,21588217000.0,12167104000.0,2902800000.0,2776829000.0,9421113000.0,641202000.0,7564054000.0,56488930680.0,60331760680.0,32.98900556635568,1.0453650548881477,0.23846554812748083,0.42311185965041476,0.02666660052093839,32.98900556635568,0.03475806568268012,34.000657683517645,33.39339253496648,4.642758924391539,0.6016221137134817,0.8184160373797961,0.004504050562424277,0.07695897257286231,0.7632270478304569,0.0195896215051016,83.41641761863696,0.6841412128394788,0.09615384615384602,1.0757629855860145,0.7861350171703176,1.0901313044922063,0.08730488984293615,0.08850532406394539,0.1203595912559824,0.11811541372026427,0.1026968056396828,0.15429287328474872,Semiconductors,Technology,ADI
2021Q1,2021,Q1,2021-02-17,2021-01-30,388519000.0,1558458000.0,463860000.0,1.04,1045371000.0,0.6707726483,21440110000.0,12087746000.0,2624741000.0,1676757000.0,9352364000.0,618640000.0,7395578000.0,54394677990.00001,58493181990.00001,32.74010774560337,1.5653675517680856,0.24004387104357208,0.4257673018609094,0.02394989280013611,32.74010774560337,0.03214155889774653,34.90288348482924,35.001298514358375,4.499985190787431,0.5898784872811883,0.8293789603000129,0.004213261452565867,0.07268889945060916,1.1182461143743547,0.0181211290427148,150.8645829877993,0.6707726483485599,0.0,0.9905024458229733,0.7070784013928557,1.0396175843833961,0.021784135027035904,0.005156186129781697,0.0047392954305221025,0.44833631031145427,0.025924570180867933,0.1678007993935688,Semiconductors,Technology,ADI
2020Q4,2020,Q4,2020-11-24,2020-10-31,386526000.0,1526295000.0,461672000.0,1.04,1023084000.0,0.6703055438,21468603000.0,11997945000.0,2517688000.0,1364986000.0,9470658000.0,608260000.0,7236238000.0,43771232520.0,47860474520.0,32.48975043597881,1.8444789909933141,0.23965704708406038,0.4288319374692916,0.02494396224745128,32.48975043597881,0.03221601699291004,28.67809468025513,28.310665078157744,3.6482274689540586,0.5940014384543343,0.8272958932035642,0.005245385765527444,0.0710942859207001,1.3138566988965454,0.018004245548720613,68.10417220830546,0.6703055438168899,0.07216494845360831,2.381905925074245,0.3140466295713084,0.9928616975145637,0.05193002514965381,0.06579350088925041,0.10151649631135416,0.11125005650148452,-0.010163983126766028,0.1801104416915869,Semiconductors,Technology,ADI
2020Q3,2020,Q3,2020-08-19,2020-08-01,362665000.0,1456136000.0,419124000.0,0.97,972578000.0,0.6679170078,21599568000.0,11777560000.0,2485237000.0,1687776000.0,9822008000.0,612646000.0,7079309000.0,42355646350.0,46858359350.0,31.9355949575776,1.472492202756764,0.2589392991563535,0.4748841865377888,0.023458073051910496,31.9355949575776,0.030792880698548766,29.087699466258645,29.1975006893414,3.5963006216907405,0.6308797374987937,0.7892943069896808,0.005401829973490654,0.06741505200474379,1.0498976167453502,0.016790382103938375,78.96338964123521,0.6679170077520231,0.3472222222222222,0.42584086302033575,0.435445404704489,0.9789792937479349,0.14870422382168344,0.3547643595720519,0.21831288878553573,4.241359305340193,0.01144161535023843,0.1821567346080899,Semiconductors,Technology,ADI
2020Q2,2020,Q2,2020-05-20,2020-05-02,267696000.0,1317060000.0,344020000.0,0.72,846674000.0,0.6428515026,21350938000.0,11590858000.0,2051293000.0,1582002000.0,9760080000.0,590268000.0,6945442000.0,38162009880.0,42968240880.0,31.478334786280914,1.2966437463416607,0.2618699000484194,0.4823774046753053,0.018165166860992264,31.478334786280914,0.02309544297756042,28.975149104824382,35.639316500806885,3.2924232080144544,0.8539537385691232,0.7969024239836819,0.005990250532370545,0.061686282822796826,0.8680020632085168,0.012537903486956872,103.45372446324008,0.6428515025891,0.3090909090909089,0.10698323191698421,0.36213715925372647,0.9825954420682192,-0.001730842241039826,0.3130462932988022,0.2581739982737686,1.6520756837910364,0.06346522615956224,0.07800701402176535,Semiconductors,Technology,ADI
2020Q1,2020,Q1,2020-02-19,2020-02-01,203874000.0,1303565000.0,273428000.0,0.55,848142000.0,0.6506326881,21376827000.0,11689517000.0,1911179000.0,1770542000.0,9687310000.0,588503000.0,6906346000.0,40414449750.0,45253803750.0,31.744202845419167,1.0794316090778981,0.256996138856342,0.46997339582123027,0.014340805622076309,31.744202845419167,0.017440754823317337,31.003018453241687,49.558121376438386,3.4573241777226555,0.9768778755505851,0.7738669131678173,0.004927940408244702,0.06098028486641165,0.699658070805437,0.009537149736955818,137.08689270001935,0.6506326880516123,-0.2567567567567567,-0.03592795103021053,0.4273614796908143,1.05591203807262,-0.09981946335721738,-0.26583217498397516,-0.19190450436072715,-0.21264702630796523,0.11036286720597398,0.847223759213227,Semiconductors,Technology,ADI
2019Q4,2019,Q4,2019-11-26,2019-11-02,277694000.0,1443219000.0,338361000.0,0.74,942191000.0,0.6528399363,21392641000.0,11709188000.0,1985126000.0,1508632000.0,9683453000.0,609886000.0,6899253000.0,40363107870.0,45206704870.0,31.72783165470355,1.3158450834928597,0.256720009464937,0.46902646024643213,0.018978368175363507,31.72783165470355,0.02371590583394852,27.967417190322468,36.337756550375595,3.4471312502626144,0.7209230303859644,0.8215109053167313,0.004959875752005615,0.06746333937918184,0.8507429247159015,0.012980818964801962,66.51479719987015,0.6528399362813266,-0.23711340206185566,1.1548318668485704,0.49497018275812327,1.0757172907455106,-0.05574201928020437,-0.23368122437040184,-0.24257598617497078,-0.21545888313048947,0.2031862149360018,0.8965998309068324,Semiconductors,Technology,ADI
2019Q3,2019,Q3,2019-08-21,2019-08-03,362374000.0,1480143000.0,446726000.0,0.97,997811000.0,0.6741314859,21566650000.0,11790237000.0,2007058000.0,1483680000.0,9776413000.0,638305000.0,6821755000.0,41638978440.0,46716891440.0,31.905775668208253,1.352756659117869,0.26383684995119777,0.48260921302939036,0.023772612015686343,31.905775668208253,0.03073509039724986,28.131726758833437,28.726521797921485,3.5316489770307418,0.5521036277437122,0.7556450286305136,0.004804824889935508,0.06863110404258427,0.8776420791545346,0.016802516848931106,84.21237741985067,0.6741314859442635,-0.01020408163265307,0.7059409184019307,0.7292564268902494,1.0020134333029738,-0.03508488606429602,-0.015119436207829058,-0.04890194700816487,0.30705569037858416,0.4147011984314893,0.9664309830097932,Semiconductors,Technology,ADI
2019Q2,2019,Q2,2019-05-22,2019-05-04,367937000.0,1526602000.0,469695000.0,0.98,1034092000.0,0.677381531,21776325000.0,11742258000.0,2080489000.0,1365035000.0,10034067000.0,608085000.0,6659449000.0,43183319700.0,48456248700.0,31.800636973724835,1.5241286853450644,0.27491002269666714,0.5098278372013287,0.023868647464689523,31.800636973724835,0.031334433292131716,28.287215462838383,29.34151750163751,3.677599291379903,0.5422151074776388,0.8099361109055477,0.00461986251603533,0.07010374799237246,1.025306310827195,0.016896193457803372,72.49500934237409,0.677381531008082,0.03157894736842108,0.6666044163650217,0.8661054759809346,1.0215089909585844,-0.00535177020091261,0.036424736483327044,0.030426083637177345,0.8038922940576099,0.6393295699601165,1.014838146844973,Semiconductors,Technology,ADI
2019Q1,2019,Q1,2019-02-20,2019-02-02,355006000.0,1541101000.0,455826000.0,0.95,1039656000.0,0.6746189899,21828278000.0,11585437000.0,1985180000.0,849955000.0,10242841000.0,593211000.0,6491013000.0,37069399620.0,42698052620.0,31.422139228593203,2.335629533328235,0.2856165291646002,0.5381339521331824,0.022705279392956672,31.422139228593203,0.03064243498108876,24.053841779351256,26.104769792623223,3.199654844266988,0.5005999898593263,0.8453063075364415,0.004794142927098208,0.07060112575073489,1.5525457230088653,0.016263582496063134,132.02575601729504,0.6746189899299267,-0.12844036697247718,0.9705926043574122,1.0776995418364828,1.0461720233379848,-0.04937393362068808,-0.18005843428452648,-0.11209415394684556,0.8212715202500108,0.6903553678190085,0.9575118141811392,Semiconductors,Technology,ADI
2018Q4,2018,Q4,2018-11-27,2018-11-03,432965000.0,1596586000.0,513372000.0,1.09,1093654000.0,0.6849953588,20449779000.0,10988540000.0,2112126000.0,1406138000.0,9461239000.0,586760000.0,5703064000.0,32143527540.000004,37659610540.0,29.803229157343445,1.5020758986671294,0.3096695568201495,0.5762980341337429,0.028047532434709636,29.803229157343445,0.03940150374845066,20.132662781710476,18.560118912614183,2.925186379628231,0.41438915385770214,0.8571340923034971,0.005581714694404072,0.07807350876505804,1.0356792861013642,0.021172111444333945,51.14836895345119,0.6849953588469396,-0.009090909090909097,0.8194377967045121,0.9941291471800144,0.9637054497343549,0.021489829504803642,0.04463837631253861,0.028721202150533327,2.7941930178721677,0.37672890881309135,0.8280754100267577,Semiconductors,Technology,ADI
2018Q3,2018,Q3,2018-08-22,2018-08-04,414464000.0,1572679000.0,499039000.0,1.1,1070646000.0,0.6807784678,20548616000.0,10856217000.0,2116557000.0,1338883000.0,9692399000.0,563645000.0,5449515000.0,35854176400.0,41636847400.0,29.23721637962377,1.5808379074198418,0.3190115577613597,0.603824149793616,0.02696171156259717,29.23721637962377,0.0381775714321112,22.798152960648675,21.626833934913527,3.3026399896022713,0.4316177038295244,0.8906900620071144,0.004989376913982049,0.0765345461708954,1.1078847068787938,0.020169922879477626,63.01394124304906,0.6807784678246482,0.08910891089108919,0.957785872515747,0.9420024459753491,0.9464271502934938,0.035629302039442375,0.09118002480050338,0.07557071917512975,0.6184155644006063,0.5397940891468946,0.8117666478098464,Semiconductors,Technology,ADI
2018Q2,2018,Q2,2018-05-30,2018-05-05,379831000.0,1513053000.0,463976000.0,1.01,1033812000.0,0.6832622519,20776454000.0,10585355000.0,2188274000.0,1432863000.0,10191099000.0,551220000.0,5213941000.0,33434563680.0,39610487680.0,28.579406777830577,1.527203926683849,0.33607472189431364,0.6596321993924625,0.024982290726361815,28.579406777830577,0.03588268886589066,22.097417393838814,22.006210446224767,3.1585680102367846,0.4693719048734832,0.8694187438772178,0.005332266384760551,0.07282537241436869,1.092968413588738,0.018281801119671336,50.308253881317015,0.6832622518841045,0.42253521126760574,0.9169564107611249,0.9051001306715054,0.9698217360042828,-0.0013311565992716312,0.4163708366272392,0.14463621382121042,0.5614971115198603,0.5556827613321191,0.8000126753666462,Semiconductors,Technology,ADI
2018Q1,2018,Q1,2018-02-28,2018-02-03,268172000.0,1518624000.0,405348000.0,0.71,1035190000.0,0.6816631372,20853315000.0,10347779000.0,2177746000.0,1236548000.0,10505536000.0,559720000.0,5012392000.0,32889877230.0,39497183230.0,28.035695610591368,1.7611495873997614,0.35653113186080965,0.7184977568616415,0.018039842204797943,28.035695610591368,0.02591589944083653,21.657683027530187,30.66117755582238,3.1784479770973078,0.6216868278567487,0.8637068534267134,0.00506900645551604,0.07282410494446566,1.2432279216011024,0.012859921791811038,101.05472531693019,0.681663137155741,-0.3771929824561403,0.68037715683192,1.0070875337359404,0.9678040034452845,0.02899033324221565,-0.22861498633683303,-0.0956292809174271,0.2651948380374505,0.6590056783762136,0.8157307141159494,Semiconductors,Technology,ADI
2017Q4,2017,Q4,2017-11-22,2017-10-28,347650000.0,1541170000.0,448210000.0,1.14,1006025000.0,0.6527670536,21141294000.0,10161540000.0,2351338000.0,1596332000.0,10979754000.0,550816000.0,4910939000.0,33664972529.999996,40468218530.0,27.531110045435703,1.4729630177181188,0.3713625097877169,0.7726273773463471,0.02266551515709318,27.531110045435703,0.03421233395725451,21.843776176541198,24.208954789299582,3.312979384030373,0.47995685315691067,0.971549482948934,0.004956397925211674,0.07289856524392499,1.0879885888399154,0.016444121159281923,58.47618312535608,0.6527670536021335,5.333333333333333,0.5952756127890031,0.8234263618089964,1.0058898647221066,0.3122795529490337,4.04454698473504,1.3006246759846218,1.69736491776072,0.596251863627413,0.8011568447746878,Semiconductors,Technology,ADI
2017Q3,2017,Q3,2017-08-30,2017-07-29,68916000.0,1433902000.0,194821000.0,0.18,766624000.0,0.5346418374,21114995000.0,9922900000.0,2188643000.0,1101077000.0,11192095000.0,519695000.0,4730146000.0,29106040600.0,36396701600.0,27.014687665899842,1.9877292868709455,0.3883131395484583,0.8262937246167955,0.005842977118782999,27.014687665899842,0.006945147084017777,20.29848664692566,105.58520735388008,2.93321917987685,2.412574728655174,1.283980026746457,0.005712388101320796,0.0679091801821407,1.4541408094075166,0.003263841644291178,-68.020660434681,0.5346418374477475,-0.3333333333333334,-0.670170213716483,0.7057205356643117,1.0012874082125378,0.19702143672426742,-0.2634346543542388,0.3359001611410155,-0.6736064390088797,0.6853486487555729,0.6951090036499604,Semiconductors,Technology,ADI
2017Q2,2017,Q2,2017-05-31,2017-04-29,93564000.0,1147982000.0,145835000.0,0.27,640443000.0,0.557885925,26622683000.0,9966595000.0,7535467000.0,5449282000.0,16656088000.0,647858000.0,4827495000.0,26008279200.0,33204069200.0,29.20049162652791,1.3828366746297953,0.484306296251208,1.2936748207386775,0.006883394624563502,29.20049162652791,0.00938775981165082,22.6556506983559,69.4932858791843,2.609545105424671,1.4889701167115557,0.783410870900722,0.005356525086826967,0.043120447326815255,1.251307052929175,0.0035144466844307166,54.807926074999735,0.5578859250406365,-0.608695652173913,-0.49830543671676364,0.48531943293547575,1.2178935193691858,-0.012430146922763776,-0.5690856587558548,-0.4522999384079198,-0.5415130301009441,0.5181147181873652,0.8562224527832439,Semiconductors,Technology,ADI
2017Q1,2017,Q1,2017-02-15,2017-01-28,217129000.0,984449000.0,266268000.0,0.69,648504000.0,0.6587481932,10203371000.0,5306431000.0,7233733000.0,811626000.0,4896940000.0,365586000.0,4873245000.0,23754906980.000004,22573043980.000004,17.184817316847266,8.912643261797921,0.37295517334418204,0.7171298373614959,0.027195663572400625,17.184817316847266,0.040918085997914605,24.130155020727333,27.351144918458616,4.4766259996596585,0.597262456880472,0.9189219499652612,0.00545920891667495,0.09648272124967328,8.365401059108505,0.021280123990394938,83.01412514196852,0.6587481931517021,-0.2736842105263158,0.5023140590502673,0.4649706950269725,0.3318201554871621,-0.02727366815312133,-0.2668449504823455,-0.254111563360515,0.43912347407299623,0.5847615787064344,0.11905469465648763,Semiconductors,Technology,ADI
2016Q4,2016,Q4,2016-11-22,2016-10-29,296157000.0,1003623000.0,356981000.0,0.95,666687000.0,0.6642803124,7970278000.0,5165618000.0,4974863000.0,782934000.0,2804660000.0,376555000.0,4785799000.0,19617174580.0,20428219580.0,16.728795994637064,6.354128189604743,0.21732955864274747,0.33532812530853034,0.04738830215648857,16.728795994637064,0.05733234629428657,19.54635812451488,16.559776216668862,3.797643298439799,0.43775092265251203,0.894785622286253,0.006608647920795534,0.12592070188768822,5.790273509644491,0.037157675052237826,44.008378006101935,0.6642803124280731,0.2837837837837837,0.5562222769766249,0.3515306635941995,0.3125408754333143,0.1649460937636513,0.285236297357115,0.3285139575820503,0.4860228719731612,0.49675473163477923,0.10224391084376112,Semiconductors,Technology,ADI
2016Q3,2016,Q3,2016-08-17,2016-07-30,230430000.0,869591000.0,268707000.0,0.74,572290000.0,0.6581139869,7685053000.0,4983333000.0,4727888000.0,678693000.0,2701720000.0,392303000.0,4619285000.0,19604427050.0,20232515050.0,16.225220180051117,6.966165851128566,0.2253410614084249,0.3475099897999993,0.03596235110699323,16.225220180051117,0.04624013687224996,22.54442266536797,21.269395315280125,3.933999002274181,0.5596233129366835,0.7578351427340602,0.006577799987273793,0.11315354624099534,6.27143347581307,0.02998417837847052,90.56208361242638,0.6581139869202878,0.34545454545454535,0.02206934828041962,0.11927724596134492,0.30831695994775593,0.12015392354321662,0.35091720260533615,0.2957290757501965,0.3159233097588024,0.2981889406553332,0.08017154122617529,Semiconductors,Technology,ADI
2016Q2,2016,Q2,2016-05-18,2016-04-30,170573000.0,778766000.0,207379000.0,0.55,510903000.0,0.6560417378,7570292000.0,4873701000.0,4627874000.0,684600000.0,2696591000.0,399459000.0,4517809000.0,17391052800.0,18002726800.0,15.783221606917323,6.759967864446392,0.22870134996113756,0.3552405040850885,0.027476770573858646,15.783221606917323,0.03499865912988918,22.331551197663998,25.489164170179336,3.568346273191564,0.7616973377967204,0.67056443840294,0.007470795557586945,0.10287132913763432,6.066403739409874,0.022531891768507742,59.015537894572525,0.6560417378262533,0.057692307692307744,-0.3149002020256717,-0.04347164275470635,0.32153931242046035,0.0704179612942155,0.03689271993386179,0.06323668896921224,0.03257381752415469,0.17614167368115238,0.08785088603011915,Semiconductors,Technology,ADI
2016Q1,2016,Q1,2016-02-17,2016-01-30,164504000.0,769429000.0,195045000.0,0.52,477293000.0,0.6203210433,7598081000.0,4994862000.0,4644134000.0,594105000.0,2603219000.0,404852000.0,4477161000.0,16759400760.0,17019906760.0,16.05208152561655,7.817025609951103,0.2278138387837666,0.34654571037197823,0.026186239972292205,16.05208152561655,0.032934643639804265,21.781607867652507,25.46959459952342,3.3553280871423476,0.7577809658123814,0.7215871478960213,0.007438094105221457,0.10126622761721019,7.009796248137955,0.021650729967211457,85.25616303026295,0.6203210432671501,0.6774193548387097,-0.28778395990326067,0.01562220836242461,0.42760467976625244,-0.2563166489040131,0.7081563781735113,0.7954984810825739,0.2226818692761568,0.2062248656437371,0.12668330861051366,Semiconductors,Technology,ADI
2015Q4,2015,Q4,2015-11-24,2015-10-31,96305000.0,978722000.0,108630000.0,0.31,641796000.0,0.6557490278,7062178000.0,5072959000.0,4079548000.0,1113830000.0,1989219000.0,412314000.0,4437315000.0,18707299920.0,18696282920.0,16.30306331668627,3.662630742572924,0.1236638328855489,0.17215514653282235,0.016807413956048487,16.30306331668627,0.01898398942313549,19.11400777748942,48.56263932298427,3.687650525068308,1.3040029074295207,0.8171587673472159,0.006712994421270818,0.13858642475451624,3.1382302505768385,0.0136367279329408,122.93846222596078,0.6557490278138225,-0.5441176470588236,-0.5884017899383209,0.22227757626610678,0.5245629533775119,0.12786339025406082,-0.5551280037694362,-0.5904911618017936,-0.47581329755401114,0.37353808184378795,0.18782531532125224,Semiconductors,Technology,ADI
2015Q3,2015,Q3,2015-08-18,2015-08-01,216478000.0,863365000.0,265269000.0,0.68,569037000.0,0.659092041,7134701000.0,5065161000.0,4149892000.0,1057770000.0,2069540000.0,424475000.0,4466592000.0,18308445410.0,18624148410.0,16.137407328348367,3.9232460742883615,0.12238774967584486,0.17239333557215655,0.037267746264025146,16.137407328348367,0.04273862173384025,21.205915701933712,21.14354046369608,3.6145831119682077,0.5797863986178734,0.6933930149007598,0.006855360856113234,0.12100927565149541,3.3575087211775716,0.03034156582034762,113.03253841642228,0.6590920410255222,0.04615384615384619,0.030354275736733716,0.13810720180148345,0.5851625226913905,0.04444570887372389,0.05425201375293419,0.06530312279123562,0.21244695979148895,0.20188251554126846,0.19548263843843966,Semiconductors,Technology,ADI
2015Q2,2015,Q2,2015-05-19,2015-05-02,205338000.0,821019000.0,249008000.0,0.65,544822000.0,0.6635924382,7048475000.0,4964208000.0,4045761000.0,1068219000.0,2084267000.0,394494000.0,4375625000.0,19781998200.0,20018845200.0,15.877336403761275,3.787389102796337,0.1238655170089984,0.17587155896771448,0.035724963121281914,15.877336403761275,0.04136369789501165,24.094446291742337,24.08467770213015,3.984925329478539,0.6081777362202807,0.7001297865113284,0.006312911301346696,0.11648179216071562,3.260836963206983,0.029132259105693076,67.10265941207997,0.6635924381774356,0.1403508771929826,0.17024759355279007,0.17033331023585715,0.6360756731944303,0.08183960906023943,0.1486990719244561,0.19753383285080842,0.20194408877316655,0.15963767373567972,0.2059468712079949,Semiconductors,Technology,ADI
2015Q1,2015,Q1,2015-02-17,2015-01-31,178757000.0,771986000.0,207934000.0,0.57,503607000.0,0.6523525038,6821156000.0,4806210000.0,3803037000.0,632909000.0,2014946000.0,367238000.0,4295169000.0,16218931769.999998,16441655769.999998,15.440447965458086,6.008821173344035,0.12797332299686445,0.18162460649867568,0.03259924017385578,15.440447965458086,0.037192923322118675,21.009359975439967,22.682932374676234,3.3745782581285457,0.6438013616249993,0.7308040017645233,0.007095658433736663,0.11317524478255592,5.1755165434525345,0.02620626181251389,111.9373038725128,0.6523525038018824,0.6764705882352938,0.4092938215745958,0.2158558824254982,0.6512712080398698,0.03614951125120104,0.6445742674456046,0.38688312467901476,0.2269326167858284,0.13961955989959307,0.19663185421167373,Semiconductors,Technology,ADI
2014Q4,2014,Q4,2014-12-10,2014-11-01,108695000.0,814247000.0,149929000.0,0.34,486037000.0,0.5969159235,6859690000.0,4757897000.0,3811886000.0,709056000.0,2101793000.0,367927000.0,4231496000.0,15445415880.0,15748971880.0,15.28523744353849,5.376001331347594,0.12723446686366294,0.18344007867341391,0.020867177167453312,15.28523744353849,0.022845177186475454,18.968956446876685,35.52466967201803,3.246269492593051,1.0700400202401215,0.8920519559586548,0.007530260169336405,0.11870026196519085,4.601996175196318,0.015845468235445043,70.57664238779782,0.5969159235465405,-0.4035087719298245,-0.022568388679024318,0.35282522009381495,0.7865631190261454,0.02046442293560646,-0.3981650664983445,-0.2597780257324262,-0.43340342137131876,0.08774280735132717,0.19927931106217942,Semiconductors,Technology,ADI
2014Q3,2014,Q3,2014-08-26,2014-08-02,180606000.0,727752000.0,202546000.0,0.57,476290000.0,0.6544674559,8973465000.0,5007197000.0,5923884000.0,2622526000.0,3966268000.0,415098000.0,4239109000.0,15712641900.0,15995250900.0,15.936843947929598,2.25884662344625,0.3196145524610616,0.572785532504513,0.023532654271323394,15.936843947929598,0.036069281875668165,21.590654371269334,21.74988912328494,3.138011526209174,0.642824712357286,0.6057894762200733,0.007388827463827073,0.08110044447713341,2.031255743508358,0.02012667347563065,91.81860197397255,0.6544674559465312,-0.0338983050847458,1.5587861248202897,0.37184189978682086,0.8889746426813598,0.03825017493454941,-0.03642368206239029,-0.08100725952813068,-0.21691217836378412,-0.08432154039401599,0.2850638076858045,Semiconductors,Technology,ADI
2014Q2,2014,Q2,2014-05-20,2014-05-03,187433000.0,694536000.0,220400000.0,0.59,458743000.0,0.6605028393,6594951000.0,4931523000.0,5638032000.0,571202000.0,1663428000.0,298432000.0,4174601000.0,16116418079.999998,16586143079.999998,15.731138033991732,9.870469641212742,0.13230045227022916,0.17692607334488758,0.03274400439938374,15.731138033991732,0.03800712274889522,23.20458274301116,21.496238762651185,3.2680407411665726,0.617794091755454,0.7901062888698263,0.007184909166863709,0.10531329194106219,9.047713418370384,0.02842068121506892,82.91788728481318,0.6605028393056659,0.22916666666666666,2.3644404848895495,0.35907158662770455,0.8929161216028049,0.12129752296403483,0.22837612887158718,0.2271100000556765,-0.25846455578116045,-0.1597124381657383,0.3171783213080806,Semiconductors,Technology,ADI
2014Q1,2014,Q1,2014-02-18,2014-02-01,152586000.0,628238000.0,179609000.0,0.48,409118000.0,0.6512149854,6399468000.0,4795635000.0,5470959000.0,519494000.0,1603833000.0,289935000.0,4102963000.0,15074045220.000002,15529196220.000002,15.356548164182833,10.531322787173673,0.13632039413276228,0.1819108418384635,0.027489594110755543,15.356548164182833,0.03181768420657535,23.9941633903075,24.697621701859937,3.1432845118529666,0.6948474958384124,0.7557556003931916,0.007033546632812873,0.09817034791017003,9.682298544352774,0.023843544494636118,137.8513508916324,0.6512149854036209,-0.23809523809523814,4.702706394243825,0.22918677840079257,0.8615762647072027,-0.08036505046418055,-0.24295226093255406,-0.41101761611815785,-0.3417519241546056,-0.17371957926882434,0.36574686524346023,Semiconductors,Technology,ADI
2013Q4,2013,Q4,2013-11-26,2013-11-02,201554000.0,678133000.0,304948000.0,0.63,444870000.0,0.6560217538,6381750000.0,4739576000.0,5472425000.0,570512000.0,1642174000.0,283337000.0,4056401000.0,15514368480.0,15994520480.0,15.17703643455038,9.592129525759319,0.13667740039957693,0.1840335506804828,0.03876830476340504,15.17703643455038,0.04252574491895478,22.878061501209938,19.243439078361135,3.273366326439327,0.5256060410609563,0.823270522381475,0.006828379778175798,0.10626129196537,8.778178197829318,0.03158287303639284,66.4122585367733,0.6560217538447473,0.1249999999999999,0.30628405693925165,-0.042954317025800784,0.8259816012835883,0.02254391328132542,0.14364017045035435,0.46368951051636254,-0.14166724599580727,-0.1561505049865047,0.4192637936021516,Semiconductors,Technology,ADI
2013Q3,2013,Q3,2013-08-20,2013-08-03,176239000.0,674172000.0,208342000.0,0.56,435062000.0,0.6453278985,6138626000.0,4643236000.0,5244490000.0,491809000.0,1495390000.0,284342000.0,3960785000.0,15415664790.0,15827700790.0,15.020966171384945,10.663672279279151,0.14206827391015514,0.1878224583027871,0.034133485941732385,15.020966171384945,0.03795607201529278,22.866070958153113,21.867555975124688,3.3200261175611145,0.5953449576994876,0.8409239577691653,0.006806258531780127,0.10982457637914413,9.751204227657485,0.02870984484150036,81.1534441478861,0.6453278985184789,0.07692307692307698,0.19440483124517954,-0.03898016458403475,0.8247174996306306,0.030476438612489488,0.07154409261150835,0.08861857436958544,-0.14825138943501526,-0.09760631569684389,0.47549554553702733,Semiconductors,Technology,ADI
2013Q2,2013,Q2,2013-05-21,2013-05-04,164472000.0,659250000.0,191382000.0,0.52,422195000.0,0.6404171407,5841036000.0,4460590000.0,4963212000.0,509162000.0,1380446000.0,298967000.0,3889469000.0,13834980000.0,13997204000.0,14.50862596115065,9.747805217200026,0.12974667507613374,0.16990017015686265,0.03214237217774308,14.50862596115065,0.03687225232536503,20.9859385665529,21.029384940901796,3.1016031511526503,0.6348497008609368,0.7929135991597734,0.007547173902672791,0.11286525198612027,8.849963272985809,0.028158018543285816,61.21482962917078,0.6404171406901782,0.2380952380952382,0.16727649558083132,-0.04105848425608578,0.8287157867601622,0.08176353629664553,0.2533873893097194,0.24687762640971014,-0.046750240726544726,-0.0443193371127778,0.4950372898121935,Semiconductors,Technology,ADI
2013Q1,2013,Q1,2013-02-19,2013-02-02,131222000.0,622134000.0,153489000.0,0.42,390284000.0,0.6273310894,5716808000.0,4323797000.0,4813935000.0,508535000.0,1393011000.0,307263000.0,3829412000.0,13556630280.0,13520505280.0,14.24719919336769,9.466280590323183,0.13288394502666523,0.17569557497727115,0.026394716279120174,14.24719919336769,0.030348788345058754,21.790531107446306,25.827662815686395,3.1353530889632424,0.6910350398561217,0.7545653072449335,0.006688904110173904,0.10882541446205644,8.488220083180115,0.02295371822877382,97.04101846814602,0.6273310894437533,-0.27586206896551724,0.06152050861583196,-0.0011044513993282202,0.8219155490676743,-0.11955820448382745,-0.2676812491977655,-0.28702288657974073,0.06108992322644287,0.0049944405147213915,0.5236597976850834,Semiconductors,Technology,ADI
2012Q4,2012,Q4,2012-11-27,2012-11-03,179187000.0,694964000.0,215279000.0,0.58,443282000.0,0.637848867,5620347000.0,4165359000.0,4696185000.0,525079000.0,1454988000.0,313723000.0,3788869000.0,12084732880.0,12377497880.0,13.725135427238339,8.943768461507696,0.14618278906978519,0.1972454235037124,0.03639691387115649,13.725135427238339,0.04301838088865809,17.389005588778698,16.860504500884552,2.901246418375943,0.5099253852120968,0.802242742801771,0.007560944946596122,0.12365144002674568,8.075468643765985,0.03188183932415561,60.86922714268445,0.6378488669916715,0.035714285714285546,0.8043166140347784,0.356314283080614,0.7559893679805897,-0.010252883623519114,0.05548159841666274,0.013215921231603372,0.6526860416791461,0.18428132002794811,0.6042158879454522,Semiconductors,Technology,ADI
2012Q3,2012,Q3,2012-08-21,2012-08-04,169768000.0,683026000.0,212471000.0,0.56,447874000.0,0.65572028,5456622000.0,4028606000.0,4561285000.0,508542000.0,1428016000.0,312079000.0,3701054000.0,11878111000.0,12273002000.0,13.498654693494613,8.969337832470082,0.1570642056569064,0.21273859990279517,0.035246316671558996,13.498654693494613,0.042140631275433736,17.39042291215854,17.491681294472453,2.948441967271061,0.5272548419018896,0.7535015172440311,0.007535794201620106,0.1251737796754109,8.08358011727645,0.03111228888495483,120.63037362771284,0.6557202800479045,0.05660377358490571,0.5041824506137108,0.07133799224148363,0.6947247885417609,0.016843945465484556,0.04216723245692116,-0.0021368926293641923,1.5321282365227682,0.35545761674936405,0.5999790491539354,Semiconductors,Technology,ADI
2012Q2,2012,Q2,2012-05-22,2012-05-05,162899000.0,675094000.0,212926000.0,0.53,440455000.0,0.6524350683,5412490000.0,3925140000.0,4522529000.0,558574000.0,1487350000.0,303742000.0,3620797000.0,11179875000.0,11347292000.0,13.165867239123871,8.096561959561312,0.1593505022642074,0.2197330541076242,0.034261885881245305,13.165867239123871,0.04150144962982212,16.560471578772734,17.157678991276804,2.848274201684526,0.5488185931159798,0.7724944196061131,0.00799669048178088,0.12472891404880193,7.309518523955644,0.030096868539249033,57.08911209608235,0.6524350683015995,0.15217391304347827,0.43835391419666725,0.1167215972502037,0.4177984424254337,0.07588118908620142,0.1687233645664433,0.16116964422049168,2.0746837542504077,0.38907936769679513,0.5842389977107034,Semiconductors,Technology,ADI
2012Q1,2012,Q1,2012-02-22,2012-02-04,139382000.0,648058000.0,183372000.0,0.46,409390000.0,0.6317181487,5277834000.0,3842435000.0,4395168000.0,498055000.0,1435399000.0,297160000.0,3547300000.0,11935343040.0,11708063040.0,12.903256679248324,8.824663942737248,0.16487104368951355,0.2264610852233024,0.030116150547444032,12.903256679248324,0.03627439371127943,18.417090815945485,21.407611886757255,3.1061925679939932,0.5338996427085276,0.8031632790415938,0.006234927622155719,0.12278862882008036,7.969796508417745,0.026408939727926267,62.97303892239264,0.6317181486842227,-0.23333333333333328,0.034610382813773516,0.065750486275459,0.34008887836560175,-0.11101508314622356,-0.24053681474660404,-0.22066198595787362,4.462838205009343,0.32969757420823415,0.5641794050786645,Semiconductors,Technology,ADI
2011Q4,2011,Q4,2011-11-22,2011-10-29,183527000.0,716134000.0,235292000.0,0.6,460514000.0,0.6430556293,5277635000.0,3795413000.0,4386348000.0,525005000.0,1482222000.0,295081000.0,3482334000.0,11226607600.0,10707883600.0,12.745352398350505,8.354869001247607,0.1679494697909196,0.23353874795707344,0.03992852893408557,12.745352398350505,0.0483549484601544,15.676685648216674,15.292855547140205,2.9579409671622034,0.4077002293940401,0.8662706172203565,0.006664880671521822,0.13569221820000815,7.506362796544795,0.03477447758323567,55.07855898817146,0.643055629253743,-0.15492957746478872,0.5080290141832329,0.2641054149887584,0.2564276621485984,-0.09639353268974178,-0.1655398185827631,-0.15617861074949524,0.24735907885655864,0.05988172741330572,0.5334205120759554,Semiconductors,Technology,ADI
2011Q3,2011,Q3,2011-08-16,2011-07-30,219935000.0,757902000.0,278841000.0,0.71,509640000.0,0.6724352225,5251381000.0,3715717000.0,4339131000.0,556287000.0,1535664000.0,299332000.0,3373631000.0,10306790400.0,9839235400.0,12.401597377977144,7.800166101311014,0.16952988175872213,0.2395946731142334,0.04843950829343084,12.401597377977144,0.05919046041450412,13.599107008557835,11.715723281878736,2.7738362205733105,0.3409780162320686,0.82938676786979,0.007276076944380281,0.1443243215451326,6.991982555767077,0.0418813641592564,46.84840843079412,0.6724352224957845,-0.08974358974358981,0.8157320541135058,0.3641066682642757,0.2168473729235692,-0.046000292017805595,-0.0905237650211309,-0.06581548213316538,0.537806765625486,0.11463475791100008,0.5065217177625657,Semiconductors,Technology,ADI
2011Q2,2011,Q2,2011-05-17,2011-04-30,241826000.0,790780000.0,298486000.0,0.78,534214000.0,0.6755532512,5160399000.0,3581998000.0,4292738000.0,588158000.0,1578401000.0,293780000.0,3228689000.0,12089896130.0,11102067130.0,11.94305871840439,7.298613637832011,0.1757484256546829,0.253191654490036,0.054185691087338166,11.94305871840439,0.0675114838143405,15.288570942613623,12.498548677561553,3.375182266991774,0.2729193717797094,0.8733269793723194,0.005459021259597869,0.15324008860555163,6.538964019872211,0.04686188025383309,74.4007343520188,0.6755532512203141,0.08333333333333341,1.013923180165825,0.4914754800442848,0.19408261142218694,0.10793014125635404,0.08878643530566487,0.15065187389651744,0.7593044848529942,0.17910887925736685,0.5053431027191204,Semiconductors,Technology,ADI
2011Q1,2011,Q1,2011-02-15,2011-01-29,222106000.0,728504000.0,259406000.0,0.72,482173000.0,0.6618673336,4596905000.0,3364427000.0,3737029000.0,608491000.0,1232478000.0,282980000.0,3052862000.0,11460049400.0,10427274400.0,11.244066199225982,6.141469635541035,0.1169365040173769,0.1597734175834399,0.05538074154824975,11.244066199225982,0.06601599618597759,15.730935451280981,12.899301909898876,3.4062410627426303,0.29629996488163307,0.8704890805003888,0.0057425581428994545,0.1584770622842978,5.497849598432844,0.048316421592353984,59.93624296562833,0.6618673336042081,-0.013698630136986314,1.254350237443201,0.4347714286669594,0.10977301985012654,-0.06597072229572534,-0.012835897846164786,-0.09216070553650171,0.8223429502838631,0.18635909985241939,0.4378783341958563,Semiconductors,Technology,ADI
2010Q4,2010,Q4,2010-11-22,2010-10-30,224994000.0,769990000.0,285740000.0,0.73,516229000.0,0.6704359797,4328831000.0,3199717000.0,3478999000.0,643467000.0,1129114000.0,277478000.0,2896566000.0,10074670060.0,9405305060.0,10.693597978731226,5.406647116324535,0.09255039062509024,0.12520951071610395,0.06198956385389016,10.693597978731226,0.07031684364585992,13.08415701502617,11.194376361147409,3.148612849198851,0.29151444038507696,0.9145265570603796,0.0065102876431071925,0.17787481192959484,4.778701938094727,0.051975695054854304,42.596686270944936,0.6704359796880479,0.12307692307692301,3.0284978680406307,0.5144588293030552,0.06062560891701167,0.07502467711504741,0.12784035370016691,0.1377491090804117,1.2978690211934405,0.5241622319955652,0.36813545160691247,Semiconductors,Technology,ADI
2010Q3,2010,Q3,2010-08-17,2010-07-31,199491000.0,720290000.0,251145000.0,0.65,480202000.0,0.6666786989,4104000000.0,3034000000.0,3235000000.0,588000000.0,1070000000.0,265000000.0,2737000000.0,8854382170.0,8257382170.0,10.180285678814336,5.5017006802721085,0.09649122807017543,0.13052076466710613,0.05811991152453062,10.180285678814336,0.06575181278839816,12.292801746518764,11.096217586257024,2.9183856855636123,0.33058634224100336,0.9059924528301887,0.007448176364404655,0.17550925925925925,4.872448979591836,0.04860891812865497,47.68598925038103,0.6666786988574046,0.18181818181818177,1.0454602792845755,0.5394827505763724,-0.015121242898127297,0.10514481663463862,0.19355630010769415,0.17316361088403598,0.7700139477892457,0.13137180669095028,0.27811125523774977,Semiconductors,Technology,ADI
2010Q2,2010,Q2,2010-05-18,2010-05-01,167140000.0,668240000.0,214075000.0,0.55,434515000.0,0.6502379385,3928097000.0,2890250000.0,3078308000.0,564717000.0,1037847000.0,247662000.0,2603619000.0,8913902250.0,8288836250.0,9.704524469067405,5.4510630988619075,0.09758058418618482,0.13262036156041865,0.05107074769082953,9.704524469067405,0.05782890753395035,13.339372456003831,13.332987689960511,3.084128449096099,0.3563240397271748,0.9437257229611326,0.006681248944591018,0.17011799861357801,4.814616878896864,0.04254986574924194,34.175141854847986,0.650237938465222,0.37500000000000006,0.7689181711414078,0.37760136047214277,-0.03193146176153419,0.1792219846068672,0.3875260462065931,0.4356465523022654,0.47731214681147144,0.10651591637995775,0.04505532577729972,Semiconductors,Technology,ADI
2010Q1,2010,Q1,2010-02-17,2010-01-30,120459000.0,602983000.0,149114000.0,0.4,368476000.0,0.6110885382,3698170000.0,2764153000.0,2840955000.0,451431000.0,934017000.0,243275000.0,2496035000.0,7969672560.0,7436829560.0,9.35064324399295,6.293220890900271,0.10313884975541958,0.13798982907241386,0.03823883399958338,9.35064324399295,0.043578991466825465,13.217076700338152,16.540218165516897,2.8832241051779697,0.48871400227463285,0.9639584831980269,0.007386752662269978,0.16304902154308754,5.520781691997227,0.032572596716754505,40.538737499618506,0.6110885381511585,0.142857142857143,0.42436411484263165,0.3195802538028712,-0.059632413150805766,0.1448544992449993,0.1406130159361418,0.16157729099803694,-0.09926716139207886,-0.0010739614064106213,-0.028873614752475303,Semiconductors,Technology,ADI
2009Q4,2009,Q4,2009-11-24,2009-10-31,105609000.0,571600000.0,128372000.0,0.35,321854000.0,0.5630755773,3404294000.0,2529149000.0,2490636000.0,386613000.0,875145000.0,253161000.0,2490752000.0,7576509930.0,7316406930.0,8.555666061141162,6.4421941321166125,0.11151387042364731,0.15010029065112415,0.03663407546706419,8.555666061141162,0.041756733193655256,13.25491590272918,17.935284705848932,2.9956755928575185,0.5522824759253473,0.9865105604733746,0.007698267479205957,0.16790559217270895,5.475783276816869,0.031022291259215566,51.791385066546354,0.5630755773268019,0.5909090909090908,0.0144078626969604,0.14881431018161836,-0.15433251387571123,0.20893666730521468,0.6133363886342805,0.6260941161568181,-0.12582724968937534,0.01640740611897543,-0.15658860019320453,Semiconductors,Technology,ADI
2009Q3,2009,Q3,2009-08-18,2009-08-01,65460000.0,491991000.0,78945000.0,0.22,266229000.0,0.5411257523,3280151000.0,2458365000.0,2359633000.0,353926000.0,821786000.0,276072000.0,2426580000.0,7975262190.0,7717473190.0,8.43676965684811,6.6670236151059825,0.11430144526883061,0.15251030664689744,0.022791500133107146,8.43676965684811,0.02662745361246194,16.21017902766514,30.458532653528874,3.244132661341989,0.8900091659028414,0.8177649308875945,0.007305088987927054,0.14999035105396064,5.561809530805875,0.019956398348734555,62.23914803455622,0.541125752300347,0.22222222222222227,-0.49881523990014787,-0.11285426235237536,-0.1583190873037438,0.01788172141677372,0.2648297716118561,0.36325959695384136,-0.44431555058918454,-0.08948466078446368,-0.17218236651289662,Semiconductors,Technology,ADI
2009Q2,2009,Q2,2009-05-19,2009-05-02,51754000.0,474748000.0,57909000.0,0.18,261552000.0,0.5509280713,2875339000.0,2420251000.0,1942213000.0,365048000.0,455088000.0,304834000.0,2401875000.0,6159451050.0,5482572050.0,8.310530960384854,5.32043183362188,0.0,0.0,0.01989797319967695,8.310530960384854,0.021383732513693826,12.974148495622941,29.753502386288982,2.5449637454958185,1.1238551609537426,0.6993839269897715,0.009443049311999973,0.16511027047593343,4.147394315268129,0.01799926895576487,96.31667005473025,0.5509280713136232,1.0,-0.5634038812934914,-0.09939119542444404,-0.134367944067913,-0.027694961375751854,1.074391759188745,-0.055749412992434126,-0.5561236922650128,-0.07784968283255744,-0.1691022588552533,Semiconductors,Technology,ADI
2009Q1,2009,Q1,2009-02-18,2009-01-31,24949000.0,476569000.0,61328000.0,0.09,269002000.0,0.5644555143,2919190000.0,2402065000.0,1974342000.0,440254000.0,517125000.0,320967000.0,2397779000.0,5817916260.0,5048203260.0,8.249217856566398,4.484552099469852,0.0,0.0,0.022451127628746768,8.249217856566398,0.010386479966195752,12.20792007033609,58.298090705038284,2.422047804701372,2.3342819351477013,0.6466926506463281,0.01001011313971714,0.1632538478139484,3.449106652069033,0.008546548871433515,154.4237892501659,0.5644555143116736,-0.8163265306122449,-0.7271669530639225,0.005885971170918891,-0.10728736579844407,-0.3335876746841997,-0.826587707043115,-0.6184574802316828,-0.7397864095587264,-0.035522053634187714,-0.18581416634549214,Semiconductors,Technology,ADI
2008Q4,2008,Q4,2008-11-25,2008-11-01,143871000.0,660696000.0,160737000.0,0.49,403657000.0,0.610957233,3090992000.0,2420263000.0,2089577000.0,569058000.0,670729000.0,314629000.0,2419908000.0,6219754320.0,5626155320.0,8.311713778431043,3.6719930130144904,0.0,0.0,0.05590142864257896,8.311713778431043,0.05944436617012283,9.413942751280468,10.807866630523176,2.5698671260106853,0.40386874352718755,0.8169590215777948,0.009342008865713526,0.21374885473660235,2.8555542668761356,0.046545251492077624,65.55321212887722,0.610957232978556,0.04255319148936174,1.0882814105877674,0.5141720465877412,-0.059513339817526524,0.00463670438085188,0.03797039131940436,-0.0028103480364786897,1.6470442253404436,0.3353336638587241,-0.1756173642467251,Semiconductors,Technology,ADI
2008Q3,2008,Q3,2008-08-19,2008-08-02,138608000.0,658986000.0,161190000.0,0.47,401794000.0,0.6097155327,3092125000.0,2390358000.0,2056502000.0,613313000.0,701767000.0,309870000.0,2320462000.0,8769355200.0,8350899200.0,8.231940656252583,3.3531035539765175,0.0,0.0,0.05163283503387311,8.231940656252583,0.057986293266531624,13.30734674181242,15.816827311554889,3.668636748135635,0.41900900380930395,0.8299996772840224,0.006622835850006396,0.21311751627117273,2.6154671432042043,0.044826130897036826,55.93913986451144,0.60971553265168,0.04444444444444436,1.212856183950757,0.5960679563614937,-0.047594698971494646,0.014577509778521847,0.04149196759989781,0.02547953048955053,0.4586494505637777,0.4455679893562898,-0.20361139776868548,Semiconductors,Technology,ADI
2008Q2,2008,Q2,2008-05-20,2008-05-03,133086000.0,649340000.0,157185000.0,0.45,396021000.0,0.6098823421,3016187000.0,2303882000.0,1988369000.0,622957000.0,712305000.0,319421000.0,2228427000.0,9675761480.0,9261400480.0,7.933778483344755,3.1918238337477547,0.0,0.0,0.052831949070056984,7.933778483344755,0.05776597933401103,14.90091705423969,18.17576882617255,4.199764345569782,0.39456441699352296,0.7930568121695192,0.0054270663976723,0.21528506024328067,2.435909701632697,0.044123922024728576,78.65961140738814,0.6098823420704099,0.12499999999999997,1.3412401608036786,0.6229656915622706,-0.0542793047537641,0.05379946408091473,0.09222966318692141,0.07725151288781672,0.44457703654516934,0.3729168669363785,-0.2085710779997207,Semiconductors,Technology,ADI
2008Q1,2008,Q1,2008-02-20,2008-02-02,121848000.0,613909000.0,145913000.0,0.4,375803000.0,0.6121477287,3134943000.0,2339253000.0,2099405000.0,711425000.0,795690000.0,330196000.0,2258811000.0,8705003100.0,8071914100.0,7.819900983148415,2.950985697719366,0.0,0.0,0.04802281020351195,7.819900983148415,0.052088423099168835,14.179631020232641,17.860373375024622,3.7212747402696507,0.44182916420458274,0.7211050406425275,0.006184489469050275,0.19582780292975024,2.2656583617387636,0.03886769233124813,63.39902479880558,0.6121477287350405,0.25000000000000006,1.465589777392199,0.5943720706047968,-0.04485667039955422,0.13202539957948514,0.244756816394079,0.09296489940225615,0.4237863489190876,0.3276371295704448,-0.21357480709714685,Semiconductors,Technology,ADI
2007Q4,2007,Q4,2007-11-30,2007-11-03,97889000.0,505059000.0,133502000.0,0.32,331974000.0,0.6572974643,2971949000.0,2338141000.0,1978995000.0,548051000.0,633808000.0,347519000.0,2253483000.0,9841738900.0,9416766900.0,7.816183672582494,3.6109686872207147,0.0,0.0,0.03965696623173744,7.816183672582494,0.04186616632615398,19.48631526217729,25.134945959198685,4.209215312506816,0.566325123354003,0.49805909892696515,0.005632846041058862,0.1699420144827519,2.586598692457454,0.032937644623107595,65.7549384324494,0.6572974642566513,-0.13513513513513511,2.4176293247649663,0.34536984122188413,-0.021262880448155563,-0.1456849852670587,-0.1872047162369743,-0.030092121705268662,-0.07084061510696278,0.0031003468006829725,-0.22742515308072744,Semiconductors,Technology,ADI
2007Q3,2007,Q3,2007-08-21,2007-08-04,120435000.0,680312000.0,137644000.0,0.37,388585000.0,0.5711864556,3166367000.0,2536606000.0,2172414000.0,559855000.0,629761000.0,371773000.0,2471627000.0,11292768900.0,10898870900.0,7.965101345516776,3.88031543881898,0.0,0.0,0.042410566744717076,7.965101345516776,0.04747879647055948,16.599396894366116,23.44162598081953,4.451920755529239,0.4861128409515506,0.7846911959717354,0.005184290984649478,0.21485570055524203,2.919430924078556,0.038035704641944536,70.80860593292076,0.571186455626242,0.0,3.394928266492998,0.7507317444287245,-0.017973751198554048,0.01820311394567627,-0.03925619834710744,0.04441122686678149,-0.1563097400545103,0.12241744059251138,-0.20537432656217489,Semiconductors,Technology,ADI
2007Q2,2007,Q2,2007-05-22,2007-05-05,125356000.0,669132000.0,131791000.0,0.37,381638000.0,0.5703478536,3686676000.0,3064313000.0,2689720000.0,548125000.0,622363000.0,382177000.0,2997560000.0,13130222520.0,12771632520.0,9.286134647320509,4.907128848346637,0.0,0.0,0.03309954286365933,9.286134647320509,0.04090835368319098,19.622768781047686,26.18586768882223,4.2848829476623305,0.4751427933246115,0.7522535369737059,0.004536252139617204,0.1815000830015982,3.880114937286203,0.034002445563428955,65.9903027561667,0.5703478536372495,-0.15909090909090912,8.599579215632795,0.7882488110822262,0.1637036627732743,-0.08484485156587214,-0.18189353051355178,-0.19269949586214924,-0.06671440171564208,0.12025872149554831,-0.032748224543045726,Semiconductors,Technology,ADI
2007Q1,2007,Q1,2007-02-21,2007-02-03,153227000.0,691614000.0,163249000.0,0.44,417020000.0,0.6029663945,3823817000.0,3261207000.0,2837191000.0,488505000.0,562610000.0,385766000.0,3200395000.0,11292191320.000002,10893642320.000002,9.628657387997567,5.807905753267622,0.0,0.0,0.03916753688254902,9.628657387997567,0.0469847513512635,16.32730297535909,18.42395811443153,3.4625803636506367,0.35722816474903246,0.711814934442123,0.004847331970284045,0.18087005732753425,4.705384796470865,0.040071739834829964,66.25822974059275,0.6029663945495609,0.09999999999999995,5.65401901134849,0.8869908184579816,0.21284011254913374,0.113324007133475,0.10697953315657532,0.3681153833260702,0.4405836410978552,0.25500682666389296,0.041992616769290766,Semiconductors,Technology,ADI
