Year,Date,FillingDate,NetIncome,Revenue,OperatingIncome,EPSDiluted,GrossProfit,GrossProfitRatio,TotalAssets,CommonStockEquity,CurrentAssets,CurrentLiability,TotalLiability,Inventory,RetainedEarnings,EnterpriseValue,bookValuePerShare,currentRatio,debtToAssets,debtToEquity,roic,shareholdersEquityPerShare,roe,priceToSalesRatio,peRatio,pbRatio,payoutRatio,inventoryTurnover,dividendYield,assetTurnover,quickRatio,returnOnAssets,priceToFreeCashFlowsRatio,grossProfitMargin,epsdilutedGrowth,fiveYNetIncomeGrowthPerShare,fiveYRevenueGrowthPerShare,fiveYShareholdersEquityGrowthPerShare,grossProfitGrowth,netIncomeGrowth,operatingIncomeGrowth,threeYNetIncomeGrowthPerShare,threeYRevenueGrowthPerShare,threeYShareholdersEquityGrowthPerShare,Industry,Sector,Price,MarketCap,AvgVolume,Symbol
2022,2022-12-31,2023-02-16,-7356000.0,308960000.0,114685000.0,-0.0593,223252000.0,0.7225919213,3004279000.0,1296168000.0,76248000.0,110885000.0,1619681000.0,0.0,-315984000.0,3254467172.05,10.445534985649527,0.6876313297560536,0.46434402397380536,1.0762640336746472,-0.005349894012415678,10.445534985649527,-0.005675190253115337,6.0365295573860696,-253.54080642332787,1.4388923133806728,-13.351141924959217,0.0,0.052658749939713055,0.10283998257152548,0.6126166749334897,-0.002448507611976118,12.515156533219704,0.7225919212843086,-1.1005084745762712,-1.16937256712343,0.001679406536124618,-0.046217686584930466,0.08375809473878387,-1.0969834405653411,-0.0018277557770137952,-1.141143805453778,-0.018585022390023114,0.03003182876762272,REIT—Retail,Real Estate,13.775,1735705100,1069791,ROIC
2021,2021-12-31,2022-02-17,75848000.0,284100000.0,114895000.0,0.59,205998000.0,0.7250897571,2928844000.0,1276894000.0,81362000.0,48598000.0,1562491000.0,0.0,-297801000.0,3659333080.4,10.681305625561187,1.6741841228034076,0.45392448351636344,1.0411780461024955,0.05829084962691013,10.681305625561187,0.05940038875584035,8.247367407250968,30.891745074359246,1.8349816667632552,0.5243645185107056,0.0,0.01697426018661336,0.09700072793224904,1.5202271698423804,0.02589690676594588,17.186552536455125,0.7250897571277719,1.185185185185185,1.0466893854319694,0.05864131262139963,-0.05022122273982332,-0.018009686522767143,1.3692134691072655,0.21650237699450486,0.6696676504529817,-0.096442551338168,0.010973917336251384,REIT—Retail,Real Estate,13.775,1735705100,1069791,ROIC
2020,2020-12-31,2021-02-24,32014000.0,284114000.0,94447000.0,0.27,209776000.0,0.7383515068,2861848000.0,1199553000.0,75162000.0,62925000.0,1570689000.0,0.0,-289309000.0,2956761254.3,10.116802368078973,1.1944696066746125,0.48008349849467896,1.1453649817890497,0.03383882346413367,10.116802368078973,0.026688274715664918,5.588099334422098,49.592592437683514,1.3235407308389042,0.7308677453614044,0.0,0.014737437779236681,0.09927641160536828,1.0891855383392928,0.01118647810785199,14.88521708513032,0.7383515067895281,-0.3571428571428571,0.0800000033735242,0.1869713328670311,-0.06845133427350969,-0.04207498059272113,-0.34456637458029643,-0.18135563838086158,-0.22857142415686008,-0.03600772081509002,-0.07623427806752911,REIT—Retail,Real Estate,13.775,1735705100,1069791,ROIC
2019,2019-12-31,2020-02-19,48844000.0,295040000.0,115370000.0,0.42,218990000.0,0.7422383406,2913757000.0,1179348000.0,67448000.0,98305000.0,1621929000.0,0.0,-297998000.0,3459419903.08,10.140982728802705,0.6861095569909974,0.4837211888294048,1.19510610947744,0.04875887685664342,10.140982728802705,0.04141610449163436,6.961001569549891,42.047619013184836,1.7414485826744948,1.8580173613954631,0.0,0.044188408404595904,0.1012575859963614,0.6370072732821321,0.01676323729123602,15.554297617219154,0.7422383405639913,0.1052631578947368,0.7500000117774293,0.3768342702380107,-0.07135377497203971,-0.002768695525460159,0.14292399850243354,0.05597964376590331,0.3548387169915529,0.1301265458604633,-0.09826658706128337,REIT—Retail,Real Estate,13.775,1735705100,1069791,ROIC
2018,2018-12-31,2019-02-20,42736000.0,295798000.0,109254000.0,0.38,219598000.0,0.7423917673547489,3003071000.0,1188214000.0,58475000.0,169177000.0,1694643000.0,0.0,-256438000.0,3262563949.04,10.565362213997227,0.34564391140639683,0.493736245330197,1.2478602339309248,0.03850924452386869,10.565362213997227,0.03596658514375357,6.0376167149203175,41.7894737233246,1.5030246647826067,2.2827592661924374,0.0,0.05462522168395545,0.09849850369838076,0.3127375470660905,0.014230765772770607,13.641477482393562,0.7423917673547489,0.0857142857142858,-0.24000000071134409,0.5991013769579546,0.05676722776436976,0.07411247957895972,0.11068950281986642,0.16643356643356644,0.5199999985773118,0.30289293631508785,-0.027148231696151146,REIT—Retail,Real Estate,13.775,1735705100,1069791,ROIC
2017,2017-12-31,2018-02-22,38477000.0,273260000.0,93665000.0,0.35,204446000.0,0.7481739003147185,3039198000.0,1203967000.0,63575000.0,158967000.0,1709557000.0,0.0,-210490000.0,3668782005.7,10.95169708929569,0.3999257707574528,0.4893218539891116,1.235204951630734,0.032634785514217814,10.95169708929569,0.03195851713543644,8.026015537217301,57.000000148140444,1.821635481454226,2.3818385009226293,0.0,0.041786640258462064,0.08991187806783237,0.34478854101794715,0.012660247868023077,17.09489072606103,0.7481739003147185,0.12903225806451607,1.3333333272691046,0.7416362627358694,0.23515762472751206,0.13625298727282834,0.17472675093118398,0.21373313809591685,0.4583333381634362,0.3489802881852046,0.0028862519150443743,REIT—Retail,Real Estate,13.775,1735705100,1069791,ROIC
2016,2016-12-31,2017-02-23,32754000.0,237189000.0,77171000.0,0.31,179930000.0,0.7585933580393694,2662969000.0,1188241000.0,52387000.0,113948000.0,1347404000.0,0.0,-165951000.0,3375709913.45,11.246098440284705,0.45974479587180117,0.43420708239562683,0.9731022578752964,0.030874834315471344,11.246098440284705,0.02756511515761533,9.412556709838988,68.16129063473163,1.878873825638065,2.5656408377602737,0.0,0.03764073147483726,0.08906938083019367,0.42953803489310916,0.01229980521740959,19.467352448073804,0.7585933580393694,0.24,0.36365310449978827,0.8430633332652919,0.06041008377165283,0.24489739438471225,0.3725276567214214,0.3005982978006236,-0.3800000028393479,0.3648437323288953,0.12485573435049944,REIT—Retail,Real Estate,13.775,1735705100,1069791,ROIC
2015,2015-12-31,2016-02-24,23864000.0,192699000.0,59335000.0,0.25,144534000.0,0.7500505970451325,2310635000.0,1036671000.0,40176000.0,148705000.0,1179293000.0,0.0,-122991000.0,2691250400.0,10.860197368421053,0.2701724891563834,0.4290733932447141,0.9563612756602625,0.0275596805148623,10.860197368421053,0.02301983946690898,8.867001904524672,71.6,1.648220505830683,2.874664767013074,0.0,0.04014894925995914,0.08339655549232138,0.252150230321778,0.01032789687683256,19.658552412071284,0.7500505970451325,0.041666666666666706,26.929298415398545,4.140756424175161,0.15638562998412353,0.2581900657252709,0.17550598996258568,0.3554872206122329,0.6666666666666667,0.41446036979725326,0.22483807543964773,REIT—Retail,Real Estate,13.775,1735705100,1069791,ROIC
2014,2014-12-31,2015-02-25,20301045.0,155863511.0,43773928.0,0.24,114874536.0,0.7370200713623087,1851696385.0,923712669.0,41266443.0,168673382.0,888914167.0,0.0,-80975650.0,2152832174.52,10.920178702602676,0.24465296486436727,0.4014579847008774,0.8047722240345282,0.024517033294586436,10.920178702602676,0.021977662190102536,9.111993387085962,69.95833374685884,1.537520626470914,2.737920929686132,0.0,0.03913645141396847,0.08417336247054347,0.2003759194204098,0.010963484707564518,21.780313025945848,0.7370200713623087,-0.5,2.2744631407181743,2002.727459372313,0.36393513571560415,0.43172436320008206,-0.399618247838493,0.5760091367924464,0.05573143433613649,0.512814464056818,0.02967866361084146,REIT—Retail,Real Estate,13.775,1735705100,1069791,ROIC
2013,2013-12-31,2014-02-25,33813561.0,111232031.0,27775174.0,0.48,80235092.0,0.7213308188178278,1439089843.0,676123389.0,31753727.0,70299068.0,733679777.0,0.0,-47616570.0,1609250116.8400002,9.997814027928026,0.45169485034993634,0.43200817587870366,0.9195046172260135,0.020081741408354063,9.997814027928026,0.05001093225011922,8.949501567943141,29.44,1.4723218454435096,1.2793632412747062,0.0,0.043456631836776706,0.07729331948318115,0.40269047379120304,0.02349649062181589,26.368377160007963,0.7213308188178278,2.1999999999999997,8.809031891200302,0.0,0.8539377274372855,0.4578996283000715,3.2842035964515173,1.4039885447093197,52.8585968307971,3.1885119535797473,0.06455970190443613,REIT—Retail,Real Estate,13.775,1735705100,1069791,ROIC
2012,2012-12-31,2013-02-27,7892613.0,75095687.0,11553788.0,0.15,55034716.0,0.7328612094593395,950911527.0,466539682.0,22093890.0,125468580.0,484369456.0,0.0,-38851234.0,1063131459.0,8.866639261294074,0.17609101816566347,0.28676678561285335,0.5844944224915899,0.014503852314069771,8.866639261294074,0.016917345521747066,9.003630887616755,85.66666666666667,1.449252599696332,3.428204955697182,0.0,0.040017956681290066,0.07897231747407349,0.1366670444504911,0.008300049768983398,27.351066597746993,0.7328612094593395,-0.3478260869565218,1.3525665118596335,0.0,-0.12754051725593446,0.43651778878117536,-0.1826480292028403,1.3317649366674242,1.7965394676572242,1550.9824106915698,0.10744715389246422,REIT—Retail,Real Estate,13.775,1735705100,1069791,ROIC
2011,2011-12-31,2012-02-28,9656321.0,51737512.0,4954954.0,0.23,38311197.0,0.7404916765228293,694432627.0,450486665.0,42944202.0,7475283.0,243943573.0,0.0,-19617877.0,638016138.88,10.605423894390675,5.744826249387481,0.24466875171750824,0.37716091773770927,0.007986803466680131,10.605423894390675,0.02143530930044289,9.720756631667948,52.08275106844522,1.1164098783700955,1.693188327107187,0.0,0.03250957932084006,0.07450328511134313,5.580175894344067,0.013905338868820172,-2.543538125771993,0.7404916765228293,24.0,2.5654014594086836,0.0,0.04355239595382027,2.2511014236426186,25.085345990856055,1.9325151965630427,3.459785061629564,0.0,0.9666094426593869,REIT—Retail,Real Estate,13.775,1735705100,1069791,ROIC
2010,2010-12-31,2010-12-31,-400921.0,16328969.0,-5313537.0,-0.01,11784067.0,0.721666321982729,464192502.0,390521181.0,91130552.0,4889350.0,73668932.0,0.0,-12880840.0,390758450.91,9.391501491219808,18.638582224631087,0.09137825324029038,0.10861664376662837,-0.011705516123332416,9.391501491219808,-0.0010266306144352257,25.236228564706078,-1027.8373891863985,1.0552093303999304,-18.672571404341504,0.0,0.018166853629563027,0.03517714941461937,17.751294343828935,-0.0008636955536175377,-1.9634108497402791,0.721666321982729,0.9473684210526315,-1.1512167480823239,0.0,-0.07589512872277451,256.6540799370299,0.9571929483640961,0.5314148711931196,-1.1512167480823239,0.0,-0.07589512872277451,REIT—Retail,Real Estate,13.775,1735705100,1069791,ROIC
2009,2009-12-31,2009-12-31,-9365770.0,45736.0,-11339534.0,-0.19,45736.0,1.0,403873513.0,398194775.0,383240827.0,5678738.0,5678738.0,0.0,-4993693.0,118605272.26999998,8.006376855211139,67.48697104884923,0.0,0.0,-0.027684163339039072,8.006376855211139,-0.02352057482421762,10972.169697175092,-53.58055485774261,1.260245449654632,0.0,0.0,0.0,0.00011324337577938665,67.48293036234459,-0.02318985944492973,-20.77155494820348,1.0,-4.8,-3.9534839231243426,0.0,-0.2121886090207213,0.0,-4.550498033454959,-6.239722555280171,-3.9534839231243426,0.0,-0.2121886090207213,REIT—Retail,Real Estate,13.775,1735705100,1069791,ROIC
2008,2008-12-31,2008-12-31,2637875.0,0.0,-1566294.0,0.05,0.0,0.0,412387958.0,279074571.0,411712205.0,15723332.0,133313387.0,0.0,4372077.0,542853278.0,5.392745333333333,26.18479371929563,0.0,0.0,-0.003704220904208139,5.392745333333333,0.009452222717920079,0.0,205.79348907738236,1.9452058926572713,0.0,0.0,0.0,0.0,26.15850113703635,0.0063965859061287135,-104.64585717237827,0.0,-0.1666666666666666,-0.20054410467352898,0.0,-0.46936469778022843,0.0,0.5210886621051065,-2.509501435130103,-0.20054410467352898,0.0,-0.46936469778022843,REIT—Retail,Real Estate,13.775,1735705100,1069791,ROIC
TTM,,,,,,,,,,,,,,,,3098472100.0,9.472991893883567,0.6778784490413392,0.4578700808558884,1.0690929882495712,0.002590669864488284,9.472991893883567,0.0025939190739708907,5.512905121266405,556.3296130952381,1.454134042793187,22.755357142857143,0.0,0.043557168784029036,0.10489509790562293,0.6215509586608347,0.0011194354313974319,11.912951358622914,0.7200423066661584,,,,,,,,,,,REIT—Retail,Real Estate,13.775,1735705100,1069791,ROIC
