Quarters,Year,Quarter,FillingDate,Date,NetIncome,Revenue,OperatingIncome,EPSDiluted,GrossProfit,GrossProfitRatio,TotalAssets,CommonStockEquity,CurrentAssets,CurrentLiability,TotalLiability,Inventory,RetainedEarnings,MarketCap,EnterpriseValue,bookValuePerShare,currentRatio,debtToAssets,debtToEquity,roic,shareholdersEquityPerShare,roe,priceToSalesRatio,peRatio,pbRatio,payoutRatio,inventoryTurnover,dividendYield,assetTurnover,quickRatio,returnOnAssets,priceToFreeCashFlowsRatio,grossProfitMargin,epsdilutedGrowth,fiveYNetIncomeGrowthPerShare,fiveYRevenueGrowthPerShare,fiveYShareholdersEquityGrowthPerShare,grossProfitGrowth,netIncomeGrowth,operatingIncomeGrowth,threeYNetIncomeGrowthPerShare,threeYRevenueGrowthPerShare,threeYShareholdersEquityGrowthPerShare,Industry,Sector,Symbol
2023Q1,2023,Q1,2023-04-26,2023-03-31,8142000.0,79296000.0,25654000.0,0.06,56250000.0,0.7093674334,3001513000.0,1285485000.0,82449000.0,121628000.0,1628619000.0,0.0,-326686000.0,1894372000.0,3257139000.0,9.472991893883567,0.6778784490413392,0.4578700808558884,1.0690929882495712,0.009030662982928954,9.472991893883567,0.006333796193654535,23.889880952380953,58.16666666666667,1.473663247723622,0.036477523949889464,0.0,0.00015678018889637304,0.026418676180979393,0.6215509586608347,0.0027126319292969914,42.62091929714042,0.7093674334140436,2.30718954248366,-0.3333333339562699,-0.06599302089609795,-0.059510528248491026,-0.010675906220869901,2.391794871794872,-0.04784173996956538,-0.4000000000000001,-0.0632889987317485,-0.011679154870107991,REIT—Retail,Real Estate,ROIC
2022Q4,2022,Q4,2023-02-16,2022-12-31,-5850000.0,79285000.0,26943000.0,-0.0459,56857000.0,0.7171217759,3004279000.0,1296168000.0,76248000.0,110885000.0,1619681000.0,0.0,-315984000.0,1916137125.0,3305558125.0,10.167020296107461,0.6876313297560536,0.46434402397380536,1.0762640336746472,-0.005088516068170031,10.167020296107461,-0.004513303830984873,24.16771299741439,-81.88620192307692,1.4783092353768956,-7.51931623931624,0.0,0.022956603379833792,0.026390691410484845,0.6126166749334897,-0.001947222611481823,119.89345044424978,0.7171217758718547,-2.5827586206896553,-1.4588685165212274,-0.07262313132476023,-0.08384529482560693,0.007085038170643145,-2.521852237252862,0.004923352355376525,-1.509853907748078,-0.047204207696497795,-0.027660263435040692,REIT—Retail,Real Estate,ROIC
2022Q3,2022,Q3,2022-10-26,2022-09-30,3844000.0,78038000.0,26811000.0,0.029,56457000.0,0.7234552398,3001688000.0,1302233000.0,70425000.0,108585000.0,1610611000.0,0.0,-307394000.0,1819900255.68,3171193255.6800003,9.845993495563704,0.6485702445089101,0.45265597223961984,1.0433862450114535,0.0018555550787471423,9.845993495563704,0.0029518527022429934,23.320693196647788,118.35979810613944,1.3975227595061712,4.204994797086369,0.0,0.008881805444859598,0.025998038437039427,0.6117235345581802,0.0012806127752118142,32.75499461276795,0.7234552397549912,2.3875598086124405,-0.6367009686731668,-0.007183679212798821,-0.031206314523739797,-0.011901219875037191,2.384726224783862,0.008046020227845245,-0.8183504843365835,-0.09087549654262397,-0.06119907923497034,REIT—Retail,Real Estate,ROIC
2022Q2,2022,Q2,2022-07-27,2022-06-30,-2776000.0,78225000.0,26597000.0,-0.0209,57137000.0,0.7304186641,2968710000.0,1297463000.0,66762000.0,84632000.0,1580486000.0,0.0,-307039000.0,1949421655.32,3296234655.3199997,10.502584745648152,0.7888505529823234,0.45556655921258726,1.042376545612476,-0.0021479178506291826,10.502584745648152,-0.0021395600491112272,24.920698693767974,-175.5603075756484,1.5024872811941457,-5.76693083573487,0.0,0.00821217921546691,0.026349828713481613,0.7453681822478495,-0.0009350862832678167,65.61720876905987,0.7304186641099393,-0.050251256281406906,-1.2808863841774223,-0.013105864776376888,-0.06807343142927103,0.02282410225197809,-0.07847707847707848,-0.003148307784565796,-1.3210130109117035,-0.05919824981478084,-0.017551456623785364,REIT—Retail,Real Estate,ROIC
2022Q1,2022,Q1,2022-04-26,2022-03-31,-2574000.0,76473000.0,26681000.0,-0.0199,55862000.0,0.7304800387,2922214000.0,1287293000.0,84729000.0,57389000.0,1543933000.0,0.0,-302279000.0,2507988769.16,3806279769.16,9.952441405214127,1.4763979159769294,0.4503975410425109,1.0224230225752802,-0.00211608990179916,9.952441405214127,-0.001999544781180353,32.79574188484825,-243.5886527933178,1.9482656777905263,-8.566433566433567,0.0,0.008791905398916599,0.026169541313538297,1.3495443377650769,-0.0008808389803073971,52.50023589960436,0.7304800387064716,0.5393518518518519,-1.221115025242213,0.01380254770647182,-0.0479631665296437,0.06338993375466383,0.5097142857142857,0.16633152649064523,-1.1658362694322975,-0.14162189189639596,-0.0655091849264635,REIT—Retail,Real Estate,ROIC
2021Q4,2021,Q4,2022-02-17,2021-12-31,-5250000.0,72798000.0,22876000.0,-0.0432,52532000.0,0.7216132311,2928844000.0,1276894000.0,81362000.0,48598000.0,1562491000.0,0.0,-297801000.0,2383919991.6000004,3700175991.6000004,10.498306355995911,1.6741841228034076,0.45392448351636344,1.0411780461024955,-0.005056964970759911,10.498306355995911,-0.0041115394073431314,32.747053375092726,-113.5199996,1.8669678075079061,-2.722857142857143,0.0,0.005996426075694645,0.02485554027459298,1.5202271698423804,-0.0017925160916730286,112.61904722222224,0.7216132311327235,-1.2541176470588233,-1.4796022254782006,0.014468853861524243,-0.0555207660264517,0.013896394657608276,-1.2488741407916568,-0.3808093111381784,-1.4796022263916417,-0.07082657793956978,0.030890949257355846,REIT—Retail,Real Estate,ROIC
2021Q3,2021,Q3,2021-10-27,2021-09-30,21095000.0,71385000.0,36945000.0,0.17,51812000.0,0.725810744554178,2898236000.0,1263438000.0,157238000.0,51215000.0,1545356000.0,0.0,-284144000.0,2161617053.7000003,3399824053.7000003,10.18177105992361,3.0701552279605586,0.458677968253793,1.0521743053477892,0.014249101837977935,10.18177105992361,0.016696505883153745,30.28111022903972,25.61764699810382,1.710900775265585,0.6736193410760843,0.0,0.00657378233377508,0.02463049937962264,2.979420091769989,0.007278565306620993,44.63937414711714,0.725810744554178,0.21428571428571425,1.4285714310467346,0.02489035082750523,-0.09858241220144681,0.003486210102262163,0.27972579471002185,0.1537380550871276,0.41666666603219515,-0.07927069679401594,0.0012344166314369482,REIT—Retail,Real Estate,ROIC
2021Q2,2021,Q2,2021-07-29,2021-06-30,16484000.0,70730000.0,32022000.0,0.14,51632000.0,0.7299872755549272,2859559000.0,1241303000.0,109829000.0,31343000.0,1529925000.0,0.0,-291839000.0,2079338854.6200001,3363437854.62,10.542490913058106,3.5040997989981815,0.46480313922531413,1.0707554883859944,0.012457813560739718,10.542490913058106,0.013279594103937555,29.39825893708469,31.535714247452074,1.6751259399356966,0.8504610531424411,0.0,0.0067420468620839474,0.02473458319971716,3.371821459337013,0.005764525229239893,89.66532361448901,0.7299872755549272,1.3333333333333337,0.8202568869437162,0.025572858270602114,-0.012012482152480812,0.03218583823117828,1.2230613621038435,0.42611561414447313,1.3333333425230842,0.0157111478333279,0.08732181162891765,REIT—Retail,Real Estate,ROIC
2021Q1,2021,Q1,2021-04-28,2021-03-31,7415000.0,69187000.0,22454000.0,0.06,50022000.0,0.7229970948299536,2844771000.0,1197091000.0,74505000.0,53955000.0,1557581000.0,0.0,-294983000.0,1868536418.55,3204058418.55,10.167227131030435,1.3808729496802892,0.4711679780200234,1.1196851367189296,0.00884902043621643,10.167227131030435,0.006194182397161118,27.007044944136904,62.998530632164524,1.560897557955076,0.014160485502360081,0.0,5.6193713409921594e-05,0.02432076254995569,1.2797887128162357,0.0026065366948692884,42.905543479908154,0.7229970948299536,-0.25000000000000006,-0.2127792584629043,0.05110650883609501,-0.018740992287924963,-0.07448934280639431,-0.16676031014720755,-0.07440537532462178,-0.3002482303986552,-0.06075574296386889,0.00941394025835037,REIT—Retail,Real Estate,ROIC
2020Q4,2020,Q4,2021-02-24,2020-12-31,8899000.0,72918000.0,24259000.0,0.08,54048000.0,0.7412161606187773,2861848000.0,1199553000.0,75162000.0,62925000.0,1570689000.0,0.0,-289309000.0,1489470125.0,2858574125.0,10.783710529272952,1.1944696066746125,0.48008349849467896,1.1453649817890497,0.0094265389381456,10.783710529272952,0.007418596760626667,20.42664534134233,41.84375,1.2416876328098885,0.0,0.0,0.0,0.025479340621863914,1.0891855383392928,0.003109529227268534,108.45129787388962,0.7412161606187773,0.3333333333333334,0.14285714781101005,0.2637581802157196,0.02848528602764337,0.06082553141376671,0.37627590473244665,0.10098030316783153,-0.20000000000000004,-0.022500909531322062,-0.028275064581651663,REIT—Retail,Real Estate,ROIC
2020Q3,2020,Q3,2020-10-27,2020-09-30,6466000.0,69772000.0,22034000.0,0.06,50949000.0,0.730221292208909,2921376000.0,1185559000.0,122834000.0,129299000.0,1643702000.0,0.0,-298212000.0,1122389836.8049998,2492941836.805,11.001166065570164,0.9499996132994069,0.48915647968628484,1.2053470135185174,0.008017731142921498,11.001166065570164,0.005453967284631132,16.086536673808975,43.39583346756108,0.9467178240855156,0.0,0.0,0.0,0.023883265967817906,0.9246707244448913,0.0022133405628032817,25.532070900932663,0.730221292208909,0.4999999999999999,-0.2500000023198268,0.21886318199962718,0.04487747290585961,0.05049484536082474,0.39143533462448893,0.09290213779078418,-0.2500000023198268,0.08940320927178269,0.08245655677125789,REIT—Retail,Real Estate,ROIC
2020Q2,2020,Q2,2020-07-30,2020-06-30,4647000.0,66552000.0,20161000.0,0.04,48500000.0,0.728753455944224,3030133000.0,1172466000.0,212505000.0,242966000.0,1763312000.0,0.0,-304678000.0,1318519164.82,2726859164.8199997,10.074969051976954,0.8746285488504565,0.5147338417158587,1.3302833515001715,0.007027023070566146,10.074969051976954,0.0039634411573555225,19.811863878170453,70.93389094146761,1.1245692112351233,0.0,0.0,0.0,0.021963392365945654,0.8609311590922186,0.0015335960500743697,159.64634517738224,0.728753455944224,-0.6,-0.2013690600062279,0.28717757967551516,0.14653367815460577,-0.13822207217612253,-0.6128145309115147,-0.2797842317722288,-0.5008556625038925,-0.10869086413590204,-0.10601708394158392,REIT—Retail,Real Estate,ROIC
2020Q1,2020,Q1,2020-04-23,2020-03-31,12002000.0,74872000.0,27993000.0,0.1,56279000.0,0.7516695159739288,2963891000.0,1150384000.0,115339000.0,178713000.0,1704544000.0,0.0,-309325000.0,994965799.9999999,2411213800.0,9.584935844025996,0.6453867373945935,0.49911585817427156,1.2859401730204871,0.010106841587633064,9.584935844025996,0.010433038011655238,13.288890372903087,20.724999999999998,0.8648988511662192,2.131728045325779,0.0,0.02571445169271145,0.02526138781756819,0.6178677544442766,0.00404940667521174,24.44213034613211,0.7516695159739288,0.11111111111111122,1.5,0.451666215729998,0.091872579157947,0.03230125830001101,0.18234656684070535,0.07137936313533375,0.11111111111111122,0.06969222883692366,-0.08311824220514502,REIT—Retail,Real Estate,ROIC
2019Q4,2019,Q4,2020-02-19,2019-12-31,10151000.0,73619000.0,26128000.0,0.09,54518000.0,0.740542522989989,2913757000.0,1179348000.0,54448000.0,98305000.0,1621929000.0,0.0,-297998000.0,1991851779.74,3397497779.74,10.456242724405238,0.5538680636793653,0.4837211888294048,1.19510610947744,0.009558263226111384,10.456242724405238,0.008607298269891499,27.056218907347287,49.055555603881395,1.6889431955114182,2.4773913900108364,0.0,0.012625437422498683,0.025266005366954072,0.5047657799705,0.003483818314293196,95.74369254662565,0.740542522989989,-0.43750000000000006,0.7999999982267755,0.4344310147916038,0.03842480149681997,0.022276392274517158,-0.43157128457834026,-0.2541037426132633,-9.851246361868171e-10,0.10631415569759119,-0.059305017047114196,REIT—Retail,Real Estate,ROIC
2019Q3,2019,Q3,2019-10-29,2019-09-30,17858000.0,72438000.0,35029000.0,0.16,53330000.0,0.736215798337889,2933342000.0,1170574000.0,55488000.0,118051000.0,1648190000.0,0.0,-285221000.0,2034695875.0,3447955875.0,10.487839623698063,0.4700341377879052,0.484044478959494,1.2129673134718522,0.012784446545035164,10.487839623698063,0.015255763411796264,28.08879144923935,28.484375,1.7382035437315368,1.3924291634001569,0.0,0.012220991011740269,0.024694699765659783,0.4426646110579326,0.006087936558369259,41.648501146272565,0.736215798337889,1.2857142857142856,1.2857142857142856,0.5315482521176136,0.10711330404360281,-0.019452820475104802,1.3543836519446275,0.4625276606404743,1.285714282626317,0.15625776638731995,-0.07148539883954898,REIT—Retail,Real Estate,ROIC
2019Q2,2019,Q2,2019-07-25,2019-06-30,7585000.0,72930000.0,23951000.0,0.07,54388000.0,0.745756204579734,2968969000.0,1158361000.0,54825000.0,164407000.0,1694375000.0,0.0,-280488000.0,1838820716.7099998,3309817716.71,10.690213565339205,0.3334712025643677,0.49797926485591465,1.27635944235001,0.008581804110136319,10.690213565339205,0.006548045039499776,25.213502217331687,60.607142937046795,1.5874332066687327,3.2552406064601187,0.0,0.013427627704878646,0.024564082683247956,0.3150230829587548,0.002554758907890247,82.86335526609886,0.745756204579734,-0.4166666666666666,-0.1250000011535926,0.3295527571352202,-0.13810905250175926,-0.04168869154597033,-0.42754716981132074,-0.20854537043156435,-0.08987155883230435,0.14906897338659472,0.0018313179286063561,REIT—Retail,Real Estate,ROIC
2019Q1,2019,Q1,2019-04-25,2019-03-31,13250000.0,76053000.0,30262000.0,0.12,56754000.0,0.7462427517652164,2994406000.0,1175951000.0,61896000.0,167614000.0,1700457000.0,0.0,-265565000.0,1920145839.13,3379599839.13,10.650122231999632,0.3692770293650888,0.4906158349936515,1.249289298618735,0.01079258948323461,10.650122231999632,0.011267476280899458,25.247470042338897,36.22916677603774,1.6328451093030236,1.8844528301886792,0.0,0.013003699766530869,0.025398359474299744,0.342411731716921,0.004424917663135861,47.77670662179647,0.7462427517652164,0.3333333333333333,1.7878185748705773,0.3785959909609576,0.1482691606390699,0.020920652623626128,0.2617845919436244,-0.07765925022858884,0.49999999547169804,0.23205070698117092,0.027864159883789392,REIT—Retail,Real Estate,ROIC
2018Q4,2018,Q4,2019-02-20,2018-12-31,10501000.0,75158000.0,32810000.0,0.09,55591000.0,0.7396551265334362,3003071000.0,1188214000.0,58475000.0,169177000.0,1694643000.0,0.0,-256438000.0,1852843114.64,3329492114.6400003,10.183721530932823,0.34564391140639683,0.493736245330197,1.2478602339309248,0.011564686993868707,10.183721530932823,0.008837633624919418,24.652639967002848,44.11111119512428,1.5593513581223584,2.3301590324730976,0.0,0.013206190964934571,0.0250270473125677,0.3127375470660905,0.0034967538230031856,91.43521094749309,0.7396551265334362,-0.25,0.7999999965717549,0.4516756579307381,0.14180617250159677,0.0200370649002734,-0.2601803578977033,0.29438219977907526,0.28571428883863986,0.24184535189951026,-0.028738046784953043,REIT—Retail,Real Estate,ROIC
2018Q3,2018,Q3,2018-10-24,2018-09-30,14194000.0,73904000.0,25348000.0,0.12,54499000.0,0.737429638449881,3014535000.0,1202849000.0,51144000.0,166138000.0,1688952000.0,0.0,-244690000.0,2175230493.87,3635530493.87,10.169218008085721,0.3078404699707472,0.48543009120809677,1.21656666796913,0.008937077306353335,10.169218008085721,0.011800317413075124,29.433190272109762,38.312499892031845,1.8083986384575288,1.725306467521488,0.0,0.011258117274933511,0.024515887193215537,0.29065596070736377,0.004708520551262467,49.72864738397878,0.737429638449881,1.0,-0.6578694282178614,0.6576729351594534,0.06467368053561509,0.020389440179741623,0.9340509606213381,0.06437119462523619,0.5000000042271382,0.17625810508001868,-0.03413994931212146,REIT—Retail,Real Estate,ROIC
2018Q2,2018,Q2,2018-07-26,2018-06-30,7339000.0,72341000.0,23815000.0,0.06,53410000.0,0.7383088428415422,3049669000.0,1185962000.0,56073000.0,203839000.0,1740548000.0,0.0,-236570000.0,2343587339.72,3859476339.72,9.695833193361947,0.27508474825720297,0.5006599076817845,1.2874333241705889,0.00824984757787385,9.695833193361947,0.006188225255109354,32.39639125419886,79.83333355089249,1.9761066035168076,3.3049461779533997,0.0,0.010349518274363893,0.023720934960482595,0.260269133973381,0.002406490671610591,104.21038462003645,0.7383088428415422,-0.3333333333333333,0.49999999591224964,0.4018532172823438,-0.08981616088234338,-0.0479161467431994,-0.31424032891048403,-0.12704812873428392,0.19999999672979968,0.33116767024956,0.10338793465350085,REIT—Retail,Real Estate,ROIC
2018Q1,2018,Q1,2018-04-26,2018-03-31,10702000.0,74395000.0,27281000.0,0.09,56098000.0,0.7540560521540426,3049723000.0,1197721000.0,62011000.0,187151000.0,1727292000.0,0.0,-221841000.0,2101159331.3700001,3582193331.37,10.072406101730897,0.3313420713755203,0.48989563970235983,1.247407367826063,0.009508957716316501,10.072406101730897,0.008935302962876998,28.243286932858393,49.083333287469635,1.7542978134056264,2.274621566062418,0.0,0.011585508836270807,0.02439401873547204,0.30227997713076604,0.0035091711607906687,47.29890667829728,0.7540560521540426,-0.10000000000000009,1.250000002102411,0.4687985507007797,-0.04727454941959336,0.031763256147578675,-0.013549635911143883,0.04805993084902036,1.250000002102411,0.45586890126703455,0.1474029881460028,REIT—Retail,Real Estate,ROIC
2017Q4,2017,Q4,2018-02-22,2017-12-31,10849000.0,72754000.0,26030000.0,0.1,54371000.0,0.7473266074717542,3039198000.0,1203967000.0,63575000.0,158967000.0,1709557000.0,0.0,-210490000.0,2164375500.0,3639968500.0,11.097492856484468,0.3999257707574528,0.4893218539891116,1.235204951630734,0.009069379885070087,11.097492856484468,0.009011044322643394,29.749230282871046,49.87499999999999,1.7977033423673572,2.142962485021661,0.0,0.010741666591587274,0.023938552210155443,0.34478854101794715,0.0035696917410448416,86.71028804935699,0.7473266074717542,0.25000000000000006,19.927116747213837,0.6451067967608836,0.25110922888070836,0.06239008949157841,0.18581265712099684,0.13001953548947254,1.0,0.4737480321192889,0.10210829265755726,REIT—Retail,Real Estate,ROIC
2017Q3,2017,Q3,2017-10-25,2017-09-30,9149000.0,67966000.0,23035000.0,0.08,51178000.0,0.7529941441308889,2860899000.0,1162283000.0,55993000.0,343906000.0,1574386000.0,0.0,-200221000.0,2174031125.0,3529744125.0,10.163147885014755,0.16281483893854717,0.4773974893905727,1.1750890273711307,0.008569938286027224,10.163147885014755,0.007871576887900794,31.98703947562016,59.40625000000001,1.8704834579874268,2.48814078041316,0.0,0.01047087124845096,0.023756868033439838,0.1439463109105395,0.003197945820527044,55.00255844254415,0.7529941441308889,0.0,0.6,0.6478581538901518,0.12750714013055509,0.03672642560518586,0.10109519797809605,0.06279413121712651,0.14285714285714277,0.4024427430075213,0.07283831925101614,REIT—Retail,Real Estate,ROIC
2017Q2,2017,Q2,2017-07-27,2017-06-30,8309000.0,66640000.0,21674000.0,0.08,49365000.0,0.7407713085234093,2825708000.0,1170505000.0,54220000.0,299144000.0,1530094000.0,0.0,-188737000.0,1993121375.0000002,3313558375.0,11.269755686604887,0.18125050143074908,0.4713314326887279,1.1378379417430937,0.00814747401615887,11.269755686604887,0.007098645456448285,29.908784138655466,59.96875,1.7027875788655324,2.7470213022024312,0.0,0.011451886616789706,0.023583470054230657,0.1606350119006231,0.00294050199100544,82.37740752221535,0.7407713085234093,-0.11111111111111106,-0.241282982639479,0.4860581932093007,0.04110761081179038,-0.0033715577808285553,-0.18298918387413962,-0.05461048591119253,0.0,0.26745667669102746,-0.09138387671739974,REIT—Retail,Real Estate,ROIC
2017Q1,2017,Q1,2017-04-27,2017-03-31,10170000.0,65900000.0,22926000.0,0.09,49532000.0,0.7516236722306525,2748537000.0,1181284000.0,60019000.0,211877000.0,1440911000.0,0.0,-176414000.0,2376390000.0,3602580000.0,10.453840707964602,0.2832728422622559,0.45319382638836586,1.0544627710186543,0.008900224776679129,10.453840707964602,0.008609276008140295,36.060546282245824,58.41666666666667,2.011700827235449,2.2426745329400197,0.0,0.009597751210870269,0.023976391804076132,0.2613591848100549,0.0037001502981404287,59.990154747178956,0.7516236722306525,0.0,2.959838984073145,0.7376717322776111,0.15328242924888183,0.03463257718176881,0.05706267539756782,0.04209090909090909,1.090863937464975,0.16724565472575584,0.12710658466642366,REIT—Retail,Real Estate,ROIC
2016Q4,2016,Q4,2017-02-23,2016-12-31,9621000.0,63070000.0,22000000.0,0.09,47874000.0,0.7590613603932139,2662969000.0,1188241000.0,52387000.0,113948000.0,1347404000.0,0.0,-165951000.0,2258797000.0,3401952000.0,11.115444340505144,0.45974479587180117,0.43420708239562683,0.9731022578752964,0.008801834302268594,11.115444340505144,0.008096842307242386,35.81412716029808,58.69444444444444,1.9009586439114625,2.263278245504625,0.0,0.009640087179148901,0.023684090952617174,0.42953803489310916,0.0036128847162696974,139.6646880603475,0.7590613603932139,0.28571428571428553,15.173202442010805,0.487601068308486,0.03569132184407375,0.07083901849822176,0.2997838422048095,0.20772946859903382,0.7999999999999998,0.32962035617650476,0.24627160312033425,REIT—Retail,Real Estate,ROIC
2016Q3,2016,Q3,2016-10-26,2016-09-30,7402000.0,59354000.0,18216000.0,0.07,44707000.0,0.7532264042861475,2586501000.0,1194396000.0,47035000.0,30570000.0,1262390000.0,0.0,-155854000.0,2322113139.7200003,3377614139.7200003,11.295287775324626,1.5385999345763821,0.41211969374842694,0.8924577778224307,0.007547595094891866,11.295287775324626,0.006197274605742149,39.123111158809856,78.42857132261551,1.9441735736891281,2.941637395298568,0.0,0.00937680409604224,0.02294760373183695,1.3590775269872424,0.0028617812249057705,55.724919961604,0.7532264042861475,-0.12499999999999993,0.15455777101324003,0.7380938258435078,0.25235712465230375,0.006733021077283372,-0.03920041536863967,-0.018322914421211468,-0.8004238334198852,0.48920130363258857,0.18256837437272866,REIT—Retail,Real Estate,ROIC
2016Q2,2016,Q2,2016-07-28,2016-06-30,7704000.0,58671000.0,18556000.0,0.08,44408000.0,0.7568986381687717,2566942000.0,1068840000.0,51079000.0,346070000.0,1369920000.0,0.0,-143563000.0,2170600167.1200004,3344441167.1200004,10.670672172080193,0.14759730690322767,0.4641226798268134,1.114643913027207,0.007721914532105495,10.670672172080193,0.007207814078814416,36.99613381602496,70.43744052180686,2.03079990187493,2.6500519210799585,0.0,0.009405693553911586,0.02285637930268779,0.13874360678475453,0.00300123649073489,101.78664324126613,0.7568986381687717,0.0,3.625526887323202,1.1385200335191408,0.15030363558396773,0.034163154095153817,-0.04023919272455463,0.008533072449589651,0.9228055278083203,0.38837326762015023,0.001695591277209921,REIT—Retail,Real Estate,ROIC
2016Q1,2016,Q1,2016-04-28,2016-03-31,8027000.0,56094000.0,18399000.0,0.08,42941000.0,0.765518593788997,2381270000.0,1039638000.0,47609000.0,190433000.0,1213417000.0,0.0,-132999000.0,2018790500.0,3037998500.0,10.36141024043852,0.25000393839303064,0.4343039638512223,0.9947645238054015,0.008325312996746164,10.36141024043852,0.007720956717626713,35.98941954576247,62.875,1.9418206144831183,2.500311448860097,0.0,0.009941596218131598,0.02355633758456622,0.23786318547730698,0.003370890323230881,56.846520992312676,0.765518593788997,0.14285714285714277,-0.4583030244386448,1.329918540376803,0.0996296731540539,0.11433761515505385,0.1598034966045369,0.12849607458292445,1.0,0.31248412210510124,-0.01993832056931828,REIT—Retail,Real Estate,ROIC
2015Q4,2015,Q4,2016-02-24,2015-12-31,6921000.0,51285000.0,16304000.0,0.07,38535000.0,0.7513892951155309,2310635000.0,1036671000.0,40176000.0,148705000.0,1179293000.0,0.0,-122991000.0,1769798579.1,2752386579.1,10.48504113357156,0.2701724891563834,0.4290733932447141,0.9563612756602625,0.007572815894738602,10.48504113357156,0.006676177880928472,34.50908801988886,63.928571705678365,1.7071940655231987,2.5622019939315126,0.0,0.010019784290378291,0.022195197424084722,0.252150230321778,0.0029952805181259696,143.62916564681058,0.7513892951155309,-0.12499999999999993,0.19602346005965893,2.0931911894577677,0.11609759851720136,0.017855727832219552,-0.08233890214797136,-0.003605695777057997,14.248981665620201,0.27246685539405,0.18206264217058496,REIT—Retail,Real Estate,ROIC
2015Q3,2015,Q3,2015-10-29,2015-09-30,7542000.0,50077000.0,16363000.0,0.08,37859000.0,0.7560157357669189,2062814000.0,992590000.0,35471000.0,39049000.0,1032452000.0,0.0,-112951000.0,1559308500.0,2424619500.0,10.528666136303368,0.9083715332018746,0.42285150284999035,0.8787757281455586,0.008230719703828897,10.528666136303368,0.0075983034284044775,31.13821714559578,51.68749999999999,1.5709492338226256,2.328427472818881,0.0,0.011262043399365809,0.02427606172926885,0.8601500678634536,0.00365617064844431,49.39209692746278,0.7560157357669189,0.6,33.412370129237246,3.349812253607454,0.1252326939967674,0.09182408074981975,0.4501057488944434,0.18589650674010727,0.6,0.4728330363769701,0.16805800516161598,REIT—Retail,Real Estate,ROIC
2015Q2,2015,Q2,2015-07-30,2015-06-30,5201000.0,46215000.0,13798000.0,0.05,34675000.0,0.7502975224494212,1956437000.0,914058000.0,36224000.0,296902000.0,1005541000.0,0.0,-103536000.0,1624792400.0,2472341400.0,8.787329359738512,0.12200658803241474,0.4370649297677359,0.935487682400898,0.007293070103433896,8.787329359738512,0.00569001091834435,35.157251974467165,78.1,1.7775594108907748,3.1955393193616612,0.0,0.01022899910166985,0.023622023096066983,0.1045799624118396,0.0026584040273210942,113.52657909446619,0.7502975224494212,0.25000000000000006,2.906334150842334,5.341450155257256,-0.06943972791177501,0.03615717914238757,0.23833333333333334,0.0721056721056721,-0.5258018641496743,0.029024483449321237,-0.18822060304221686,REIT—Retail,Real Estate,ROIC
2015Q1,2015,Q1,2015-04-30,2015-03-31,4200000.0,45122000.0,12870000.0,0.04,33465000.0,0.7416559549665351,1948952000.0,921736000.0,39103000.0,258942000.0,988529000.0,0.0,-92719000.0,1921500000.0,2734323000.0,8.778438095238096,0.15101065103382225,0.4230509525119141,0.8945142643880677,0.0068738947423517905,8.778438095238096,0.004556619248895563,42.5845485572448,114.375,2.0846533063697197,3.973095238095238,0.0,0.008684361176164454,0.02315192985768762,0.138505920244688,0.002155004330532512,66.92090690627938,0.7416559549665351,-0.20000000000000004,2.013292097685827,12.045685782069897,-0.08031123236161787,0.10150896359707898,-0.08432155749054399,0.10471078894719259,0.7599284373658424,0.28044169392771606,-0.031550346489037054,REIT—Retail,Real Estate,ROIC
2014Q4,2014,Q4,2015-02-25,2014-12-31,4586763.0,41742670.0,11650108.0,0.05,30381051.0,0.7278176264239925,1851696385.0,923712669.0,41266443.0,168673382.0,888914167.0,0.0,-80975650.0,1540235015.3999999,2272839908.3999996,10.069330691383009,0.24465296486436727,0.4014579847008774,0.8047722240345282,0.0065250275397155996,10.069330691383009,0.004965573336745043,36.89833485495777,83.94999999999999,1.6674395264789854,3.356181036604682,0.0,0.009994583194177136,0.022542934326676888,0.2003759194204098,0.0024770599743866757,120.66795783094679,0.7278176264239925,-0.28571428571428575,1.4262218607092134,513.8682404321321,0.30862556717141926,-0.0146009805581142,-0.3203634635664433,-0.0524794633944084,7.985112467783782,0.14732190180622587,-0.06178123929415193,REIT—Retail,Real Estate,ROIC
2014Q3,2014,Q3,2014-10-30,2014-09-30,6748847.0,40855871.0,12295362.0,0.07,30831217.0,0.7546336975657673,1770584104.0,913325347.0,55454904.0,142158394.0,825983906.0,0.0,-70639196.0,1417257870.0,2082958658.0,9.473140269737927,0.39009236415543636,0.3821884633840585,0.7409154035007856,0.007222963305289121,9.473140269737927,0.007389313153486805,34.68920953857525,52.49999999999999,1.5517557622322289,2.2511114861545978,0.0,0.010719578505498087,0.02307479825877845,0.2566415248050706,0.0038116500564719857,61.6167649362926,0.7546336975657673,0.0,2.550381956763924,0.0,0.7138246171721812,0.13507194849811574,0.1568625669595029,0.2691309274126996,0.15455776945344843,0.31219142593952975,0.05032779559226198,REIT—Retail,Real Estate,ROIC
2014Q2,2014,Q2,2014-07-31,2014-06-30,5833750.0,36914834.0,9688017.0,0.07,27162346.0,0.7358111376039237,1766939554.0,904465257.0,37037470.0,131174158.0,831070327.0,0.0,-62662696.0,1147061093.75,1821817260.75,12.403209009642168,0.28235340378552304,0.38727646933416265,0.756573131697418,0.005686179772530905,12.403209009642168,0.006449943715195685,31.073174912556834,49.15625,1.2682201830003517,2.175666595243197,0.0,0.011065055792718102,0.020891961989549755,0.26662019816433663,0.0033016126594673538,87.06703582667038,0.7358111376039237,0.7500000000000001,6.604167117887852,314.31256481055766,1.307906850418013,0.024997205652152486,0.8628150660107897,-0.04461581108750596,3.8112269498159144,0.8482207691985467,0.33707194697912285,REIT—Retail,Real Estate,ROIC
2014Q1,2014,Q1,2014-05-01,2014-03-31,3131685.0,36350136.0,10140441.0,0.04,26499922.0,0.7290185104121756,1503180658.0,674795575.0,38900488.0,137007317.0,799456138.0,0.0,-56270812.0,1086955920.18,1760283049.18,9.274935352328281,0.28393000353404485,0.4564266472885922,1.0167400816165695,0.0070283253291848,9.274935352328281,0.004640938850258465,29.902389366026032,86.77085340479645,1.6107928985456077,3.9288584260549833,0.0,0.01131963750467679,0.024182147239949384,0.2594431069692431,0.002083372336740113,66.81947370430281,0.7290185104121756,-0.20000000000000004,11.137706466514427,350.7485121662903,0.7212464414836612,0.11631440594922347,-0.17377898528165572,0.14742191505441474,-0.7085371809294343,1.082247303561957,-0.015675096986210862,REIT—Retail,Real Estate,ROIC
2013Q4,2013,Q4,2014-02-25,2013-12-31,3790372.0,33637933.0,8837587.0,0.05,23738762.0,0.7057140520495121,1439089843.0,676123389.0,31753727.0,70299068.0,733679777.0,0.0,-47616570.0,1115885516.8,1729664397.8,8.918958205157699,0.45169485034993634,0.43200817587870366,0.9195046172260135,0.006389667866989116,8.918958205157699,0.005606035912477508,33.17342705926669,73.6,1.6504169726333786,3.079969195635679,0.0,0.010461851887349452,0.02337444959647318,0.40269047379120304,0.002633867522890994,253.10206975265126,0.7057140520495121,-0.8529411764705883,9.34242934172186,0.0,0.6538808443314276,0.2243944695127156,-0.8499592930823258,0.3669243599840874,-0.14569752482572668,1.6460904542823984,-0.050606696984794655,REIT—Retail,Real Estate,ROIC
2013Q3,2013,Q3,2013-10-31,2013-09-30,25262291.0,27147442.0,6465308.0,0.34,19388165.0,0.7141801794806303,1312610504.0,687946094.0,30000489.0,188023033.0,593193514.0,0.0,-40496143.0,993945234.6,1485771540.6,9.551488116969136,0.15955752080650673,0.38218545445984026,0.7292150451543955,0.005180355143597728,9.551488116969136,0.03672132340066749,36.61285047040528,9.836253911017018,1.4448010436701455,0.4290437078727341,0.0,0.01090465211029646,0.02068202404084982,0.1409371318885171,0.019245839434483148,63.711330146010184,0.7141801794806303,10.333333333333336,20.781950805672498,0.0,0.7727628260880566,0.009917295103208575,9.223459457096931,-0.01868850209670398,143.10526430776457,2.0865569500234304,0.0207985101243611,REIT—Retail,Real Estate,ROIC
2013Q2,2013,Q2,2013-06-30,2013-06-30,2471012.0,26062207.0,6588436.0,0.03,19197775.0,0.7366135569408991,1126880932.0,658068160.0,26398159.0,111114544.0,468810383.0,0.0,-54892307.0,835819809.0,1215719042.0,10.652609699993363,0.23757609084909712,0.2494878500615183,0.42722489567038163,0.006610273315529331,10.652609699993363,0.0037549484235797096,32.07018534539304,84.5625,1.2701113042758367,4.390956013163837,0.0,0.012981392500114819,0.02312773804215901,0.19261760188657212,0.002192788900611196,62.70570340545119,0.7366135569408991,-0.25000000000000006,3.454592211134759,0.0,0.983201814716977,0.07187922764384248,0.07909826078678152,0.1197504760069227,2.5250673206738674,5.021695656227412,0.12808965899173602,REIT—Retail,Real Estate,ROIC
2013Q1,2013,Q1,2013-03-31,2013-03-31,2289886.0,24384449.0,5883843.0,0.04,17910390.0,0.7345005007084638,992372928.0,605228445.0,27845520.0,21799600.0,387142094.0,0.0,-46485714.0,799742685.5,1092602221.5,10.572202196965264,1.2773408686397916,0.28391861270121227,0.4655318951507641,0.006234499150300071,10.572202196965264,0.00378350690374442,32.7972424351274,87.3125,1.3213897861327386,4.321990701720522,0.0,0.012375062853888397,0.02457186034804851,0.9572044441182407,0.0023074853569564524,181.19876751991166,0.7345005007084638,8.570846698885534,0.8996053959805452,0.0,0.9715281470608264,0.13221555979254418,9.24023088189254,1.1476560212990088,2.013292097685827,11.930846246243503,0.10761567197530726,REIT—Retail,Real Estate,ROIC
2012Q4,2012,Q4,2012-12-31,2012-12-31,-277891.0,21440357.0,2739658.0,-0.0052834249048905185,15818887.0,0.7378089366702243,950911527.0,466539682.0,22093890.0,125468580.0,484369456.0,0.0,-38851234.0,675868288.9,1062865900.9,8.870123087824012,0.17609101816566347,0.28676678561285335,0.5844944224915899,0.0034391833243832895,8.870123087824012,-0.0005956427946465655,31.523182608386605,-608.0336255042445,1.4486833917377258,-26.335091816575563,0.0,0.010827975095429869,0.022547162791938687,0.1366670444504911,-0.0002922364406252486,4.942502007222373,0.7378089366702243,-1.1056684980978104,-1.0315190544912207,0.0,-0.6678716945793658,0.12710555387918673,-1.1061151656045896,-0.10770934400307455,0.9549617761224033,460.23817470791545,0.1527747188417845,REIT—Retail,Real Estate,ROIC
2012Q3,2012,Q3,2012-09-30,2012-09-30,2618768.0,18889274.0,3070365.0,0.05,14034965.0,0.7430124101116856,820427924.0,472102136.0,36340188.0,8037939.0,348323399.0,0.0,-31186583.0,678784665.6,915706722.6,9.013821308340411,4.521082829814956,0.31740860151415323,0.551598605772883,0.003912052569717925,9.013821308340411,0.005547036965746751,35.934926117329866,64.8,1.4377919815215578,2.7581916382054463,0.0,0.01064117144369385,0.023023684893494677,4.283265150432219,0.003191953763875058,-20.609902498506145,0.7430124101116856,-0.4444444444444444,708.9343365253078,0.0,3843.124213660359,0.0712331767886433,-0.40815485252054806,0.07464800711493412,2.107415683402803,0.0,0.6307273420593321,REIT—Retail,Real Estate,ROIC
2012Q2,2012,Q2,2012-06-30,2012-06-30,4424752.0,18118372.0,2857089.0,0.09,13101690.0,0.7231162932298774,770730279.0,454252841.0,23138568.0,65537929.0,316475049.0,0.0,-26615522.0,506088046.98,728966124.98,10.824775046853647,0.35305613639393457,0.22575991204829776,0.3830465861632333,0.0045476738242079835,10.824775046853647,0.009740724989764015,27.932313509182833,28.594147591774636,1.114110912032799,1.483051479495348,0.0,0.012966390016833034,0.02350805786884104,0.32680622239375307,0.005740986335376608,-11.21410939299679,0.7231162932298774,3.4999999999999996,1493.9083077390205,0.0,4615.441622437482,0.08465088308582613,2.9247261851119917,-0.01025019070363927,8.386373298155391,267.9295865666187,1.0142023298523972,REIT—Retail,Real Estate,ROIC
2012Q1,2012,Q1,2012-03-31,2012-03-31,1127404.0,16647684.0,2886678.0,0.02,12079177.0,0.7255770232063511,714229444.0,449629494.0,20663332.0,5420075.0,264597561.0,0.0,-24453384.0,597229258.36,779354442.36,9.064423807074782,3.8123701240296493,0.2700311120189551,0.4289402131613724,0.0044929283466164606,9.064423807074782,0.002507406687160073,35.874615253389,132.43461491177962,1.3282697561650616,5.281168950970549,0.0,0.009969389336935365,0.023308593813726894,3.405903608344903,0.001578489950912749,-17.585656483209437,0.7255770232063511,2.5940449871135125,0.0793651353368454,0.0,0.6903542270186588,0.001078553306465361,3.8266703199787653,0.20246384708052367,6.352885545269674,235.2799110762988,0.6821796195173114,REIT—Retail,Real Estate,ROIC
2011Q4,2011,Q4,2011-12-31,2011-12-31,233578.0,16647311.0,2400636.0,0.005564760616995674,12066163.0,0.7248115326252991,694432627.0,450486665.0,42944202.0,7475283.0,243943573.0,0.0,-19617877.0,496977985.28,632066361.28,10.732391115061024,5.744826249387481,0.24466875171750824,0.37716091773770927,0.0038695430728594295,10.732391115061024,0.0005185014743999137,29.85334900513362,531.9186580927999,1.103202433927761,21.61397477502162,0.0,0.010158496250403569,0.023972535783518132,5.580175894344067,0.0003363580438451951,-30.49540758580174,0.7248115326252991,-0.9072539897167388,-0.9668025956126806,0.0,-0.5981418928617002,0.19456197510917334,-0.9082166056357012,4.503571788828875,0.15106286969748606,0.0,0.9901535213841035,REIT—Retail,Real Estate,ROIC
2011Q3,2011,Q3,2011-09-30,2011-09-30,2544883.0,13555364.0,436196.0,0.06,10100910.0,0.7451596283213051,650701720.0,378577290.0,14983646.0,7082309.0,272122041.0,0.0,-14789556.0,465077371.36,657367337.36,9.019222674571022,2.1156442058656295,0.3082063468343068,0.529747571493261,0.0007531948610504188,9.019222674571022,0.006722228372441463,34.30947124400348,45.68750030551502,1.2284872432786447,1.6376037719612258,0.0,0.008960896093080558,0.020831916657604654,1.8778457703554023,0.003910982439081305,-4.5260744337915355,0.7451596283213051,1.9999999999999996,859.4309051981069,0.0,3845.4277342210257,0.2241865346765045,2.64716074471424,-0.5808765736489824,2.7652150040250434,0.0,0.6739739904281631,REIT—Retail,Real Estate,ROIC
2011Q2,2011,Q2,2011-06-30,2011-06-30,697771.0,11493916.0,1040734.0,0.02,8251120.0,0.717868479289391,500424917.0,389276384.0,21743967.0,45219407.0,111146144.0,0.0,-13155804.0,451534609.08,534530528.08,9.276396111417206,0.48085475778132164,0.049957544380229174,0.06422172273363493,,9.276396111417206,0.0017924822277428471,39.284662344844,161.7775061875601,1.1599332187590397,5.412629644969481,0.0,0.008364311226763252,0.022968312746905046,0.4590674309373407,0.0013943570279894757,-18.48226546963705,0.717868479289391,-0.8666666666666667,236.42745961793202,0.0,3955.1044852761993,0.04537131870197963,-0.8870936971943284,-0.03402116971787323,0.8517489437097534,0.0,0.7269914246654108,REIT—Retail,Real Estate,ROIC
2011Q1,2011,Q1,2011-03-31,2011-03-31,6180089.0,10040921.0,1077388.0,0.15,7893004.0,0.7860836670261623,493263598.0,394306169.0,18762516.0,5141414.0,98955040.0,0.0,-10066786.0,457802832.35999995,501037053.35999995,9.422636086855512,3.649291031611148,0.11149882988121901,0.1394812415425334,0.0023979017364934682,9.422636086855512,0.015673325668916938,45.593709218506945,18.519265352003828,1.1610339080441827,0.5432179051143115,0.0,0.007333145980538774,0.020356095687401606,2.86405568584829,0.012528978471263554,-8.439541591566025,0.7860836670261623,1.5629074255228197,6.013535174391561,0.0,0.7571544621118977,0.6682579891086671,1.5401523247402342,1.6649123088525537,6.013535174391561,0.0,0.7571544621118977,REIT—Retail,Real Estate,ROIC
2010Q4,2010,Q4,2010-12-31,2010-12-31,2432960.0,6970909.0,-1620346.0,0.05852727980192292,4731285.0,0.6787185143286191,464192502.0,390521181.0,91130552.0,4889350.0,73668932.0,0.0,-12880840.0,411955479.25,390632336.25,9.394376573788465,18.638582224631087,0.09137825324029038,0.10861664376662837,-0.0035695594532186726,9.394376573788465,0.006230033397343434,59.09637885819482,42.330687644885245,1.0548863910405926,1.0160689037222148,0.0,0.006000781940079026,0.015017280481622255,17.751294343828935,0.005241273802393301,-15.757139080539655,0.6787185143286191,24.71259819496696,-0.6508468361891195,0.0,-0.6482418179496663,0.18677380014137085,24.712598194966958,-5.237017648530572,-0.6508468361891195,0.0,-0.6482418179496663,REIT—Retail,Real Estate,ROIC
2010Q3,2010,Q3,2010-09-30,2010-09-30,-102602.0,5076307.0,-259795.0,-0.0024681934607379058,3986678.0,0.7853500586154463,428303579.0,388962418.0,184732146.0,27421187.0,39338772.0,0.0,-12844134.0,397821789.75,248766437.75,9.35687897487772,6.736839874947791,0.0,0.0,-0.0006480617592691446,9.35687897487772,-0.0002637838393939643,78.3683472551995,-969.3324441775014,1.0227769350971077,-24.44666770628253,0.0,0.006305026684376078,0.011852123701259102,6.714708265546637,-0.00023955438392449203,-5.181459203551229,0.7853500586154463,0.9177268846420698,-33.946378000871846,0.0,3989.428010630203,0.9564645346825703,0.905895970298192,0.8115871081908244,-33.946378000871846,0.0,3989.428010630203,REIT—Retail,Real Estate,ROIC
2010Q2,2010,Q2,2010-06-30,2010-06-30,-1090304.0,2912421.0,-1378860.0,-0.03,2037695.0,0.6996567460542278,400024823.0,392544617.0,277410074.0,3634738.0,7477817.0,0.0,-10233255.0,401147363.75,132721620.75,9.44305234524927,76.32189005094727,0.0,0.0,-0.003478564077326961,9.44305234524927,-0.0027775288534908123,137.73673646426803,-91.98062277814262,1.0219153349133814,-2.3005354469945996,0.0,0.006252771990203562,0.0072806006841230455,75.6430400210414,-0.002725590856645414,-7.317454909707048,0.6996567460542278,0.25000000000000006,-370.358996119594,0.0,4026.178366365732,2.7600011071336312,0.3355754962750804,0.3288703629432631,-370.358996119594,0.0,4026.178366365732,REIT—Retail,Real Estate,ROIC
2010Q1,2010,Q1,2010-03-31,2010-03-31,-1640975.0,1369332.0,-2054536.0,-0.04,541940.0,0.3957696161339982,402053850.0,396782946.0,334501845.0,2438879.0,5268515.0,0.0,-6634668.0,420685110.99999994,92982067.99999994,9.545009577294024,137.1539321958982,0.0,0.0,-0.005147959781770921,9.545009577294024,-0.004135699420912108,307.21922148901797,-64.09072517862856,1.0602399000283647,-0.0014558418013680891,0.0,5.678831832962113e-06,0.0034058422770979558,136.2939219206857,-0.004081480627532854,-8.06870690511655,0.3957696161339982,0.6590225114326294,-2.8746868749089183,0.0,0.7799749470363027,10.849309078187861,0.7296929785981443,0.6646227704824238,-2.8746868749089183,0.0,0.7799749470363027,REIT—Retail,Real Estate,ROIC
2009Q4,2009,Q4,2009-12-31,2009-12-31,-6070782.0,45736.0,-6126045.0,-0.11730979710144927,45736.0,1.0,403873513.0,398194775.0,383240827.0,5678738.0,5678738.0,0.0,-4993693.0,522157500.0,138939619.0,7.6945850241545894,67.48697104884923,0.0,0.0,-0.020121096044441334,7.6945850241545894,-0.015245760068047102,11416.772345635824,-21.502892872779817,1.3113117820292846,0.0,0.0,0.0,0.00011324337577938665,67.48293036234459,-0.015031394247436079,-23.80924370862938,1.0,-1.3461959420289853,-1.6998289847504198,0.0,-0.7118879343968177,0.0,-1.5982141825389116,-0.6991955092306745,-1.6998289847504198,0.0,-0.7118879343968177,REIT—Retail,Real Estate,ROIC
2009Q3,2009,Q3,2009-09-30,2009-09-30,-2336521.0,0.0,-3605262.0,-0.05,0.0,0.0,412112865.0,286047361.0,410188562.0,8475449.0,126065504.0,0.0,1077089.0,542857500.0,542674248.0,5.527485236714976,48.39726626872511,0.0,0.0,-0.008317084286313323,5.527485236714976,-0.008168301192612646,0.0,-58.083952594477005,1.8977888769964915,0.0,0.0,0.0,0.0,0.1117162052417518,-0.005669614317912642,-540.4121350887235,0.0,-4.0,-638.2670314637483,0.0,2356.3065309654294,-1.0,-2.162863323298174,-2.2225949613182627,-638.2670314637483,0.0,2356.3065309654294,REIT—Retail,Real Estate,ROIC
2009Q2,2009,Q2,2009-06-30,2009-06-30,-738736.0,83083.0,-1118745.0,-0.01,83083.0,1.0,411765718.0,278116106.0,410645419.0,16059557.0,133649612.0,0.0,3413612.0,542857500.0,542800115.0,5.374224270531401,25.570158566640412,0.0,0.0,-0.002656214379759797,5.374224270531401,-0.002656214379759797,6533.9178893395765,-183.71160333326114,1.9519096100101445,0.0,0.0,0.0,0.00020177250404318506,0.02637924570397552,-0.001794068733036197,-599.1811249239789,1.0,-1.3551738732711658,-201.11655266757865,0.0,2290.9453294326095,0.13028868391695916,-2.3620323216325563,-2.3606845463393533,-201.11655266757865,0.0,2290.9453294326095,REIT—Retail,Real Estate,ROIC
2009Q1,2009,Q1,2009-05-07,2009-03-31,-219729.0,73506.0,-332892.0,-0.004245971014492754,73506.0,1.0,412066563.0,278854842.0,411328072.0,15621666.0,133211721.0,0.0,4152348.0,542857500.0,542853483.0,5.38849936231884,26.33061492929115,0.0,0.0,-0.00078796910401147,5.38849936231884,-0.0007879691040114699,7385.213451963105,-617.6443482653633,1.9467386548016263,0.0,0.0,0.0,0.000178383801551013,0.01837294434537264,-0.0005332366654559157,-1708.415288508442,1.0,-1.8782731040878078,-1.2016417362576857,0.0,0.004859533076315004,0.0,-1.8782731040878078,0.632239932478115,-1.2016417362576857,0.0,0.004859533076315004,REIT—Retail,Real Estate,ROIC
2008Q4,2008,Q4,2009-05-28,2008-12-31,250183.0,0.0,-905188.0,0.004834454106280193,0.0,0.0,412387958.0,279074571.0,411712205.0,15723332.0,133313387.0,0.0,4372077.0,542857500.0,542853278.0,5.392745333333333,26.18479371929563,0.0,0.0,0.05641918880694474,5.392745333333333,0.0008964736525564703,0.0,542.4604189733116,1.9452058926572713,0.0,0.0,0.0,0.0,26.15850113703635,0.0006066690240261575,-1096.9965121307528,0.0,-0.7582772946859904,-0.9711593473638463,0.0,-0.7980768303448181,0.0,-0.6997694716087666,-6.7533490937746254,-0.9711593473638463,0.0,-0.7980768303448181,REIT—Retail,Real Estate,ROIC
2008Q3,2008,Q3,2008-09-30,2008-09-30,833303.0,0.0,-116748.0,0.02,0.0,0.0,411904352.0,278824388.0,411904352.0,15489909.0,133079964.0,0.0,0.0,542857500.0,542848535.0,5.387910879227053,26.591786433348318,0.0,0.0,-0.00025102058447345533,5.387910879227053,0.0029886302485132685,0.0,162.8631782196872,1.946951283185458,0.0,0.0,0.0,0.0,26.55021465910484,0.0020230497588915983,-7959.5539720242805,0.0,1.0,228.98987688098492,0.0,2296.782257200544,0.0,0.7932488180266802,0.13009656652360516,228.98987688098492,0.0,2296.782257200544,REIT—Retail,Real Estate,ROIC
2008Q2,2008,Q2,2008-06-30,2008-06-30,464689.0,0.0,-134208.0,0.01,0.0,0.0,410724498.0,277970980.0,410724498.0,15163463.0,132753518.0,0.0,0.0,542857500.0,542780333.0,5.371419903381643,27.08645762514803,0.0,0.0,-0.0002976239809131924,5.371419903381643,0.0016717176735499511,0.0,292.0542018425227,1.9529286834186792,0.0,0.0,0.0,0.0,27.051827540977943,0.0011313885640198652,-119.943697833995,0.0,-0.5,128.1378932968536,0.0,2289.74935102394,0.0,-0.5735624483802881,0.6727831281238571,128.1378932968536,0.0,2289.74935102394,REIT—Retail,Real Estate,ROIC
2008Q1,2008,Q1,2008-03-31,2008-03-31,1089700.0,0.0,-410150.0,0.02,0.0,0.0,412852809.0,277506291.0,412852809.0,17756463.0,135346518.0,0.0,2823902.0,542857500.0,541003501.0,5.362440405797101,23.25084725488404,0.0,0.0,-0.0008624878155206924,5.362440405797101,0.003926757826185641,0.0,124.5428787739745,1.9561988956855758,0.0,0.0,0.0,0.0,23.226169592446425,0.0026394394715139264,-5507.218074098121,0.0,-0.8806870351765747,0.0,0.0,0.0,0.0,-0.37190658083049893,0.07949368224970263,0.0,0.0,0.0,REIT—Retail,Real Estate,ROIC
2007Q4,2007,Q4,2007-12-31,2007-12-31,1734933.0,0.0,-445570.0,0.1676263768115942,0.0,0.0,410273506.0,276416591.0,410273506.0,16266860.0,133856915.0,0.0,1734202.0,108571500.0,108372930.0,26.706917004830917,25.221432163306257,0.0,0.0,,26.706917004830917,0.006276515435356049,0.0,15.644912512471663,0.39278213947729357,0.0,0.0,0.0,0.0,25.20537503857536,0.004228722972913586,-616.9080588432495,0.0,2361.9348846703406,0.0,0.0,0.0,0.0,2374.3693570451437,-608.5348837209302,0.0,0.0,0.0,REIT—Retail,Real Estate,ROIC
2007Q3,2007,Q3,2007-12-03,2007-09-30,-731.0,0.0,-731.0,-7.1e-05,0.0,0.0,627306.0,24269.0,627306.0,603037.0,603037.0,0.0,-731.0,108571500.0,108640911.0,0.0023448309178743963,1.040244628439051,0.0,0.0,,0.0023448309178743963,-0.03012073014957353,0.0,-37131.15595075239,4473.670114137377,0.0,0.0,0.0,0.0,0.2165522181889337,-0.001165300507248456,0.0,0.0,0.0,0.0,0.0,0.0,0.0,0.0,0.0,0.0,0.0,0.0,REIT—Retail,Real Estate,ROIC
2007Q2,2007,Q2,2007-06-30,2007-06-30,-731.0,0.0,-731.0,-7.1e-05,0.0,0.0,244037.0,24269.0,244037.0,219768.0,219768.0,0.0,-731.0,108571500.0,108546500.0,0.0023448309178743963,1.110430089912999,0.0,0.0,,0.0023448309178743963,-0.03012073014957353,0.0,-37131.15595075239,4473.670114137377,,0.0,,0.0,1.0238069236649558,-0.0029954474116629854,0.0,0.0,0.0,0.0,0.0,0.0,0.0,0.0,0.0,0.0,0.0,0.0,REIT—Retail,Real Estate,ROIC
