Quarters,Year,Quarter,FillingDate,Date,NetIncome,Revenue,OperatingIncome,EPSDiluted,GrossProfit,GrossProfitRatio,TotalAssets,CommonStockEquity,CurrentAssets,CurrentLiability,TotalLiability,Inventory,RetainedEarnings,MarketCap,EnterpriseValue,bookValuePerShare,currentRatio,debtToAssets,debtToEquity,roic,shareholdersEquityPerShare,roe,priceToSalesRatio,peRatio,pbRatio,payoutRatio,inventoryTurnover,dividendYield,assetTurnover,quickRatio,returnOnAssets,priceToFreeCashFlowsRatio,grossProfitMargin,epsdilutedGrowth,fiveYNetIncomeGrowthPerShare,fiveYRevenueGrowthPerShare,fiveYShareholdersEquityGrowthPerShare,grossProfitGrowth,netIncomeGrowth,operatingIncomeGrowth,threeYNetIncomeGrowthPerShare,threeYRevenueGrowthPerShare,threeYShareholdersEquityGrowthPerShare,Industry,Sector,Symbol
2023Q1,2023,Q1,2023-05-15,2023-03-31,4080918.0,0.0,-230060.0,0.65,-230060.0,0.0,256474974.0,243712931.0,244745.0,1282043.0,12762043.0,0.0,-12517923.0,5250000.0,5376274.0,9.74851724,0.19090233322907266,0.0004988829826336194,0.0005250070214780684,-0.0019997004971155754,9.74851724,0.016744774203220264,0.0,0.32161881223783473,0.021541737561721744,0.0,0.0,0.0,0.0,0.0013080684501221877,0.015911564143486375,-50.87110714908626,0.0,-0.9999999824941728,0.0,0.0,0.0,0.7658770299782425,-0.6210087758523225,-0.18301631622520814,0.0,0.0,0.0,,,SLVRW
2022Q4,2022,Q4,2023-03-28,2022-12-31,10767843.0,0.0,-194469.0,37130493.1,-982646.0,0.0,253843356.0,241787502.0,299016.0,1106254.0,12055854.0,0.0,-11757463.0,4230000.0,4253072.0,9.67150008,0.2702959718111754,9.454649661975002e-05,9.926071364929359e-05,-0.004256635221629414,9.67150008,0.044534324193481266,0.0,0.09820908421491657,0.017494700780687995,0.0,0.0,0.0,0.0,0.0008388670233056784,0.04241924299172912,-35.150407179657634,0.0,-0.35647181333964556,0.0,0.0,0.0,-3.6956567447328053,2.1103862359935976,0.07071349042132778,0.0,0.0,0.0,,,SLVRW
2022Q3,2022,Q3,2022-11-09,2022-09-30,3461899.0,0.0,-209267.0,57698316.67,-209267.0,0.0,251967865.0,239753105.0,511991.0,1124760.0,12214760.0,0.0,-11703394.0,4500000.0,4402732.0,9.5901242,0.4552002204914826,0.0,0.0,-0.0016722007839553214,9.5901242,0.014439433432989325,0.0,0.32496615296980064,0.018769308535128253,0.0,0.0,0.0,0.0,0.08647889327500978,0.013739446496480812,-68.17148916830783,0.0,961638610.1666667,0.0,0.0,0.0,0.0,-0.060258156950152866,0.3160583321349666,0.0,0.0,0.0,,,SLVRW
2022Q2,2022,Q2,2022-08-09,2022-06-30,3683883.0,0.0,-305972.0,0.06,0.0,0.0,251048277.0,237946087.0,629508.0,1102190.0,13102190.0,0.0,-12404127.0,0.0,-163278.0,0.0,0.5711429063954491,0.0,0.0,-0.002524255437131002,0.0,0.0154820070649029,0.0,0.0,0.0,0.0,0.0,,0.0,0.14813961295239478,0.014674002323465458,0.0,0.0,-0.4545454545454546,0.0,0.0,0.0,0.0,-0.9999986761526248,-0.12103114993148627,0.0,0.0,0.0,,,SLVRW
2022Q1,2022,Q1,2022-05-13,2022-03-31,2782709751320.0,0.0,-272938.0,0.11,0.0,0.0,250956430.0,236069470.0,761381.0,1031861.0,14886960.0,0.0,-13953254.0,0.0,-273900.0,0.0,0.7378716706998326,0.0,0.0,-924.9426693819717,0.0,11787.673142655845,0.0,0.0,0.0,0.0,0.0,,0.0,0.26544272920480566,11088.417823444492,0.0,0.0,0.0,0.0,0.0,0.0,0.0,0.0,0.0,0.0,0.0,0.0,,,SLVRW
2021Q3,2021,Q3,2021-09-30,2021-09-30,2271431.0,0.0,-112195.0,0.0,0.0,0.0,251415832.0,233068797.0,1415175.0,841035.0,18347035.0,0.0,-16932579.0,0.0,-594526.0,0.0,1.6826588667534645,0.0,0.0,-0.0007336712810519116,0.0,0.009745753310770296,0.0,0.0,0.0,,0.0,,0.0,0.7068980482381827,0.009034558332826072,0.0,0.0,0.0,0.0,0.0,0.0,0.0,0.0,0.0,0.0,0.0,0.0,,,SLVRW
2021Q2,2021,Q2,2021-06-30,2021-06-30,0.0,0.0,0.0,0.0,0.0,0.0,925500.0,18750.0,3055.0,906750.0,906750.0,0.0,-6250.0,0.0,174726.0,0.0,0.0033691756272401434,0.19074122096164237,9.414986666666668,,0.0,0.0,0.0,0.0,0.0,0.0,0.0,,0.0,0.0019906258615936035,0.0,0.0,0.0,0.0,0.0,0.0,0.0,0.0,0.0,0.0,0.0,0.0,0.0,,,SLVRW
2021Q4,2021,Q4,2022-03-22,2021-12-31,,,,,,,251120364.0,-17450592.0,1114684.0,975276.0,18565276.0,0.0,-17451217.0,0.0,-407210.0,0.0,1.1429421004925786,0.0,0.0,,0.0,,0.0,0.0,0.0,0.0,0.0,,,0.41753308806942857,,0.0,0.0,0.0,0.0,0.0,0.0,0.0,0.0,0.0,0.0,0.0,0.0,,,SLVRW
2021Q1,2021,Q1,2021-03-31,2021-03-31,,,,,,,864968.0,18750.0,14285.0,846218.0,846218.0,0.0,-6250.0,0.0,141496.0,0.0,0.01688099284108823,0.17865516412167848,8.241653333333334,,0.0,,0.0,0.0,0.0,0.0,0.0,,,0.01540383210945643,,0.0,0.0,0.0,0.0,0.0,0.0,0.0,0.0,0.0,0.0,0.0,0.0,,,SLVRW
