Quarters,Year,Quarter,FillingDate,Date,NetIncome,Revenue,OperatingIncome,EPSDiluted,GrossProfit,GrossProfitRatio,TotalAssets,CommonStockEquity,CurrentAssets,CurrentLiability,TotalLiability,Inventory,RetainedEarnings,MarketCap,EnterpriseValue,bookValuePerShare,currentRatio,debtToAssets,debtToEquity,roic,shareholdersEquityPerShare,roe,priceToSalesRatio,peRatio,pbRatio,payoutRatio,inventoryTurnover,dividendYield,assetTurnover,quickRatio,returnOnAssets,priceToFreeCashFlowsRatio,grossProfitMargin,epsdilutedGrowth,fiveYNetIncomeGrowthPerShare,fiveYRevenueGrowthPerShare,fiveYShareholdersEquityGrowthPerShare,grossProfitGrowth,netIncomeGrowth,operatingIncomeGrowth,threeYNetIncomeGrowthPerShare,threeYRevenueGrowthPerShare,threeYShareholdersEquityGrowthPerShare,Industry,Sector,Symbol
2022Q4,2022,Q4,2023-04-18,2022-12-31,-66692000.0,1859845000.0,-446021000.0,-0.0981,482258000.0,0.259300103,0.0,0.0,0.0,0.0,0.0,0.0,0.0,5420201964.04014,5420201964.04014,0.0,0.0,0.0,0.0,0.0,0.0,0.0,2.9143299382691246,-20.31803651127624,0.0,,0.0,,0.0,0.0,0.0,0.0,0.2593001029655697,0.0,-1.291031962458328,0.7551356915979428,-1.0,0.0,0.0,0.0,-1.335552452901528,0.38718584946709994,-1.0,Drug Manufacturers—General,Healthcare,GRFS
2022Q2,2022,Q2,2022-06-30,2022-06-30,90340000.0,1542899000.0,265373000.0,0.13,577950000.0,0.3745870598,21039074000.0,6329834000.0,4432773000.0,1656330000.0,12619686000.0,2933637000.0,143649000.0,7915551885.183888,16946741885.183887,9.108682974417901,2.6762619767799896,0.4542159982896586,1.5097211080100994,0.012341514926353717,9.108682974417901,0.014272096235067144,5.130311112512153,21.904892310117027,1.2505149242750897,,0.32892583506412004,,0.0733349290943128,0.8054735469381101,0.004293915216991014,0.0,0.3745870598140254,0.0,-0.3809523812790783,0.3451556782974638,0.7435471780238206,0.0,0.0,0.0,-0.4800000000575604,0.20959186658248535,0.43050904985689503,Drug Manufacturers—General,Healthcare,GRFS
2021Q2,2021,Q2,2021-06-30,2021-06-30,136880000.0,1351898000.0,250597000.0,0.2,580796000.0,0.42961525203824547,16213049000.0,5168166000.0,3239500000.0,1921478000.0,9275958000.0,2124393000.0,266815000.0,10023724111.0,17231485111.0,7.551382232612507,1.6859417594164492,0.469105163377968,1.471629394257073,0.014787844722504129,7.551382232612507,0.02648521738659323,7.414556505742297,18.307503125,1.9395128002854398,0.0,0.36297521221355933,0.0,0.08338332907030627,0.5476216745651004,0.008442582268147095,112.87087854561014,0.42961525203824547,0.0,0.0,0.38488481290099297,0.5420696830781438,0.0,0.0,0.0,-0.2307692308568564,0.21581428802449554,0.2852936831263407,Drug Manufacturers—General,Healthcare,GRFS
2020Q4,2020,Q4,2020-12-31,2020-12-31,132863000.0,1309325000.0,251647000.0,0.19254502663629144,590526000.0,0.45101559964103644,15274776000.0,5108392000.0,3164954000.0,1335138000.0,8554721000.0,2002281000.0,618546000.0,10455527597.328001,16787279597.328001,7.403080418992633,2.370507018750122,0.45247138157705225,1.3529500085349755,0.015719986460448362,7.403080418992633,0.026008771449019575,7.98543340830428,19.67351256054733,2.0467355671467655,0.0,0.3589900718230858,0.0,0.08571811462243374,0.8199212366062535,0.008698196294335183,66.9406534136282,0.45101559964103644,-0.5031970265783215,0.008088541442369174,0.22017024561906587,0.5349533823989459,-0.05669937589953053,-0.5031970265783215,-0.2203978450318939,-0.4288059208776734,0.21729013631561667,0.3975294102567034,Drug Manufacturers—General,Healthcare,GRFS
2020Q3,2020,Q3,2020-09-30,2020-09-30,267436000.0,1353372000.0,322789000.0,0.3875681848483268,626021000.0,0.46256387748527383,15646913000.0,5347090000.0,3643616000.0,1244510000.0,8538992000.0,1986076000.0,348855000.0,10217729461.116001,16232636461.116001,7.749001501370943,2.927751484520012,0.4504468069835884,1.318119201285185,0.02134078380438047,7.749001501370943,0.05001524193533305,7.549830690391113,9.551565104469855,1.910895358244578,0.0,0.3662251595608627,0.0,0.08649450533788998,1.2967167800981914,0.0170919337252019,43.68175116866528,0.46256387748527383,6.751363696966536,0.890576510510666,0.3801769792516611,0.655811382486434,0.3992923305259017,7.392255311136913,1.1791809564959088,0.7252370121278472,0.27031978920220984,0.4817725530610622,Drug Manufacturers—General,Healthcare,GRFS
2020Q2,2020,Q2,2020-06-30,2020-06-30,31867000.0,1384022000.0,148124000.0,0.05,447384000.0,0.32324919690582954,15597511000.0,5364941000.0,3554170000.0,1240627000.0,8556735000.0,2085104000.0,81419000.0,10319701187.135998,16484380187.135998,8.41770640474472,2.864817547901182,0.45155185336942544,1.3127982208937619,0.008632723113766755,8.41770640474472,0.005939860289237105,7.456312968389229,80.95915199999997,1.9235442080604424,0.0,0.4492044521520269,0.0,0.08873351652068076,1.1491737645561477,0.00204308238667054,30.468559749441976,0.32324919690582954,0.0,-0.7435897436379355,0.49295569145953033,0.8702516456309543,0.0,0.0,0.0,-0.7619047620040592,0.31565979456260435,0.6112832435430792,Drug Manufacturers—General,Healthcare,GRFS
2019Q4,2019,Q4,2019-12-31,2019-12-31,201744000.0,1360910000.0,289351000.0,0.2923673547467089,608618000.0,0.4472139965170364,15542611000.0,4822119000.0,5362184000.0,1366558000.0,8696843000.0,2342590000.0,488318000.0,14346848164.1568,20711755164.1568,6.988213658417822,3.923861263115067,0.4572519379144212,1.4738103725768692,0.017826359602056238,6.988213658417822,0.04183720891168385,10.542099157296809,17.778531411289553,2.975216531188218,0.695520065032913,0.32113686133723784,0.00978033630763296,0.08755993442800569,2.1513217880250965,0.0129800584985367,199.58888406216855,0.4472139965170364,0.4777398514525132,0.5408557442561569,0.48744554480892516,0.8187921584494723,0.003215932298938297,0.47773985145251313,-0.016231194220144497,0.41513288254186437,0.2114393636675713,0.26665065026588564,Drug Manufacturers—General,Healthcare,GRFS
2019Q3,2019,Q3,2019-09-30,2019-09-30,136522000.0,1314421000.0,294125000.0,0.19784764852848258,606667000.0,0.4615469472870564,14036984000.0,4771872000.0,3659798000.0,1394814000.0,8745110000.0,2327170000.0,423402000.0,12641298327.590399,19168167327.5904,6.915395718484253,2.6238609592390096,0.5214085162453701,1.5337802438958965,0.019460931480281767,6.915395718484253,0.028609736388570357,9.617389198430638,23.14883009256823,2.649127706608727,0.025556320593017975,0.3041264712075181,0.00027600013144101236,0.09363984457060007,0.9027569267300156,0.009725878436564436,104.51413629749075,0.4615469472870564,-0.2086094058860697,0.19907665806351113,0.5928923918319059,0.8878803351530109,0.01467316949158212,-0.20860940588606972,-0.07159857074316305,-0.057868340673108344,0.2848572822885572,0.322043752454732,Drug Manufacturers—General,Healthcare,GRFS
2019Q2,2019,Q2,2019-06-30,2019-06-30,172509000.0,1266583000.0,316808000.0,0.25,597894000.0,0.4720527592743626,13323775000.0,4393764000.0,3424363000.0,1276459000.0,8437956000.0,2205763000.0,286880000.0,12778045590.857998,19214972590.857998,6.367441698693981,2.6827050457554846,0.5246729249030399,1.5910331096526804,0.021001815067072934,6.367441698693981,0.039262236205676954,10.088597108012658,18.517940499999998,2.908223015814686,0.0,0.3031554160623784,0.0,0.09506187247983398,0.9260720477508483,0.012947456708027567,60.011673496228724,0.4720527592743626,0.0,0.66666666586432,0.5636993317369734,0.9756577439428904,0.0,0.0,0.0,0.24999999999999994,0.2868906149565547,0.3002968860346711,Drug Manufacturers—General,Healthcare,GRFS
2018Q4,2018,Q4,2018-12-31,2018-12-31,128345000.0,1222806000.0,221115000.0,0.19006276629417707,518038000.0,0.423646923551242,12477046000.0,4225554000.0,3483251000.0,1257321000.0,7780442000.0,1949360000.0,459895000.0,10829974603.221704,16084889603.221704,6.257512815968094,2.7703752661412637,0.5040221058734575,1.4882562144514069,0.01904102589593911,6.257512815968094,0.030373532085970267,8.85665804978198,21.09543535630859,2.5629715306494023,1.0892905839728855,0.3615381458529979,0.012909079210436077,0.09800444752708293,1.1416058428993074,0.010286489286005679,48.25783290729263,0.423646923551242,-0.14045861851886574,0.6313337488165264,0.7554082458821936,1.0068477213358613,-0.013753136529960287,-0.14045861851886576,-0.17113061210719466,-0.004907578226247976,0.16444873042420213,0.29743159855907236,Drug Manufacturers—General,Healthcare,GRFS
2018Q3,2018,Q3,2018-09-30,2018-09-30,149318000.0,1143800000.0,266767000.0,0.22112113551376314,525262000.0,0.45922538905403043,11779675000.0,4145026000.0,3024376000.0,1086420000.0,7632305000.0,1864195000.0,468297000.0,12488779399.254284,11906771399.254284,6.138260999036095,2.7838000036818173,0.0,0.0,0.05103241399244671,6.138260999036095,0.0360234169821854,10.918674068241199,20.90970177616611,3.0129556242238973,0.020486478522348278,0.33179898025689375,0.0002449398697988577,0.09709945308338302,1.0090379411277406,0.012675901499829155,143.65486563971524,0.45922538905403043,-0.14953409417783411,0.7689690841101051,0.714621058053865,1.1077894967997182,0.015144194532164985,-0.1495340942747135,0.019393026917139233,0.0786396848940714,0.19194859226728495,0.3116273663230481,Drug Manufacturers—General,Healthcare,GRFS
2018Q2,2018,Q2,2018-06-30,2018-06-30,175572000.0,1097106000.0,261692000.0,0.26,517426000.0,0.471628083339258,11433619000.0,3967400000.0,2947373000.0,1015690000.0,7462375000.0,1806765000.0,318979000.0,12555994438.338934,18036028438.338936,5.875219283926278,2.9018430820427494,0.5377591294584856,1.5497638251751777,0.02071118360911948,5.875219283926278,0.04425366738922216,11.444650232829767,17.87869711334799,3.1647916616269933,0.0,0.32083862594194595,0.0,0.09595439554177902,1.0882277072728883,0.015355767933145227,147.79408680186137,0.471628083339258,0.0,0.9259259256208136,0.5846897965092679,1.062583900786959,0.0,0.0,0.0,0.3333333332346196,0.11697070524677908,0.3053601546393051,Drug Manufacturers—General,Healthcare,GRFS
2017Q4,2017,Q4,2017-12-31,2017-12-31,230937000.0,1067890000.0,200843000.0,0.3370921262561899,517466000.0,0.48456863534633715,10920264000.0,3629079000.0,2945316000.0,977987000.0,7286299000.0,1629293000.0,539714000.0,13065928156.082296,18190652156.0823,5.297262701350097,3.011610583780766,0.5504670033618235,1.6564106209867573,0.04541211754622207,5.297262701350097,0.06363515371255352,12.23527531495032,14.144472470936117,3.600342719484006,0.5325521679072648,0.337829966740175,0.009412725872271769,0.09778976039407106,1.30041196866625,0.021147565663247703,81.67685490546597,0.48456863534633715,0.5005458018739197,2.808104921276798,0.5798971925617175,0.8922160239185378,-0.026118672648980698,0.5005458018739197,-0.24113684194617305,0.7765674951478788,0.1756147524601115,0.3786956629262202,Drug Manufacturers—General,Healthcare,GRFS
2017Q3,2017,Q3,2017-09-30,2017-09-30,153902000.0,1057736000.0,264663000.0,0.22464634257429575,531344000.0,0.5023408487562114,11009939000.0,3582689000.0,2915714000.0,952067000.0,7421824000.0,1594215000.0,431763000.0,12728601610.217266,12084043610.217266,5.229548546680102,3.0625092561762983,0.015491184828544464,0.04760586252393105,0.05147679796054998,5.229548546680102,0.042957119638349854,12.033817143613591,20.676472057246276,3.552806735448504,0.0,0.3301888390210856,0.0,0.09607101365411742,1.3632244369356359,0.01397846073443277,100.70574244202467,0.5023408487562114,0.06974448844902742,1.3587865970301054,0.6101964667317971,0.8951132891133452,-0.05337571084474723,0.06974448800289154,-0.07176501534414731,0.36149298565657895,0.29108867709582276,0.4276495901190928,Drug Manufacturers—General,Healthcare,GRFS
2017Q2,2017,Q2,2017-06-30,2017-06-30,143868000.0,1130767000.0,285125000.0,0.21,561304000.0,0.4963922717942777,11116979000.0,3579042000.0,2851032000.0,900321000.0,7532149000.0,1595786000.0,277861000.0,12651902633.58068,18050676633.58068,5.224225125208202,3.1666838827484862,0.5531171732896141,1.7180552784795484,0.021372903665238502,5.224225125208202,0.04019734889950998,11.188779504160168,21.985261895592977,3.5349969722570114,0.0,0.35685423985421605,0.0,0.10171531312598503,1.364242309131965,0.012941285577673574,82.49967483441043,0.4963922717942777,0.0,1.205000000919593,0.7587962205147822,0.9759860565951514,0.0,0.0,0.0,0.3999999999098972,0.4061108494471549,0.6209462627409037,Drug Manufacturers—General,Healthcare,GRFS
2016Q4,2016,Q4,2016-12-31,2016-12-31,139360000.0,1098152000.0,247266000.0,0.20660063684023658,502538000.0,0.4576215314455558,10129772000.0,3721481000.0,3122514000.0,1071763000.0,6401794000.0,1642931000.0,422548000.0,10250140587.696241,14240171587.696241,5.517080543834963,2.913437019191743,0.48224579980674787,1.3126602016777729,0.02090431416469583,5.517080543834963,0.037447457074213195,9.333990729604135,18.387881364265645,2.75431759229625,0.8819460390355913,0.3625313540252147,0.01199085992513436,0.10840836299178304,1.3282106211914388,0.013757466604381619,116.20157111094254,0.4576215314455558,-0.016187443617921016,19.417591797526327,0.7761140395312248,1.1363207406022813,0.07400798018418112,-0.016187443965182523,0.032546602525556224,0.7732804692677493,0.5781869812234858,0.769383594320083,Drug Manufacturers—General,Healthcare,GRFS
2016Q3,2016,Q3,2016-09-30,2016-09-30,141653000.0,1000033000.0,239472000.0,0.21,467909000.0,0.4678935595125361,9567865000.0,3528399000.0,2953073000.0,925678000.0,6035427000.0,1544502000.0,406096000.0,9601416391.053795,13359525391.053795,5.230837259087643,3.1901730407333866,0.4868975471539366,1.3203070287685719,0.02338885108402857,5.230837259087643,0.04014653671537714,9.601099554768487,16.94531070830444,2.7211821540176704,0.0,0.3445278801840334,0.0,0.10451997389177209,1.4880487599359604,0.014805079294074487,73.05679625527905,0.4678935595125361,0.049999999999999906,4.512500001945776,0.6737940264301637,1.109571154003329,0.0005217409898110827,0.01763674765442032,0.08252078276081856,0.6800000005929985,0.500748158156748,0.7961933902623106,Drug Manufacturers—General,Healthcare,GRFS
2016Q2,2016,Q2,2016-06-30,2016-06-30,139198000.0,992712000.0,221217000.0,0.2,467665000.0,0.4710983648832693,9539658000.0,3408203000.0,2920719000.0,975191000.0,6127307000.0,1530867000.0,264443000.0,10413976780.547,14280384780.547,4.896913748760758,2.9950225135383737,0.48989460628462783,1.3712290611797477,0.021039990321932843,4.896913748760758,0.04084205078159957,10.490431041980958,18.703531625,3.0555623536940146,0.0,0.34297362213699817,0.0,0.10406159214512721,1.398581406104035,0.014591508416758756,231.62759743209523,0.4710983648832693,0.0,8.000000000000002,0.9193777750514998,0.6419059714847224,0.0,0.0,0.0,0.48148148107801914,0.391226532874355,0.7191350609447301,Drug Manufacturers—General,Healthcare,GRFS
2015Q4,2015,Q4,2015-12-31,2015-12-31,130536000.0,1062801000.0,252362000.0,0.1910001142963085,521603000.0,0.49078143509462263,9601715000.0,3296203000.0,3089472000.0,1053006000.0,6300325000.0,1431391000.0,412530000.0,10188338271.280344,13804481271.280344,4.823000166573474,2.9339547922803857,0.49560344167682546,1.443674130507132,0.023614782033386867,4.823000166573474,0.039601929856868646,9.5863085105117,19.51250664812838,3.0909316784434533,0.9163372556229699,0.37809235911082295,0.011740383644031507,0.11068866343148073,1.538740519997037,0.013595071297158893,41.89611142021928,0.49078143509462263,-0.0682921253838609,4.197037503208446,2.1061409098312964,2.5015883120932543,0.08086551631960777,-0.06829212584936904,0.020386543748989162,1.1577142227980097,0.5761679780368364,0.7228064215554475,Drug Manufacturers—General,Healthcare,GRFS
2015Q3,2015,Q3,2015-09-30,2015-09-30,140104000.0,971197000.0,247320000.0,0.205,482579000.0,0.4968909500338242,9178563000.0,3198391000.0,2841230000.0,975446000.0,5975546000.0,1359483000.0,401609000.0,9291205202.772478,12963700202.772478,4.679881768740305,2.9127496550295966,0.49728296248552195,1.4270747385169607,0.02435581475432062,4.679881768740305,0.04380452546295934,9.566756489952583,16.5791219429361,2.90496227721141,0.0,0.3594145715687508,0.0,0.10581144346887415,1.4812844585963754,0.015264263044225986,87.44416819075676,0.4968909500338242,0.05128205128205118,2.3694116895284885,2.7023951475118984,0.0,0.014430939598161921,0.05329474119460211,0.05544815578230421,1.1525000010754514,0.4820305416932404,0.6959219428318161,Drug Manufacturers—General,Healthcare,GRFS
2015Q2,2015,Q2,2015-06-30,2015-06-30,133015000.0,992181000.0,234327000.0,0.195,475714000.0,0.4794629205759836,9095358000.0,3070151000.0,2751887000.0,1005317000.0,6021473000.0,1342715000.0,261505000.0,9537428601.877966,13293194601.877966,4.500841597658317,2.7373326025522298,0.4996504810475849,1.480220353982589,0.023664666144930895,4.500841597658317,0.043325230583121155,9.612589438699155,17.925475701759137,3.1065014723634,0.0,0.38464380006181503,0.0,0.10908652523627987,1.3766622866220306,0.014624493065583565,65.33917435244688,0.4794629205759836,0.0,7.82500000128275,0.9573346688163539,0.5091053416597701,0.0,0.0,0.0,1.0475000003848252,0.549930441604595,0.7023769127027888,Drug Manufacturers—General,Healthcare,GRFS
2014Q4,2014,Q4,2014-12-31,2014-12-31,131268000.0,917294000.0,226468000.0,0.18974349535092155,442843000.0,0.4827710635848485,8449749000.0,2658123000.0,2913122000.0,1079711000.0,5786861000.0,1194057000.0,384309000.0,9754333246.063557,12912620246.063557,3.842227725665643,2.6980571652970102,0.5014862571657454,1.5941448157214697,0.026127234400451244,3.842227725665643,0.049383719263555524,10.633813418667904,18.577134652130674,3.6696320095283617,0.6547216381753359,0.3973436778981238,0.0088108533747997,0.1085587276024412,1.5628941448220866,0.015535136014099353,39.983002459659936,0.4827710635848485,0.149960577884373,4.162845399133122,1.6483931363181636,1.7895291793344175,0.037188059911233945,0.14996057818659658,0.058820779196491604,17.751661628743094,0.4465433503497734,0.487785200023751,Drug Manufacturers—General,Healthcare,GRFS
2014Q3,2014,Q3,2014-09-30,2014-09-30,114150000.0,827310000.0,213887000.0,0.165,426965000.0,0.5160882861321633,8102746000.0,2534163000.0,2707671000.0,985538000.0,5563079000.0,1143944000.0,338985000.0,9599425158.341026,12802546158.341026,3.663047699431525,2.7474039560118433,0.508571415172091,1.6261088967047503,0.02668371034829373,3.663047699431525,0.04504445846616812,11.603177960306326,21.023708187343466,3.7880062009985256,0.0,0.3499690544292378,0.0,0.10210242305509762,1.5642298927083482,0.01408781664882498,50.36688786579058,0.5160882861321633,0.10000000000000009,1.711965504138143,2.115648181918305,0.0,0.04471348769608335,0.09905451464443203,0.1055305732154856,3.331249998861695,0.35011407860175653,0.47728927124121934,Drug Manufacturers—General,Healthcare,GRFS
2014Q2,2014,Q2,2014-06-30,2014-06-30,103862000.0,812782000.0,193470000.0,0.15,408691000.0,0.5028297870769776,7276096000.0,2231612000.0,2412406000.0,796993000.0,5038472000.0,1031422000.0,224835000.0,11149570115.332506,14258682115.332506,3.2229477591529854,3.026884803254232,0.5285823606505466,1.7234250398366742,0.024436215423252167,3.2229477591529854,0.04654124462496169,13.717786707053682,26.837462487080227,4.996195626897735,0.0,0.39178047394761795,0.0,0.11170578288136936,1.7085996991190637,0.014274413091855852,60.995941372338535,0.5028297870769776,0.0,6.2500000025273925,0.5796062549481519,0.08063515982403408,0.0,0.0,0.0,6.2500000025273925,0.5796062549481519,0.08063515982403408,Drug Manufacturers—General,Healthcare,GRFS
2013Q4,2013,Q4,2013-12-31,2013-12-31,78514000.0,695169000.0,169690000.0,0.1165075916758669,351899000.0,0.5062064044858157,5841036000.0,2101262000.0,2139660000.0,715296000.0,3733832000.0,946913000.0,276796000.0,8853840269.1648,10834428269.1648,3.1180805346819094,2.9912931150181183,0.46042602716367437,1.2798808525543222,0.024627899488811743,3.1180805346819094,0.037365164363130345,12.736241502663095,28.1919156747994,4.2135822516015615,1.2736582010851568e-05,0.3625148244875717,1.1294534005573743e-07,0.11901467479399203,1.6376884534514382,0.013441793544843757,51.554946366311086,0.5062064044858157,-0.06793926659306482,2.170125450336858,1.0604562200595153,1.2637847769689332,-0.009770071277622541,-0.0679392665930648,-0.08801668216287681,2.170125450336858,1.0604562200595153,1.2637847769689332,Drug Manufacturers—General,Healthcare,GRFS
2013Q3,2013,Q3,2013-09-30,2013-09-30,84237000.0,665722000.0,186067000.0,0.125,355371000.0,0.5338129128975758,5711151000.0,1962506000.0,1982701000.0,656592000.0,3741961000.0,985277000.0,198282000.0,7546184167.1328,9784634167.132801,2.912179327373957,3.0196849794088263,0.4774391361741267,1.38941078396703,0.02632041900898167,2.912179327373957,0.042923180871803704,11.335338425247777,22.3956936,3.8451776285691865,1.187126797013189e-05,0.31498857681646886,1.3251730647596342e-07,0.11656529480659852,1.4905679630577284,0.014749566243301919,206.64852444430812,0.5338129128975758,-0.07407407407407414,1.0545193218567275,1.5737842559235597,0.0,-0.014489900054354458,-0.08236562888080351,-0.03571743220062293,1.0545193218567275,1.5737842559235597,0.0,Drug Manufacturers—General,Healthcare,GRFS
2013Q2,2013,Q2,2013-06-30,2013-06-30,91798000.0,697143000.0,192959000.0,0.135,360596000.0,0.5172482546622429,5846159000.0,1936921000.0,2039313000.0,742411000.0,3901399000.0,990232000.0,114045000.0,7722244409.612502,10053694409.612503,2.848475294355126,2.746878750449549,0.48076129985516985,1.4510695067067785,0.027241299642264672,2.848475294355126,0.04739377599809182,11.07698766194669,21.03053554982816,3.986865963873851,0.0,0.33986681908885996,0.0,0.11924803961028087,1.3919756038097495,0.01570227563088859,51.15051506324064,0.5172482546622429,0.0,5.725000001286793,0.37962993782612353,-0.04492322401799394,0.0,0.0,0.0,5.725000001286793,0.37962993782612353,-0.04492322401799394,Drug Manufacturers—General,Healthcare,GRFS
2012Q4,2012,Q4,2012-12-31,2012-12-31,59343000.0,661428000.0,149626000.0,0.08851965300976218,329727000.0,0.4985077740887897,5627474000.0,1876768000.0,1934564000.0,592865000.0,3746733000.0,998644000.0,256686000.0,6553505402.535,8858169402.535,2.799502083477838,3.2630767544044597,0.4936479493285975,1.4801994705792085,0.02183763988177823,2.799502083477838,0.0316197846510597,9.908116079958816,27.608586533099945,3.491910242787068,0.0,0.33215139729473164,0.0,0.11753550527288087,1.5435470132323548,0.010545228640772042,57.69133950610057,0.4985077740887897,-0.07054271394021107,1.4085847181695834,0.970691546278009,1.032490863907868,-0.012394231201234032,-0.07054364339749714,-0.12786556541911717,1.4085847181695834,0.970691546278009,1.032490863907868,Drug Manufacturers—General,Healthcare,GRFS
2012Q3,2012,Q3,2012-09-30,2012-09-30,63847000.0,642811000.0,171563000.0,0.095238,333865000.0,0.5193828357013182,5837321000.0,1849945000.0,1921424000.0,641208000.0,3983199000.0,1024792000.0,816406000.0,5965594088.59638,8386517088.59638,2.75949125401723,2.996568976057691,0.48335923277133463,1.5251929111406015,0.02377094923032158,2.75949125401723,0.03451291795161478,9.280479158876217,23.358944385000004,3.224741323983351,0.0,0.30147190844581145,0.0,0.11012089278626273,1.3738506069793266,0.010937722972575947,65.2505205149124,0.5193828357013182,0.0,0.5653480547479828,1.49819085596027,0.0,-0.002846322479675525,-0.03213728076159292,0.022273201251303443,0.5653480547479828,1.49819085596027,0.0,Drug Manufacturers—General,Healthcare,GRFS
2012Q2,2012,Q2,2012-06-30,2012-06-30,65967000.0,650023000.0,167825000.0,0.095238,334818000.0,0.5150863892508419,5912417000.0,1831277000.0,1896772000.0,677890000.0,4074583000.0,1032953000.0,703343000.0,5090298547.035239,7686210547.035239,2.643857282176442,2.798052781424715,0.4922778619978936,1.589356498225009,0.02300049571581711,2.643857282176442,0.03602240403827493,7.830951438695614,19.29107943,2.779644230247657,0.0,0.305149411444664,0.0,0.10994200848823756,1.2513903435660654,0.011157365930041808,54.02910976113146,0.5150863892508419,0.0,4.333333333333333,0.26285323281345835,-0.11353042302257846,0.0,0.0,0.0,4.333333333333333,0.26285323281345835,-0.11353042302257846,Drug Manufacturers—General,Healthcare,GRFS
2011Q4,2011,Q4,2011-12-31,2011-12-31,6514000.0,590073000.0,95435000.0,0.010118756359173909,778433000.0,1.3192147412269328,5807718000.0,1662507000.0,1929215000.0,646077000.0,4142724000.0,1030341000.0,50307000.0,2616846400.06272,5233274400.062719,2.582515087261458,2.986045007019287,0.5091524760671919,1.7786475485516753,0.007294711459538842,2.582515087261458,0.003918178991126052,4.434784170878382,100.43162419645071,1.5740363198848004,0.0,-0.18281326279357998,0.0,0.10160152404094,1.3767383763854772,0.0011216109322112404,25.010478830762878,1.3192147412269328,-0.7343809854528439,-0.7246726449447359,0.8308425638801518,0.8749542469503565,1.9426242831815588,-0.7343826455716849,-0.1679381326451433,-0.7246726449447359,0.8308425638801518,0.8749542469503565,Drug Manufacturers—General,Healthcare,GRFS
2011Q3,2011,Q3,2011-09-30,2011-09-30,24524000.0,570199000.0,114697000.0,0.038095,264537000.0,0.4639380286531544,5486724000.0,1596238000.0,1679898000.0,555483000.0,3888114000.0,997024000.0,43793000.0,2621532554.07225,5418866554.07225,2.479573750883488,3.0242113620038777,0.5394747393891145,1.8543281139779908,0.017767685803767586,2.479573750883488,0.01536362372027229,4.59757480120493,26.724153421875,1.6423193496660586,0.0,0.30657436531116605,0.0,0.10392339764128831,1.2047857450182995,0.004469698129521369,-321.3844004011585,0.4639380286531544,2.3333450001750027,-0.3738607781008068,1.3076925359855676,0.0,0.5895841220052999,2.705898720089037,5.988180101139341,-0.3738607781008068,1.3076925359855676,0.0,Drug Manufacturers—General,Healthcare,GRFS
2011Q2,2011,Q2,2011-06-30,2011-06-30,-14376000.0,373909000.0,16413000.0,-0.028571,166419000.0,0.4450788828297794,5344219000.0,1500653000.0,2109666000.0,962930000.0,3830625000.0,997826000.0,539057000.0,2259595683.8683205,4828473683.86832,2.9824568725653866,2.1908819955760026,0.589921558229556,2.1008654232524107,0.002485178411380638,2.9824568725653866,-0.0095798295808558,6.043170086487141,-39.294582705,1.5057416230589753,0.0,0.20794206605159618,0.0,0.0699651342880971,1.1407848960983664,-0.0026900095224391064,-35.57690053797365,0.4450788828297794,0.0,0.0,0.0,0.0,0.0,0.0,0.0,0.0,0.0,0.0,Drug Manufacturers—General,Healthcare,GRFS
2010Q4,2010,Q4,2010-12-31,2010-12-31,18492000.0,251907000.0,40596000.0,0.036751729072263296,413423000.0,1.6411731313540314,1888982000.0,693040000.0,1144082000.0,423126000.0,1181592000.0,527865000.0,115513000.0,2505542346.2706,3122913346.2706,1.3773749900628032,2.703880168082321,0.4536941061375916,1.23660971949671,0.017384143789609993,1.3773749900628032,0.026682442571857323,9.946299016186925,33.87332828075113,3.6152925462752505,0.0,-0.3059797486099666,0.0,0.13335595574759315,1.2657908046302992,0.00978939979311608,618.8052225909113,1.6411731313540314,-0.3959429000751315,0.0,0.0,0.0,11.63248720520536,-0.3959429000751315,-0.05518188377126632,0.0,0.0,0.0,Drug Manufacturers—General,Healthcare,GRFS
2010Q3,2010,Q3,2010-09-30,2010-09-30,30613000.0,193123000.0,42967000.0,0.06084148183480404,-38883000.0,-0.20133800738389523,,,,,,,,2445454121.1828,,,0.0,0.0,0.0,0.0,,0.0,12.662676745818985,19.970716045330413,0.0,0.0,0.0,0.0,0.0,0.0,0.0,-32.212207031136636,-0.20133800738389523,0.0,0.0,0.0,0.0,0.0,0.0,0.0,0.0,0.0,0.0,Drug Manufacturers—General,Healthcare,GRFS
2023Q1,2023,Q1,2023-02-15,2023-02-15,,,,,,,0.0,0.0,0.0,0.0,0.0,0.0,0.0,0.0,0.0,0.0,0.0,0.0,0.0,0.0,0.0,0.0,0.0,0.0,0.0,0.0,0.0,,0.0,0.0,0.0,0.0,0.0,0.0,0.0,0.0,0.0,0.0,0.0,0.0,0.0,0.0,0.0,Drug Manufacturers—General,Healthcare,GRFS
2021Q1,,,,,,,,,,,,,,,,,,0.0,,0.0,0.0,0.0,0.0,0.0,0.0,0.0,0.0,0.0,0.0,0.0,0.0,,0.0,0.0,0.0,0.0,0.0,0.0,0.0,0.0,0.0,0.0,0.0,0.0,0.0,0.0,0.0,Drug Manufacturers—General,Healthcare,GRFS
