Quarters,Year,Quarter,FillingDate,Date,NetIncome,Revenue,OperatingIncome,EPSDiluted,GrossProfit,GrossProfitRatio,TotalAssets,CommonStockEquity,CurrentAssets,CurrentLiability,TotalLiability,Inventory,RetainedEarnings,MarketCap,EnterpriseValue,bookValuePerShare,currentRatio,debtToAssets,debtToEquity,roic,shareholdersEquityPerShare,roe,priceToSalesRatio,peRatio,pbRatio,payoutRatio,inventoryTurnover,dividendYield,assetTurnover,quickRatio,returnOnAssets,priceToFreeCashFlowsRatio,grossProfitMargin,epsdilutedGrowth,fiveYNetIncomeGrowthPerShare,fiveYRevenueGrowthPerShare,fiveYShareholdersEquityGrowthPerShare,grossProfitGrowth,netIncomeGrowth,operatingIncomeGrowth,threeYNetIncomeGrowthPerShare,threeYRevenueGrowthPerShare,threeYShareholdersEquityGrowthPerShare,Industry,Sector,Symbol
2023Q1,2023,Q1,2023-05-15,2023-03-31,4170534.0,0.0,-212730.0,0.83,-212730.0,0.0,209445725.0,202218071.0,366948.0,227654.0,7227654.0,0.0,-6861206.0,2202000.0,1921630.0,10.11090355,1.6118671316998603,0.0,0.0,-0.002217053409457413,10.11090355,0.020623943148978016,0.0,0.13199748521412366,0.01088923452345661,0.0,0.0,0.0,0.0,1.2315619317033744,0.01991224218111876,1.0683081676089157,0.0,3.8823529411764697,0.0,0.0,0.0,0.748752502376889,0.22874108171938087,0.2774902184545158,0.0,0.0,0.0,Shell Companies,Financial Services,PRLHW
2022Q4,2022,Q4,2023-03-31,2022-12-31,3394152.0,0.0,-294432.0,0.17,-846695.0,0.0,207466287.0,200239169.0,579142.0,227118.0,7227118.0,0.0,-6648476.0,1398000.0,987201.0,10.01195845,2.5499608133217095,0.0,0.0,-0.0035402688949711224,10.01195845,0.01695048984147552,0.0,0.10297122815949317,0.006981651027526988,0.0,0.0,0.0,0.0,1.8087469949541648,0.016360017085571114,0.5016933046193465,0.0,-0.48484848484848486,0.0,0.0,0.0,-3.6939776803286413,1.0886639364690607,-0.6322964424905338,0.0,0.0,0.0,Shell Companies,Financial Services,PRLHW
2022Q3,2022,Q3,2022-11-14,2022-09-30,1625035.0,0.0,-180379.0,0.33,-180379.0,0.0,205927567.0,198829455.0,744568.0,98112.0,7098112.0,0.0,-6354044.0,2800000.0000000005,2333619.0000000005,9.94147275,7.58895955642531,0.0,0.0,-0.0020409554361563768,9.94147275,0.008173009376301917,0.0,0.4307599528625538,0.014082420534724093,0.0,0.0,0.0,0.0,4.817677756033921,0.007891294126735348,-24.881590289070765,0.0,3.6874999999999996,0.0,0.0,0.0,0.010993288884989912,3.6157112586844513,0.010993288884989912,0.0,0.0,0.0,Shell Companies,Financial Services,PRLHW
2022Q2,2022,Q2,2022-08-15,2022-06-30,352066.0,0.0,-182384.0,0.0704,-182384.0,0.0,205285108.0,198107127.0,1004816.0,177981.0,7177981.0,0.0,-6173665.0,3200000.0,2576086.0,9.90535635,5.645636331968019,0.0,0.0,-0.0038203657578371737,9.90535635,0.0017771495924020946,0.0,2.272301216249226,0.016152876721088383,0.0,0.0,0.0,0.0,3.50550901500722,0.0017150099363271885,-47.785443359316666,0.0,0.0,0.0,0.0,0.0,0.0,3.155075107427494,0.09963616976111607,0.0,0.0,0.0,Shell Companies,Financial Services,PRLHW
2022Q1,2022,Q1,2022-05-16,2022-03-31,-163366.0,0.0,-202567.0,0.0,0.0,0.0,205179398.0,198022286.0,1090649.0,157112.0,7157112.0,0.0,-5991281.0,0.0,-660880.0,0.0,6.941856764601049,0.0,0.0,-0.0009471886454983596,0.0,-0.000824987951103645,0.0,0.0,0.0,0.0,0.0,,0.0,4.206425989103315,-0.0007962105435166546,0.0,0.0,0.0,0.0,0.0,0.0,0.0,-1.0495558789581974,-1.5413634766899182,0.0,0.0,0.0,Shell Companies,Financial Services,PRLHW
2021Q4,2021,Q4,2022-03-31,2021-12-31,-79708.0,0.0,-79708.0,0.0,0.0,0.0,205454319.0,-5801281.0,1454319.0,255600.0,7255600.0,0.0,-5801781.0,0.0,-1369047.0,0.0,5.689823943661972,0.0,0.0,0.01373972403681187,0.0,0.01373972403681187,0.0,0.0,0.0,0.0,0.0,,0.0,5.356208920187793,-0.00038795971964940783,0.0,0.0,0.0,0.0,0.0,0.0,0.0,0.0,0.0,0.0,0.0,0.0,Shell Companies,Financial Services,PRLHW
2021Q3,2021,Q3,2021-09-30,2021-09-30,0.0,0.0,0.0,0.0,0.0,0.0,728386.0,-8985.0,1500.0,737371.0,737371.0,0.0,-33985.0,0.0,102802.0,0.0,0.0020342541271625818,0.14113670498883835,-11.441513633834168,,0.0,0.0,0.0,0.0,0.0,0.0,0.0,,0.0,0.0,0.0,0.0,0.0,0.0,0.0,0.0,0.0,0.0,1.0,1.0,0.0,0.0,0.0,Shell Companies,Financial Services,PRLHW
2021Q2,2021,Q2,2021-06-30,2021-06-30,-12947.0,0.0,-12947.0,0.0,0.0,0.0,,,,,,,,0.0,,0.0,0.0,0.0,0.0,0.0,0.0,0.0,0.0,0.0,0.0,0.0,0.0,,0.0,0.0,0.0,0.0,0.0,0.0,0.0,0.0,0.0,0.0,0.0,0.0,0.0,0.0,0.0,Shell Companies,Financial Services,PRLHW
2021Q1,2021,Q1,2021-03-31,2021-03-31,,,,,,,194016.0,3962.0,0.0,190054.0,190054.0,0.0,-21038.0,0.0,0.0,0.0,0.0,0.0,0.0,,0.0,,0.0,0.0,0.0,0.0,0.0,,,0.0,,0.0,0.0,0.0,0.0,0.0,0.0,0.0,0.0,0.0,0.0,0.0,0.0,Shell Companies,Financial Services,PRLHW
