Quarters,Year,Quarter,FillingDate,Date,NetIncome,Revenue,OperatingIncome,EPSDiluted,GrossProfit,GrossProfitRatio,TotalAssets,CommonStockEquity,CurrentAssets,CurrentLiability,TotalLiability,Inventory,RetainedEarnings,MarketCap,EnterpriseValue,bookValuePerShare,currentRatio,debtToAssets,debtToEquity,roic,shareholdersEquityPerShare,roe,priceToSalesRatio,peRatio,pbRatio,payoutRatio,inventoryTurnover,dividendYield,assetTurnover,quickRatio,returnOnAssets,priceToFreeCashFlowsRatio,grossProfitMargin,epsdilutedGrowth,fiveYNetIncomeGrowthPerShare,fiveYRevenueGrowthPerShare,fiveYShareholdersEquityGrowthPerShare,grossProfitGrowth,netIncomeGrowth,operatingIncomeGrowth,threeYNetIncomeGrowthPerShare,threeYRevenueGrowthPerShare,threeYShareholdersEquityGrowthPerShare,Industry,Sector,Symbol
2023Q4,2023,Q4,2023-05-24,2023-03-31,65900000.0,989944000.0,95433000.0,1.59,246064000.0,0.2485635551,3616674000.0,1600279000.0,1895881000.0,718320000.0,2012793000.0,797798000.0,1930148000.0,3551131121.7599998,4365226121.76,39.15153644089979,2.6393264840182646,0.3209468146700532,0.7253485173522867,0.029150914218575723,39.15153644089979,0.041180319181842666,3.5872040456429857,13.471665864036417,2.219070000768616,0.10851289833080426,0.9324164763511565,0.0020137245724837797,0.2737166800214783,1.4479284998329436,0.018221161210548696,31.471893665617934,0.24856355511018804,0.4722222222222222,0.25160775501504373,0.4869095470883473,0.37310544290882236,0.15172620384932226,0.483900022517451,0.2152425824525659,45.79251030024888,0.31079020106056565,0.27378723409494693,Electrical Equipment & Parts,Industrials,ENS
2023Q3,2023,Q3,2023-02-08,2023-01-01,44410000.0,920227000.0,78530000.0,1.08,213648000.0,0.2321688018,3567867000.0,1527759000.0,1870191000.0,669961000.0,2036521000.0,835198000.0,1871519000.0,3015303362.2400002,3854365362.2400002,37.4123963687011,2.7914923405989303,0.318717878216873,0.7443209301990693,0.022622822047525214,37.4123963687011,0.029068720917369822,3.276695165692813,16.974236445845534,1.9736773681189246,0.16077460031524432,0.8460017864027453,0.0023679209493189623,0.2579207689075854,1.3132615182077763,0.012447212858551061,16.01457026443955,0.23216880182824456,0.28571428571428586,2.7771454632567547,0.4406572395381979,0.4061307299512044,1095.1929194458696,1286.2463768115942,4.456410843262134,0.6842341038657582,0.24777759468944646,0.1580780064292507,Electrical Equipment & Parts,Industrials,ENS
2023Q2,2023,Q2,2022-11-09,2022-10-02,34500.0,899400.0,-22720100.0,0.84,194900.0,0.2167000222,3624163000.0,1410940000.0,1960676000.0,672491000.0,2209745000.0,811998000.0,1834442000.0,2435088912.53,3471073912.53,34.63195260183792,2.915542364135728,0.36709386415566847,0.9429231576112379,-0.007095126075718717,34.63195260183792,2.445178391710491e-05,2707.459320135646,17645.571829927536,1.7258628379165664,206.8985507246377,0.0008676129744161932,0.002931309802804607,0.0002481676458812697,1.48686599523265,9.519439385038697e-06,-161.81067928300885,0.21670002223704693,0.11999999999999995,-0.9991587485896996,-0.9984644077398019,0.3101055001277544,-0.9989495243485057,-0.9988863064110014,-1.4532326597378762,-0.999427443767913,-0.9987720729240464,0.11603723776070571,Electrical Equipment & Parts,Industrials,ENS
2023Q1,2023,Q1,2022-08-10,2022-07-03,30978000.0,898971000.0,50129000.0,0.75,185535000.0,0.206385968,3721911000.0,1435078000.0,2012194000.0,655431000.0,2283141000.0,777660000.0,1807282000.0,2415366817.92,3454445817.92,35.18526400606321,3.070031780614588,0.3821483103706671,0.9911112845434186,0.014784535620472848,35.18526400606321,0.021586283114924765,2.686812831470648,19.492598117373618,1.6830909664283056,0.22945316030731486,0.9174137798009413,0.00294282423160929,0.24153479220755145,1.6483184347398887,0.008323143675386111,-25.450364237079185,0.20638596795669717,0.1194029850746268,-0.31534271310849726,0.5381370557315531,0.31476650744250045,-0.04658273381294964,0.10241992882562277,0.1264943820224719,-0.3338616880493123,0.20501353082661883,0.160835615686536,Electrical Equipment & Parts,Industrials,ENS
2022Q4,2022,Q4,2022-05-25,2022-03-31,28100000.0,907000000.0,44500000.0,0.67,194600000.0,0.214553473,3736646000.0,1489373000.0,1993193000.0,738130000.0,2243371000.0,715712000.0,1783586000.0,3075537414.5299997,3971551414.5299997,36.1115895014961,2.700327855526804,0.34750468735866336,0.871844729292125,0.011528654726475214,36.1115895014961,0.01886699973747342,3.3908902034509367,27.3624325136121,2.0649880282038144,0.25501779359430604,0.9953724403111867,0.002329999292528555,0.24273104811106003,1.5199517700134122,0.007520112956913767,-332.670353113034,0.2145534729878721,-0.21176470588235288,-0.12377159682661927,0.5237708948073005,0.42131560271366625,0.0556694767221083,-0.22512684756232076,-0.13026482947327275,0.5750861933349227,0.18311301525145718,0.20692176640344606,Electrical Equipment & Parts,Industrials,ENS
2022Q3,2022,Q3,2022-02-09,2022-01-02,36264000.0,844006000.0,51165000.0,0.85,184338000.0,0.2184083999,3591403000.0,1504120000.0,1843452000.0,622061000.0,2083389000.0,671399000.0,1762841000.0,3398561596.5,4226473596.5,35.89287071495925,2.963458567568132,0.34108452880392426,0.8144110842220036,0.01587237354788409,35.89287071495925,0.024109778475121666,4.026703123555993,23.429307277878888,2.259501633180863,0.20119126406353408,0.982527528340078,0.0021467905738456433,0.23500732165117644,1.6607840710155435,0.01009744659677569,-112.57988593149597,0.2184083999402848,0.03658536585365857,0.03718977909442341,0.5517101413335164,0.47816181728596824,0.03642190486899809,0.017908269241565147,0.029601159093653157,-0.24329199647923852,0.25392935212753903,0.16080560742164324,Electrical Equipment & Parts,Industrials,ENS
2022Q2,2022,Q2,2021-11-10,2021-10-03,35626000.0,791395000.0,49694000.0,0.82,177860000.0,0.2247423853,3517454000.0,1570019000.0,1768856000.0,604833000.0,1943597000.0,640998000.0,1734057000.0,3228931683.84,3933420683.84,36.8760483710191,2.9245361942883408,0.31613633042535877,0.7082684986614811,0.01653433794613511,36.8760483710191,0.022691445135377342,4.080050649599758,22.658533682142256,2.056619495585722,0.20928535339358895,0.9571558725612248,0.002309122870984055,0.22499085986625553,1.6402709508244424,0.010128348515716198,-90.66212786297909,0.22474238528168614,-0.18811881188118817,-0.20373369464611668,0.40130759366864965,0.49541219942950915,-0.07949011225604108,-0.1890095381183273,-0.18400656814449917,-0.2565774647663225,0.1858023503194827,0.2970280565016085,Electrical Equipment & Parts,Industrials,ENS
2022Q1,2022,Q1,2021-08-11,2021-07-04,43929000.0,814893000.0,60900000.0,1.01,193219000.0,0.2371096573,3472445000.0,1563603000.0,1699800000.0,604743000.0,1905019000.0,563914000.0,1706072000.0,4153888005.12,4808331005.12,36.618055097420914,2.8107807779503027,0.3054550900014255,0.6783537765020916,0.01949612354816927,36.618055097420914,0.02809472737005493,5.097464335955763,23.639782405244826,2.656612967051099,0.16925038129709305,1.102426965813936,0.0017898893737230677,0.23467412730799192,1.6324190606588254,0.012650740328500524,-64.32357776828022,0.237109657341516,0.2948717948717948,-0.0013011643599856106,0.37489072389417466,0.5455985892891217,-0.020689200764314422,0.2982917602553493,-0.23555845655612181,-0.05753540028420305,0.19500894354792034,0.31338497018873335,Electrical Equipment & Parts,Industrials,ENS
2021Q4,2021,Q4,2021-05-26,2021-03-31,33836000.0,813539000.0,79666000.0,0.78,197301000.0,0.2425218705,3462797000.0,1539755000.0,1691317000.0,676988000.0,1919221000.0,518247000.0,1669751000.0,3875926300.4,4492862300.4,36.07131383937086,2.4982968678913067,0.308636053456209,0.6941000353952415,0.023335777505231046,36.07131383937086,0.02197492458215755,4.7642784186129985,28.63759236020806,2.5172357293205736,0.22088899397091855,1.1890816541147369,0.0019283132394000049,0.2349369599199722,1.6436997406157865,0.009771291819878555,55.37195777593646,0.24252187049422338,-0.12359550561797751,4.840866647233154,0.3568728202983308,0.5499753098202141,0.04220017748478702,-0.12396437448218724,0.4208057641204901,-0.3846544257813452,0.1700637747269897,0.2650772324217413,Electrical Equipment & Parts,Industrials,ENS
2021Q3,2021,Q3,2021-02-10,2021-01-03,38624000.0,751067000.0,56071000.0,0.89,189312000.0,0.2520574063,3475228000.0,1527557000.0,1684147000.0,605632000.0,1943814000.0,515469000.0,1643583000.0,3455698534.0800004,4061506534.0800004,35.85828526937453,2.780809138222551,0.3149315670799153,0.7164767010330875,0.01883221861773622,35.85828526937453,0.025284817522357596,4.601052281727196,22.3675598985087,2.262238681816783,0.1931182684341342,1.0897939546316073,0.0021584637451558795,0.21612020851581537,1.710796325161154,0.011114090931587798,84.30794930542342,0.25205740632992796,0.07228915662650609,0.046092715719400004,0.3646315284481902,0.5349189937351628,0.06618607794548322,0.08096610786152081,0.011837950013534241,2.4815996598663275,0.1271346272735599,0.34772005363458286,Electrical Equipment & Parts,Industrials,ENS
2021Q2,2021,Q2,2020-11-12,2020-10-04,35731000.0,708402000.0,55415000.0,0.83,177560000.0,0.250648643,3333222000.0,1431391000.0,1564075000.0,566854000.0,1898142000.0,516589000.0,1612640000.0,3034770802.8300004,3761465802.8300004,33.66263296547296,2.759220187208699,0.3422895324703845,0.797075711667881,0.01806783058271982,33.66263296547296,0.02496243164865505,4.283967017075051,21.233458361296915,2.120155012033749,0.20853040776916404,1.027590599102962,0.0024552101242873944,0.2125276984251274,1.6124310669061168,0.010719658036578423,34.828778695228046,0.2506486430021372,0.012195121951219523,-0.05642676638335907,0.31560958815408363,0.498974336891833,0.014761940140704206,0.015575704175311941,0.04124389327320556,-0.16521766899374507,0.15884186652982688,0.2734367335241592,Electrical Equipment & Parts,Industrials,ENS
2021Q1,2021,Q1,2020-08-12,2020-07-05,35183000.0,704924000.0,53220000.0,0.82,174977000.0,0.2482210848,3284738000.0,1361628000.0,1524939000.0,543281000.0,1919565000.0,510598000.0,1584563000.0,2711425255.36,3454320255.36,32.12455994787699,2.8069065548031316,0.3431853621202056,0.8278869118437635,0.01808754796349754,32.12455994787699,0.025838922231328967,3.846407918243669,19.26658652872126,1.9913113239151958,0.211124690901856,1.0378947821965616,0.0027395186296639306,0.2146058528868969,1.6444252605925846,0.010711052144798155,30.048820348870716,0.24822108482616564,23.77777777777778,-0.2411808813275852,0.30884292358243237,0.3010571049289225,-0.12858323870993446,24.101116217990807,-0.1953675425599468,-0.2517510189617762,0.1606066545540424,0.20039728786798944,Electrical Equipment & Parts,Industrials,ENS
2020Q4,2020,Q4,2020-06-01,2020-03-31,-1523000.0,781803000.0,66142000.0,-0.036,200796000.0,0.2568370804,3301698000.0,1300525000.0,1562905000.0,600319000.0,1997636000.0,519460000.0,1556980000.0,2095305838.8000002,2992513838.8,30.736323455712597,2.6034574950984393,0.3707749769966847,0.9413021664327867,-0.00528905985475511,30.736323455712597,-0.0011710655312277734,2.6800943956469854,-343.9438343401182,1.6111230762961113,-4.8627708470124755,1.118482655064875,0.003534567537997928,0.23678816172769285,1.6345976056063527,-0.0004612778031182743,56.51228089651267,0.25683708044098064,-1.0562500000000001,-1.060151512017412,0.2966313967253212,0.30610493755938045,0.08397169093235299,-1.0557773301593114,0.5351870764088756,-1.0462914723987207,0.28026479667933,0.209750573173979,Electrical Equipment & Parts,Industrials,ENS
2020Q3,2020,Q3,2020-02-05,2019-12-29,27305000.0,763698000.0,43084000.0,0.64,185241000.0,0.2425579221,3341431000.0,1366095000.0,1522445000.0,594015000.0,1971756000.0,557513000.0,1566115000.0,3196024326.7799997,4048495326.7799997,32.305592681149584,2.56297399897309,0.336676411992347,0.8235012938338842,0.014485727085181371,32.305592681149584,0.019987628971630818,4.184932167925017,29.262262651345903,2.3395329949820476,0.27104925837758653,1.0375668370064914,0.0023156895077380466,0.2285541733466889,1.4325395823337794,0.008171648614021957,60.06209739870705,0.2425579221105725,-0.564625850340136,-0.40755601469160413,0.3344391766574253,0.2969530615954572,-0.061201011570214424,-0.5644996650610865,-0.26615568046329413,-0.22608047075381235,0.391418650781863,0.3304283729572551,Electrical Equipment & Parts,Industrials,ENS
2020Q2,2020,Q2,2019-11-06,2019-09-29,62698000.0,762137000.0,58710000.0,1.47,197317000.0,0.2588996467,3290813000.0,1315475000.0,1639810000.0,565639000.0,1971822000.0,507081000.0,1546419000.0,2795331051.66,3522654051.66,31.031180170408884,2.8990398469695338,0.35011682523437215,0.8758577700070317,0.030811461331118735,31.031180170408884,0.047661871187213746,3.6677540280290812,11.146013635442916,2.124959464573633,0.1180101438642381,1.1138654376716934,0.002646913679725385,0.23159535348863639,1.7855063034903886,0.01905243476308134,57.49935311447084,0.25889964665145504,0.30088495575221247,0.21158887044019617,0.3166677875988956,0.21075621807365913,-0.020817618801857955,0.2891273953450119,-0.14086279559822057,0.40741180251657166,0.3553437132556207,0.2583887764393366,Electrical Equipment & Parts,Industrials,ENS
2020Q1,2020,Q1,2019-08-07,2019-06-30,48636000.0,780230000.0,68336000.0,1.13,201512000.0,0.2582725607,3182418000.0,1292926000.0,1519869000.0,598888000.0,1885845000.0,520115000.0,1491329000.0,2899777925.2200003,3651377925.2200003,30.31028987274318,2.5378184234781798,0.3185354657999043,0.7840456453037529,0.024592590326006473,30.31028987274318,0.03761700205580211,3.716568095587199,14.905511993276587,2.2428027011754734,0.1541861995229871,1.1126731588206453,0.002586060103009808,0.2451689250123648,1.4751138777200412,0.01528271898914599,221.8821581773663,0.25827256065519144,1.6904761904761905,0.08755012676112578,0.3528226069863292,0.14204735576266334,-0.0037277644290192122,1.6235839896428956,0.04756794873760213,0.10684986967077506,0.3177647368346975,0.27935634876347604,Electrical Equipment & Parts,Industrials,ENS
2019Q4,2019,Q4,2019-05-29,2019-03-31,18538000.0,796603000.0,65233000.0,0.42,202266000.0,0.2539106682,3118193000.0,1282287000.0,1536648000.0,612933000.0,1832176000.0,503869000.0,1450325000.0,2842249977.2799997,3579571977.2799997,29.920406199240613,2.5070407369157803,0.3324149595615153,0.8083478971556289,0.021932648506043085,29.920406199240613,0.01445698193930064,3.5679629342093864,38.33005147912396,2.2165474478646354,0.4025784874312224,1.1795466678839144,0.002625736673289379,0.2554694337393484,1.5873659926941444,0.005945109876136596,206.9951188755371,0.25391066817473695,-0.6250000000000001,0.6908931908079594,0.40261279007973577,0.1958490871541175,0.22923680915974864,-0.617117954437491,0.3059398210246041,2.1873742541575023,0.3233496635459108,0.28567235103026944,Electrical Equipment & Parts,Industrials,ENS
2019Q3,2019,Q3,2019-02-06,2018-12-30,48417000.0,680022000.0,49951000.0,1.12,164546000.0,0.2419715833,3217941000.0,1309102000.0,1604790000.0,550614000.0,1903661000.0,501338000.0,1439447000.0,3285810192.99,3979649192.99,30.920655866475123,2.91454630648694,0.3390357374482627,0.8333934254168125,0.02357090196255603,30.920655866475123,0.03698489498908412,4.831917486478378,16.96620088496809,2.5099726323770035,0.15558584794596939,1.028200535367357,0.002292585255250295,0.21132208452547763,1.8245050071374864,0.015045956405042853,50.38040774287028,0.2419715832723059,0.009009009009009016,-0.020771623891371712,0.18277543945961186,0.1470120881867776,0.022787170561909497,0.020938765182186236,-0.21159461464400145,0.3194529959382663,0.2432051521765179,0.3235630658763263,Electrical Equipment & Parts,Industrials,ENS
2019Q2,2019,Q2,2018-11-07,2018-09-30,47424000.0,660462000.0,63357000.0,1.11,160880000.0,0.2435870648,2478581000.0,1197905000.0,1542952000.0,453839000.0,1275779000.0,396404000.0,1398758000.0,3645810370.52,3714360370.52,28.43118788847369,3.399778335489017,0.2476146633900607,0.5123386245152997,0.028477009245431235,28.43118788847369,0.039589115998347114,5.520091043118302,19.21922639655027,3.0434887328460936,0.15553306342780027,1.2602849618066416,0.002023144171085334,0.26646778943274396,2.3460412172598653,0.019133528418074697,94.70867308793349,0.2435870648122072,0.0277777777777778,0.29531653753481246,0.310961864393239,0.09401482224308712,-0.026939407502389105,0.03410379415612735,-0.012807927826859253,0.2638963274172732,0.23787820005709537,0.26602161678452024,Electrical Equipment & Parts,Industrials,ENS
2019Q1,2019,Q1,2018-08-08,2018-07-01,45860000.0,670930000.0,64179000.0,1.08,165334000.0,0.2464251114,2443300000.0,1171338000.0,1511045000.0,454034000.0,1266865000.0,394191000.0,1358897000.0,3145479319.02,3242300319.02,27.880671645084306,3.328043714787879,0.24936929562476978,0.5201607051081755,0.028929971678827274,27.880671645084306,0.03915180759097715,4.688237698448423,17.147183378870476,2.6853728975069537,0.16072830353249018,1.282616802514517,0.002343363046588555,0.274599926329145,2.2703696198963073,0.018769696721646953,313.388394841088,0.24642511141251697,-0.14960629921259838,0.279231295988203,0.2798588287180656,0.13160300110941528,-0.009999760484778807,-0.15102373282979747,-0.04695504967256203,-0.0021121568411693386,0.2567958239501864,0.12917798696335275,Electrical Equipment & Parts,Industrials,ENS
2018Q4,2018,Q4,2018-05-30,2018-03-31,54018000.0,683042000.0,67341000.0,1.27,167004000.0,0.2445003382,2486925000.0,1195675000.0,1539587000.0,491530000.0,1285814000.0,414234000.0,1320549000.0,2908974552.19,2984876552.19,28.513131779566873,3.1322340447175145,0.24046563527247505,0.500152633449725,0.03402451960319802,28.513131779566873,0.04517782842327556,4.25885165508124,13.462987116285312,2.432914088017229,0.13578807064311896,1.2457644712891747,0.0025215071044461007,0.2746532364265106,2.1820234777124488,0.02172079978286438,53.47379691525735,0.24450033819296618,3.081967213114754,0.6626943805837296,0.38651090637248664,0.1874365745068686,0.0002335818884197287,3.0954265099499594,-0.016057860900058445,1.1527009646749025,0.1430498462688534,0.21163294810563965,Electrical Equipment & Parts,Industrials,ENS
2018Q3,2018,Q3,2018-02-07,2017-12-31,-25779000.0,658935000.0,68440000.0,-0.61,166965000.0,0.2533861458,2482002000.0,1120824000.0,1561814000.0,450168000.0,1356028000.0,421970000.0,1274038000.0,2933215624.35,3067756624.35,26.606627372406113,3.469402534165023,0.2843925992001618,0.6297714895469761,-0.015446759743154523,26.606627372406113,-0.023000042825635426,4.451449117667145,-28.445785565285696,2.617017144841652,-0.2859691997362194,1.165888570277508,0.002513282671345934,0.2654852816395797,2.3685735103339196,-0.010386373580682047,43.136792616694606,0.2533861458262196,-1.6099999999999999,-1.7523887607980873,0.35214400948583613,0.10131796747637709,0.04435367852183594,-1.596432372402943,0.06954211595561806,-1.5614702821557294,0.15578033442757644,0.06816015325751526,Electrical Equipment & Parts,Industrials,ENS
2018Q2,2018,Q2,2017-11-08,2017-10-01,43222000.0,617289000.0,63990000.0,1.0,159874000.0,0.2589937614,2457806000.0,1135047000.0,1547738000.0,451800000.0,1317765000.0,422508000.0,1307424000.0,2963160420.3100004,3164632420.3100004,26.434476153608085,3.4257149181053563,0.3017264177888735,0.6533517995290062,0.026704234954736072,26.434476153608085,0.03807948040918129,4.800280614606773,17.139190807401324,2.6106059223186353,0.1705612882328444,1.082618553968209,0.002487884202782634,0.2511544849349379,2.30850376272687,0.017585602769299123,287.6575497825454,0.2589937614310315,-0.08256880733944962,0.10771659478235646,0.2500038800316623,0.1268901869888838,-0.01976124637485668,-0.10329661210348333,-0.08074873224059416,-0.17539186264188592,0.0528654437345011,0.03140474189960939,Electrical Equipment & Parts,Industrials,ENS
2018Q1,2018,Q1,2017-08-09,2017-07-02,48201000.0,622625000.0,69611000.0,1.09,163097000.0,0.2619506123,2402854000.0,1162794000.0,1506405000.0,467064000.0,1235060000.0,383365000.0,1271743000.0,3214871567.18,3331087567.18,26.761606571881728,3.2252646318277582,0.2743633196190863,0.5669576898401608,0.030281335136015084,26.761606571881728,0.04145274227421194,5.163415486336077,16.67429911817182,2.7647816957947837,0.1575693450343354,1.1986696751137949,0.002362458294613036,0.25911894771800537,2.2378046691673945,0.020059895441004737,377.46525386638484,0.261950612326842,0.43421052631578955,0.16013482192958195,0.15574423832719245,0.22544700204558427,-0.024025803054239073,0.42733195143618596,-0.041619627171847896,0.05813349170884862,0.05983373858147071,0.008338163366175301,Electrical Equipment & Parts,Industrials,ENS
2017Q4,2017,Q4,2017-05-30,2017-03-31,33770000.0,626801000.0,72634000.0,0.76,167112000.0,0.2666109339,2293029000.0,1103456000.0,1418915000.0,467431000.0,1184660000.0,360694000.0,1231444000.0,3428436114.3399997,3534240114.3399997,25.407157588750557,3.0355603286902237,0.2643372587088955,0.5493041861206972,0.031790648292815256,25.407157588750557,0.03060384827306209,5.469736191135623,25.38078260541901,3.1069984796312675,0.22505182114302635,1.2744570189689877,0.002216754154528867,0.2733506641215615,2.12072583974961,0.014727245054467257,52.53583588991556,0.2666109339327793,-0.07317073170731701,-0.17717043578996014,0.16868504201671572,0.18150501044863301,0.07202791819558133,-0.0680281495791362,0.32006615415371753,2.0395071759830388,0.08904130729662804,0.015465031034882603,Electrical Equipment & Parts,Industrials,ENS
2017Q3,2017,Q3,2017-02-08,2017-01-01,36235000.0,563697000.0,55023000.0,0.82,155884000.0,0.2765386369,2246013000.0,1054560000.0,1365872000.0,462773000.0,1186530000.0,370196000.0,1205458000.0,3391845902.4999995,3561137902.4999995,24.28209841116153,2.9514945772549392,0.28336478907290386,0.6035133136094675,0.02384291327469559,24.28209841116153,0.03436030192686997,6.0171437891278465,23.401724178970607,3.2163612335950535,0.20974196219125155,1.1016137397486736,0.0022406678305751837,0.25097673076691895,1.9694623497913664,0.016133032177462907,90.3552546018807,0.27653863689180536,-0.21153846153846162,0.07984046060985653,0.07825783762217495,0.20277713054703703,-0.03354722713041322,-0.2059996493995968,-0.1253556724792955,-0.2855792021755168,-0.04420497036940934,-0.09924742462074222,Electrical Equipment & Parts,Industrials,ENS
2017Q2,2017,Q2,2016-11-09,2016-10-02,45636000.0,576048000.0,62909000.0,1.04,161295000.0,0.2800027081,2264838000.0,1070885000.0,1363195000.0,456770000.0,1185643000.0,370041000.0,1172283000.0,2984734617.15,3165594617.15,24.6594540188231,2.98442323269917,0.2742562602711541,0.5800305354916728,0.02744188689166454,24.6594540188231,0.04261522012167506,5.181399149289643,16.350768127958194,2.787166331725629,0.16653519151547025,1.1208298539891526,0.0025462900307220366,0.2543440193073412,1.976946822251899,0.02014978554757559,90.20050218041705,0.2800027081076577,0.01960784313725492,0.8376797135500673,0.19933374220212963,0.301396928566665,-0.03029446775764426,0.023848518161218676,-0.047295250787496974,0.20935357654782244,0.1093507713798185,-0.05111920364215844,Electrical Equipment & Parts,Industrials,ENS
2017Q1,2017,Q1,2016-08-10,2016-07-03,44573000.0,600603000.0,66032000.0,1.02,166334000.0,0.2769450036,2204571000.0,1025144000.0,1301861000.0,431496000.0,1168335000.0,351604000.0,1134434000.0,2624754681.72,2831805681.72,23.691827458423678,3.0170870645382575,0.2815105523931867,0.6053881210834771,0.03032338836652014,23.691827458423678,0.0434797452845649,4.3701990861184505,14.721662675386444,2.5603765731643553,0.17050680905480897,1.2351082467776249,0.0028955086937952333,0.27243531734745674,2.0155204219737843,0.02021844612852115,43.69493393907108,0.2769450036047106,6.846153846153846,0.5392865716259317,0.2205091588544458,0.1618506345244467,0.036084240162949026,6.544515910629655,-0.07439128667348856,0.20720097820562283,0.112410404853801,-0.03841114751460583,Electrical Equipment & Parts,Industrials,ENS
2016Q4,2016,Q4,2016-05-31,2016-03-31,5908000.0,611474000.0,71339000.0,0.13,160541000.0,0.262547549,2214488000.0,1013131000.0,1296239000.0,451171000.0,1190056000.0,331081000.0,1097642000.0,2425713644.2,2657037644.2,23.27218608634151,2.873054784106248,0.28387193789264153,0.6204834320537028,0.014957866815021502,23.27218608634151,0.0058314275251670315,3.966993926479294,102.64529638625592,2.3942744267029634,1.2792823290453623,1.362002047837236,0.003115784098453479,0.2761243230940967,1.9748210767092742,0.002667885308026054,37.50852227737316,0.2625475490372444,-0.8488372093023255,-0.7731475741687062,0.2891225501542814,0.20143047911128556,0.10048532375481553,-0.8464577160975103,0.28629126773768954,-0.8248322226539639,0.19562140278824422,-0.030823932590418962,Electrical Equipment & Parts,Industrials,ENS
2016Q3,2016,Q3,2016-01-28,2015-12-27,38478000.0,573573000.0,55461000.0,0.86,145882000.0,0.2543390292,2263978000.0,1037140000.0,1315437000.0,438563000.0,1216741000.0,341170000.0,1100396000.0,2514528552.0,2818583552.0,23.361679291045093,2.999425396123248,0.2871812358600658,0.6268893302736371,0.025639370643204262,23.361679291045093,0.037100102204138306,4.3839730112819115,16.337443162326526,2.424483244306458,0.2019075835542388,1.2536008441539408,0.003089644774095212,0.25334742652092906,1.8454292769795901,0.01699574819189939,54.76008954898844,0.25433902920813917,-0.011494252873563229,0.27250728025370463,0.25907939937902885,0.281887595180489,-0.05845526303900245,-0.038650843222985634,-0.06863370726136898,0.06562154131728734,0.11682040344259641,-0.032998929419665195,Electrical Equipment & Parts,Industrials,ENS
2016Q2,2016,Q2,2015-11-02,2015-09-27,40025000.0,569134000.0,59548000.0,0.87,154939000.0,0.2722364153,2277510000.0,1009313000.0,1314496000.0,460784000.0,1257277000.0,345954000.0,1069870000.0,2313269069.69,2660379069.69,22.457110930446888,2.852737942289663,0.29316007394039983,0.6615143171642494,0.026251449180778003,22.457110930446888,0.039655686590780066,4.064542040521213,14.448901122361024,2.2919243779580762,0.1940787008119925,1.1972545482925476,0.0033580183566976865,0.24989308499194296,1.743762804264037,0.01757401723812409,29.490560672224984,0.2722364153257405,-0.15533980582524273,0.647700438397775,0.3155054484676945,0.2835684463207067,0.030076787554432736,-0.17281501229669127,-0.13744803511160683,-0.01999949962292093,0.10105371878436248,-0.04266315743929554,Electrical Equipment & Parts,Industrials,ENS
2016Q1,2016,Q1,2015-08-05,2015-06-28,48387000.0,562068000.0,69037000.0,1.03,150415000.0,0.2676099689,2353293000.0,1092185000.0,1409472000.0,620509000.0,1249140000.0,353535000.0,1037797000.0,3106105511.2999997,3302416511.2999997,24.69112218531866,2.2714771260368503,0.2724225160232916,0.5869793121128747,0.030796505888011878,24.69112218531866,0.04430293402674455,5.5262094823046315,16.048243904871143,2.843937163850447,0.16089032178064355,1.164391078676793,0.002506354008799186,0.23884318697246795,1.5296506577664466,0.020561400556581778,49.57078696616661,0.2676099689005601,0.8070175438596493,1.3191514711915568,0.4261602690393968,0.5551641986773873,-0.051183064297384076,0.8293070205285245,0.02112144832788534,0.14397446903353525,0.02484754266278621,0.13063696597840008,Electrical Equipment & Parts,Industrials,ENS
2015Q4,2015,Q4,2015-05-27,2015-03-31,26451000.0,629897000.0,67609000.0,0.57,158529000.0,0.2516744801,2163047000.0,1040230000.0,1233418000.0,433371000.0,1110321000.0,337011000.0,997376000.0,2839625452.3999996,3086629452.3999996,23.532813154467696,2.846101838840162,0.238517702111882,0.495972044643973,0.028909261205074647,23.532813154467696,0.02542803033944416,4.508079023078376,26.838545351782543,2.7298053818866976,0.29178480964802844,1.3986724468934248,0.0027179640869456523,0.2912081891886769,1.825539780003738,0.012228583105221477,62.93914605137752,0.25167448011341537,-0.451923076923077,0.6378699107620521,0.5434884042709467,0.4725037818301951,0.008037389120274695,-0.4629456671810282,-0.015637057204839627,-0.3667658420713594,0.15393343202892212,0.09434266918019311,Electrical Equipment & Parts,Industrials,ENS
2015Q3,2015,Q3,2015-02-04,2014-12-28,49252000.0,611578000.0,68683000.0,1.04,157265000.0,0.2571462675,2258999000.0,1125604000.0,1287430000.0,453153000.0,1120196000.0,386739000.0,978545000.0,2790417168.5,3023973168.5,24.908837210660963,2.8410492703347434,0.22733033525025909,0.456234164057697,0.03199087329675458,24.908837210660963,0.043756063411288515,4.562651319210305,14.163978967859174,2.4790398474952116,0.15968894664176075,1.1747276587052249,0.002818574974661535,0.27072964618399564,1.7351468488567878,0.02180257715917537,44.520592378384414,0.25714626752433867,-0.10344827586206887,1.267409420406004,0.5478524945358488,0.5310997189831026,-0.03245354989541036,-0.12543504510263512,-0.14203090452575168,0.4106137316950549,0.12429857565877808,0.2338216919395531,Electrical Equipment & Parts,Industrials,ENS
2015Q2,2015,Q2,2014-11-05,2014-09-28,56316000.0,629927000.0,80053000.0,1.16,162540000.0,0.2580298987,2296029000.0,1182386000.0,1307943000.0,489512000.0,1100158000.0,389172000.0,937353000.0,2748180756.09,2970976756.09,25.629585631846023,2.6719324551798525,0.20152010275131543,0.3913239838766697,0.03478381277737125,25.629585631846023,0.04762911604163107,4.362697195214684,12.199822235643513,2.324266995794943,0.1413452659990056,1.2009779737493962,0.002896461589129663,0.27435498419227283,1.6419454477111899,0.024527564765079186,-685.6738413398203,0.25802989870254806,0.17171717171717166,3.543366497087559,0.7854336517989552,0.624460781330042,-0.00022758446766762825,0.14535581362240435,0.11667061892340526,1.134694516594522,0.23456308637527207,0.35259539794598466,Electrical Equipment & Parts,Industrials,ENS
2015Q1,2015,Q1,2014-08-06,2014-06-29,49169000.0,634110000.0,71689000.0,0.99,162577000.0,0.256386116,2329565000.0,1244722000.0,1314282000.0,563947000.0,1071130000.0,384194000.0,889192000.0,3226203053.3700004,3350231053.3700004,26.540309138496152,2.3305062355150397,0.1540742584989043,0.2883583643576638,0.033372981967730996,26.540309138496152,0.0395019932161559,5.087765613805177,16.40364382725905,2.591906508738498,0.16669039435416624,1.2273304632555428,0.002540447660738121,0.27220103324011136,1.4100810891803663,0.021106515594113064,119.22405962195123,0.25638611597356925,2.8076923076923075,4.975066992437474,0.9047867392641514,0.7573830317357643,-0.08669224589767933,2.8287649898769662,-0.21445321060705677,0.5666028620346597,0.18888014009838297,0.3015405868183869,Electrical Equipment & Parts,Industrials,ENS
2014Q4,2014,Q4,2014-05-28,2014-03-31,12842000.0,665258000.0,91260000.0,0.26,178009000.0,0.2675788942,2321858000.0,1256015000.0,1300700000.0,581403000.0,1051909000.0,361846000.0,848414000.0,3478358000.0000005,3560555000.0000005,25.020219123505974,2.2371745587828062,0.13881124513213125,0.25660521570204176,0.1410997194717273,25.020219123505974,0.010224400186303507,5.228585000105223,67.71449151222552,2.7693602385321836,0.4572496495872917,1.3465645606141838,0.001688152858331431,0.28651967519116156,1.391671525602723,0.005530915327293918,42.71487867177523,0.2675788942034519,-0.7636363636363637,2.7572357893900366,0.6381195720111918,0.8870349066127711,0.06514402651954859,-0.7677757685352622,0.5483542585680353,-0.5723777317700717,0.2162728766498232,0.2916729755209991,Electrical Equipment & Parts,Industrials,ENS
2014Q3,2014,Q3,2014-02-05,2013-12-29,55300000.0,643031000.0,58940000.0,1.1,167122000.0,0.2598972678,2242342000.0,1276488000.0,1235625000.0,488051000.0,952581000.0,360839000.0,842342000.0,3309413807.5,3411777807.5,26.95756756614064,2.5317538535931696,0.14003439261272366,0.24599134500285158,0.04206830970816977,26.95756756614064,0.0433219897092648,5.1465851685222015,14.961183578209766,2.5925929640544996,0.10681735985533454,1.3188956847790843,0.001784908247682169,0.2867675849625079,1.5298913433227266,0.024661715295882607,-203.69383932418293,0.25989726778335726,0.3095238095238097,0.8509168740496037,0.4285695545564035,0.9750476943810157,0.15775545549012815,0.33771982873315753,-0.03384968445209409,0.7146291756334361,0.323407592080605,0.47919894921773293,Electrical Equipment & Parts,Industrials,ENS
2014Q2,2014,Q2,2013-11-06,2013-09-29,41339000.0,568847000.0,61005000.0,0.84,144350000.0,0.2537589194,2041073000.0,1236337000.0,1194993000.0,462815000.0,789389000.0,352134000.0,797331000.0,2884381062.48,2791735062.48,25.987936644387034,2.5820100904249,0.08821046576972014,0.1456269609337907,0.03144198769604801,25.987936644387034,0.033436676246039715,5.070574447048152,17.44346175814606,2.333005533669218,0.14361740729093592,1.2054984750123532,0.002058327201363383,0.27869997790377904,1.5997623240387628,0.020253562709418037,64.27303657731132,0.25375891935792927,0.012048192771084348,0.7099778770526796,0.12542168713603682,0.7684469645286363,0.030048737325084382,0.01204494822141161,-0.025603756708407872,0.607732529021934,0.24216848784399317,0.4853778638325063,Electrical Equipment & Parts,Industrials,ENS
2014Q1,2014,Q1,2013-08-07,2013-06-30,40847000.0,597297000.0,62608000.0,0.83,140139000.0,0.234621972,1974525000.0,1179406000.0,1143653000.0,443652000.0,779373000.0,332917000.0,762080000.0,2419777040.1,2357957040.1,24.638209352352636,2.577815495027634,0.09026879882503387,0.15112522744500198,0.033295294778265865,24.638209352352636,0.034633535864664076,4.05121244556728,14.810004652116435,2.0516913090996654,0.14603275638357774,1.3731891132023897,0.002465103148409694,0.30250161431230294,1.595130868338247,0.020687000671047468,112.21373771563717,0.23462197198378695,0.07792207792207785,0.6511773146880654,0.039616678638227355,0.6610942253838736,0.008099961874069332,0.08261330506228465,0.09855942166306961,0.8090966557835946,0.4004609181839901,0.5518314970341915,Electrical Equipment & Parts,Industrials,ENS
2013Q4,2013,Q4,2013-05-28,2013-03-31,37730000.0,572117000.0,56991000.0,0.77,139013000.0,0.2429800198,1987867000.0,1169401000.0,1152962000.0,467559000.0,801489000.0,353941000.0,727347000.0,2199292000.0,2128433000.0,24.012340862423,2.4659176702833223,0.08978920621953078,0.152632843652434,0.03043143467585578,24.012340862423,0.032264381508139636,3.8441297846419524,14.57256824807845,1.8806996060376207,0.0,1.223661570713763,0.0,0.28780446579172553,1.5046486111913149,0.01898014303773844,24.10420753827775,0.2429800198211205,-0.03750000000000003,0.9384472073753524,-0.01477129024349011,0.6944748686433705,-0.032603098164205487,-0.037106982441812986,-0.04596816043658034,1.1205605660804794,0.27246325658955034,0.5025089647559131,Electrical Equipment & Parts,Industrials,ENS
2013Q3,2013,Q3,2013-02-06,2012-12-30,39184000.0,557320000.0,59737000.0,0.8,143698000.0,0.2578375081,2006820000.0,1163884000.0,1158909000.0,445691000.0,825077000.0,380048000.0,689617000.0,1812870631.7800002,1823045631.7800002,24.158897028960727,2.6002521926626296,0.11900469399348222,0.20519312921218952,0.03058523895524709,24.158897028960727,0.0336665853298095,3.2528361296562123,11.56639592550531,1.5576042215375416,0.0,1.0883414726560856,0.0,0.2777129986745199,1.5452723972438305,0.019525418323516806,39.60221578041375,0.25783750807435585,-0.11111111111111108,1.4262808539016427,0.00018280299929400996,0.8620372334431707,0.03873817217126045,-0.10518383192509706,-0.05005963266279717,0.692054790514827,0.323067262975543,0.48500229613897544,Electrical Equipment & Parts,Industrials,ENS
2013Q2,2013,Q2,2012-11-05,2012-09-30,43790000.0,554212000.0,62885000.0,0.9,138339000.0,0.2496138662,1985390000.0,1130397000.0,1141476000.0,438320000.0,840911000.0,366539000.0,650433000.0,1711649517.1200001,1748299517.1200001,23.457898967283178,2.6042069720751964,0.12541213565093004,0.22026951593112862,0.032824372944221615,23.457898967283178,0.03873860245559746,3.0884382097825385,9.771920056633936,1.5142021052072858,0.0,1.1345941359582472,0.0,0.2791451553599041,1.5630521080489141,0.02205611995628063,38.95335830135864,0.2496138661739551,-0.052631578947368356,1.5538442892494495,0.17383888569471953,0.8264742167301817,-0.06720564238803554,-0.04396995895554973,-0.10490356558252081,2.382180064960335,0.5038524472517655,0.4868143961486795,Electrical Equipment & Parts,Industrials,ENS
2013Q1,2013,Q1,2012-08-08,2012-07-01,45804000.0,593910000.0,70255000.0,0.95,148306000.0,0.2497112357,1924093000.0,1046078000.0,1088146000.0,426799000.0,860508000.0,350046000.0,606643000.0,1682769261.39,1774583261.39,21.838240680510676,2.5495514281898504,0.14163816405963744,0.26052072598792825,0.03777082321239681,21.838240680510676,0.04378640980882879,2.833374183613679,9.184619582296307,1.6086460678744798,0.0,1.2729869788542076,0.0,0.30867011106012027,1.5445068990320971,0.02380550212489729,206.34816203433476,0.2497112357091142,0.010638297872340436,5.064194821946735,0.3523248168810653,0.8124563811978323,0.019544488976578237,0.009810621927291166,0.06642480911974985,4.4497273768461305,0.7467162579124381,0.4460326522430916,Electrical Equipment & Parts,Industrials,ENS
2012Q4,2012,Q4,2012-05-25,2012-03-31,45359000.0,592754000.0,65879000.0,0.94,145463000.0,0.2454019711,1919279000.0,1032195000.0,1071673000.0,460301000.0,874358000.0,361774000.0,560839000.0,1663200000.0,1758811000.0,21.5040625,2.328200460133695,0.1334360455150085,0.24811300190371005,0.03800005790894614,21.5040625,0.04394421596694423,2.8058857468696963,9.166868758129588,1.6113234417915219,0.0,1.2363823823713147,0.0,0.30884201827873903,1.3806313694734533,0.02363335398344899,23.658942516963258,0.24540197113811127,0.2207792207792207,3.146676705537637,0.391161467527631,0.8484319697780064,0.11145664598551301,0.23060853522884506,0.2250404447998215,12.879113780598368,0.5264847380375259,0.6218449715078492,Electrical Equipment & Parts,Industrials,ENS
2012Q3,2012,Q3,2012-02-08,2012-01-01,36859000.0,574246000.0,53777000.0,0.77,130876000.0,0.2279092932,1831883000.0,963077000.0,1009477000.0,467495000.0,855836000.0,349605000.0,515480000.0,1238887604.99,1391572604.99,20.18836058191242,2.1593321853709666,0.14872783905959058,0.2828974214938162,0.03352921507154621,20.18836058191242,0.03827212154376026,2.157416168314625,8.40288399705635,1.2863847906138346,0.0,1.2682026858883597,0.0,0.31347307661024204,1.2271190066203916,0.020120826493831758,15.129603773462783,0.2279092932297308,0.3508771929824563,2.279309211591571,0.4843780659927145,0.8045436601534182,0.14407098212334454,0.3029446074445898,0.2671300659754948,0.22456377409539569,0.2663201991999291,0.47910136635325107,Electrical Equipment & Parts,Industrials,ENS
2012Q2,2012,Q2,2011-11-09,2011-10-02,28289000.0,547140000.0,42440000.0,0.57,114395000.0,0.2090781153,1809373000.0,937374000.0,1006357000.0,466836000.0,866932000.0,345504000.0,478621000.0,886002219.54,1081242219.54,18.948449529524076,2.155697075632556,0.160737448828959,0.3102646328999951,0.025462611098227846,18.948449529524076,0.030178989389507284,1.619333661476039,7.829918162006433,0.9451960685276101,0.0,1.2525035889598963,0.0,0.30239204409483283,1.2206556478077955,0.01563469776546903,-392.20992454183266,0.20907811529041928,-0.13636363636363646,1.3203317458580601,0.4522460349711839,0.7946162843377939,-0.06211312525108428,-0.15545139718175305,-0.12881042799958944,0.1253146270175492,0.04098415046637241,0.2894185679896361,Electrical Equipment & Parts,Industrials,ENS
2012Q1,2012,Q1,2011-08-10,2011-07-03,33496000.0,569229000.0,48715000.0,0.66,121971000.0,0.2142740444,1871424000.0,1020646000.0,1035165000.0,458483000.0,845746000.0,359223000.0,450332000.0,1762352996.67,1909198996.67,20.391457175664325,2.2578045423712547,0.14076072552238295,0.25809438336112617,0.02883266765879211,20.391457175664325,0.03281843068017706,3.096035157502517,13.153458597071293,1.7267034766902531,0.0,1.245070610734836,0.0,0.304168910946958,1.2761781789073967,0.017898669676139668,330.7719588344595,0.21427404436527303,0.10000000000000009,1.5503842647307196,0.467783396972036,0.9902427884365704,-0.021170220449566242,0.11315675783456848,-0.08974550618483501,0.29495241901373953,-0.05246068660216196,0.37478058073340487,Electrical Equipment & Parts,Industrials,ENS
2011Q4,2011,Q4,2011-05-31,2011-03-31,30091000.0,548054000.0,53518000.0,0.6,124609000.0,0.2273662814,1828387000.0,974331000.0,997948000.0,463572000.0,849394000.0,335003000.0,416836000.0,1999425000.0,2143956000.0,19.370397614314115,2.1527357131146836,0.13859210331292007,0.2600758879682572,0.03318377151365616,19.370397614314115,0.030883755109916446,3.648226269674156,16.61148682330265,2.0521003642499314,0.0,1.2640036059378572,0.0,0.2997472635716618,1.2359266737421588,0.0164576755358685,156.09532360059333,0.2273662814248231,-0.1044776119402986,1.4021417726517609,0.44680490942081885,1.040647205475736,0.056904156064461406,-0.10865250747948695,0.10757450331125828,0.49680342881187045,-0.0862307606942779,0.3669076305862814,Electrical Equipment & Parts,Industrials,ENS
2011Q3,2011,Q3,2011-02-09,2011-01-02,33759000.0,508596000.0,48320000.0,0.67,117900000.0,0.2318146427,1770439000.0,903285000.0,1003101000.0,428035000.0,862597000.0,305821000.0,386745000.0,1625219791.05,1751107791.05,18.22443666580281,2.343502283691754,0.1873444947834972,0.36719529273706525,0.03068159285738185,18.22443666580281,0.03737358640960494,3.1955025030672672,12.035455664045143,1.7992325689566415,0.0,1.277531627978458,0.0,0.28727112315081177,1.4624832081488663,0.019068152023311732,77.80266125951458,0.231814642663332,0.2641509433962264,3.0557533494389837,0.47479485786993647,0.9649127413754051,0.06483864849486547,0.27157331726242045,0.08594030924128011,1.0318132425048383,-0.11282436825435398,0.40464109721450936,Electrical Equipment & Parts,Industrials,ENS
2011Q2,2011,Q2,2010-11-09,2010-10-03,26549000.0,472843000.0,44496000.0,0.53,110721000.0,0.2341601758,1732225000.0,859413000.0,964960000.0,424418000.0,868398000.0,302034000.0,352986000.0,1205428971.8999999,1366469971.8999999,17.495842153816746,2.2736076226738735,0.19285543159808916,0.3887176479760022,0.02647054945222452,17.495842153816746,0.030892015829409144,2.5493218085072633,11.35098282327018,1.4026189642232545,0.0,1.1989444896932133,0.0,0.2729685808714226,1.3936685060482825,0.01532653090678174,187.4986734951003,0.23416017578773504,0.12765957446808524,8.91193686720655,0.46129387426031976,0.8909241438781883,0.146014035232989,0.15295088374516871,0.1871931696905016,0.5189464195222889,-0.01751857291558554,0.36225774688927087,Electrical Equipment & Parts,Industrials,ENS
2011Q1,2011,Q1,2010-08-11,2010-07-04,23027000.0,434969000.0,37480000.0,0.47,96614000.0,0.2221169785,1600292000.0,775100000.0,868272000.0,380968000.0,820787000.0,277795000.0,326437000.0,1040831334.92,1211939334.92,15.876858666318062,2.279120556057202,0.21553691451310136,0.4450032253902722,0.024428321424230494,15.876858666318062,0.029708424719391047,2.3928862399849185,11.300118718460938,1.3428349050703134,0.0,1.2180024838460015,0.0,0.27180602040127677,1.3826069381155373,0.014389248962064423,-44.08807755506608,0.2221169784513379,0.27027027027027023,1.4860999991562354,0.35377428013189416,0.7626885710624342,0.0012124729266194804,0.2915474788266308,0.20759093984599028,1.9913026974422343,-0.028211067472826392,0.3176937750679356,Electrical Equipment & Parts,Industrials,ENS
2010Q4,2010,Q4,2010-06-01,2010-03-31,17829000.0,450537000.0,31037000.0,0.37,96497000.0,0.214182187,1652010000.0,779897000.0,895281000.0,419513000.0,867786000.0,254371000.0,303410000.0,1203408000.0,1352852000.0,15.981495901639343,2.134095963653093,0.2121573113964201,0.4494003695359772,0.01968445531164128,15.981495901639343,0.02286071109390086,2.6710525439642026,16.874305906108024,1.5430345289185625,0.0,1.3918253260002122,0.0,0.2727205041131712,1.3937184306564994,0.01079230755261772,100.25893526618346,0.21418218703458317,-0.21276595744680848,0.6803002208610351,0.5097262678367329,0.7053258508089963,-0.018631329516215968,-0.2301481065676411,-0.1954532493454649,0.6031904088229574,0.04005169218540662,0.37372684577466925,Electrical Equipment & Parts,Industrials,ENS
2010Q3,2010,Q3,2010-02-03,2009-12-27,23159000.0,421258000.0,38577000.0,0.47,98329000.0,0.2334175256,1654893000.0,783805000.0,895920000.0,400041000.0,866783000.0,251574000.0,285581000.0,1045484951.0,1196254951.0,16.268592373071854,2.239570444029487,0.21858875468081623,0.461519127844298,0.02479160321441579,16.268592373071854,0.029546889851429885,2.481816252747722,11.285946619025001,1.3338584864857967,0.0,1.2836342388323119,0.0,0.2545530133972408,1.4624625975837477,0.013994258239052313,58.403717725266745,0.23341752560188767,0.8076923076923075,2.2398973389836985,0.4680157001444475,0.693844983028256,0.1095952243926109,0.7945757458349477,0.5339377311225099,1.0401426238746279,0.07819327179182227,0.4541738100690331,Electrical Equipment & Parts,Industrials,ENS
2010Q2,2010,Q2,2009-10-29,2009-09-27,12905000.0,367325000.0,25149000.0,0.26,88617000.0,0.2412495746,1610087000.0,757799000.0,856732000.0,376880000.0,848032000.0,227937000.0,262422000.0,1042753118.5500001,1191403118.5500002,15.777288024683223,2.273222245807684,0.22833424529233515,0.4851391991807854,0.01541864704506662,15.777288024683223,0.017029581722857907,2.8387752495746277,20.20056409434328,1.376028628369792,0.0,1.2227413715193234,0.0,0.22813984585926103,1.5140150711101676,0.008015094836490202,118.65647684911244,0.2412495746273736,0.5294117647058822,0.7949437488177782,0.24817414933618032,0.690283542211011,0.14402086211125598,0.5343003210082036,0.2874475273881438,0.09020468803002173,0.004175845629328629,0.4942741340217369,Electrical Equipment & Parts,Industrials,ENS
2010Q1,2010,Q1,2009-08-05,2009-06-28,8411000.0,340265000.0,19534000.0,0.17,77461000.0,0.2276490382,1555987000.0,723944000.0,817533000.0,354105000.0,827797000.0,212581000.0,249517000.0,871963134.19,1028279134.19,15.102176736213467,2.3087304613038504,0.24034776640164732,0.5165841556805498,0.012192175624364046,15.102176736213467,0.01161830196810803,2.5626001328082526,25.917344376114613,1.2044621326925842,0.0,1.2362534751459444,0.0,0.2186811329400567,1.5495629827311108,0.005405572154523142,16.514766078713613,0.2276490382495996,1.49632892804699,-0.7859080005408233,-0.7030201384528391,-0.3336975810475465,-0.14239055822501717,1.5418555454820186,-0.6222467173328692,-0.33131472944617085,-0.08387721593425082,0.47399953225580016,Electrical Equipment & Parts,Industrials,ENS
2009Q4,2009,Q4,2009-06-01,2009-03-31,3309000.0,393167000.0,51711000.0,0.0681,90322000.0,0.2297293516,1493642000.0,644388000.0,778418000.0,348437000.0,849254000.0,209329000.0,243763000.0,589032000.0,843546000.0,13.259012345679013,2.2340279591432597,0.2796352807433106,0.6481731503379952,0.028637571147574228,13.259012345679013,0.0051351049367772215,1.4981725322827195,44.502266545784224,0.9140952345481294,0.0,1.4467417319148326,0.0,0.2632270651200221,1.490544919167597,0.002215390301022601,7.801748344370861,0.2297293516495535,-0.891904761904762,-0.01712648552659262,-0.676427471046226,-0.3897236796202866,-0.11044358651118814,-0.8918309306658821,1.0182265240808681,-0.7266050439709116,0.07422534911286907,0.39682039725317325,Electrical Equipment & Parts,Industrials,ENS
2009Q3,2009,Q3,2009-02-04,2008-12-28,30591000.0,460878000.0,25622000.0,0.63,101536000.0,0.2203099302,1589531000.0,661751000.0,841830000.0,417067000.0,927780000.0,256813000.0,240454000.0,495498549.28000003,826618549.28,13.649071687146877,2.0184526706740162,0.27454135842585015,0.6594504579517069,0.015398532197954866,13.649071687146877,0.046227357419935895,1.0751186849448229,4.049381756725834,0.7487688711917323,0.0,1.399236019983412,0.0,0.28994590228186806,1.2794562983885083,0.019245299399634232,10.043753786029919,0.2203099301767496,0.26,1.6683012549518543,-0.5866405917036507,0.0,-0.06825481307467836,0.21421767087401763,-0.4161425576519916,2.7571179557654975,0.3662300904015594,0.47160844298392335,Electrical Equipment & Parts,Industrials,ENS
2009Q2,2009,Q2,2008-11-05,2008-09-28,25194000.0,526754000.0,43884000.0,0.5,108974000.0,0.2068783531,1693828000.0,728572000.0,906221000.0,450261000.0,965256000.0,303853000.0,209863000.0,920671333.6800001,1281105333.68,14.695344087581324,2.0126571033245164,0.2633325225465632,0.612211284540169,0.025305368096936363,14.695344087581324,0.034579972878452644,1.74782029881121,9.135819378423435,1.2636655453132979,0.0,1.3749411722115628,0.0,0.3109843502409926,1.2214937558438328,0.014874001374401652,22.25510246029636,0.20687835308322292,0.0,-0.3545734730667163,-0.47319245694033746,0.0,-0.03221967638230227,-0.011728709841917389,-0.08677737545261581,8.319268711526611,0.6128827290549806,0.5882505508169072,Electrical Equipment & Parts,Industrials,ENS
2009Q1,2009,Q1,2008-08-05,2008-06-29,25493000.0,592068000.0,48054000.0,0.5,112602000.0,0.1901842356,1793340000.0,731684000.0,976084000.0,540181000.0,1061656000.0,332182000.0,184669000.0,1688556452.5199997,2091154452.5199997,14.832517611491198,1.8069572976465296,0.2555159646246668,0.6262635235976186,0.030263173484565118,14.832517611491198,0.034841543617189934,2.8519637145057657,16.55902063821441,2.307767359297183,0.0,1.4433834464239483,0.0,0.33014821506239755,1.0720702875517651,0.014215374664034707,-431.9663475364543,0.19018423559456007,0.24999999999999994,-0.018600258716085803,-0.3943238452139029,0.0,0.06414024476681,0.3070652173913043,0.2916005913183712,1.7238717213522357,0.8236605956060592,0.6467432143439881,Electrical Equipment & Parts,Industrials,ENS
2008Q4,2008,Q4,2008-06-11,2008-03-31,19504000.0,581887000.0,37205000.0,0.4,105815000.0,0.181848022,1710790000.0,691543000.0,911196000.0,521716000.0,1019247000.0,335729000.0,159176000.0,1167296000.0,1573430000.0,14.170963114754098,1.7465364297817203,0.24944850040039981,0.6171040701735105,0.021915772361277362,14.170963114754098,0.02820359688406939,2.006052721576526,14.962264150943398,1.6879586663446815,0.0,1.4180246567916386,0.0,0.34012766032067054,1.0036744128989719,0.011400581018126129,651.7565605806811,0.18184802203864325,0.21212121212121213,-0.4578624243317452,-0.43079226620580113,-0.66487180009453,0.08548244804168975,0.21596009975062344,0.18498582667133803,0.8381611704343276,0.9498733484990421,0.5121306465417944,Electrical Equipment & Parts,Industrials,ENS
2008Q3,2008,Q3,2008-02-07,2007-12-30,16040000.0,553429000.0,31397000.0,0.33,97482000.0,0.1761418357,1656641000.0,620809000.0,886966000.0,547100000.0,1035832000.0,334951000.0,139672000.0,1194301130.88,1601451130.88,12.974443579888842,1.6212136720891976,0.26069136282393107,0.6956600178154634,0.02155365943792042,12.974443579888842,0.025837254292383004,2.158002437313549,18.614419122194516,1.923781921460546,0.0,1.3612349268997554,0.0,0.3340669463088261,0.9006634984463535,0.009682242561906895,-44.86817683071606,0.1761418357187643,-0.05714285714285704,-0.4383483048205574,-0.4015559668613294,0.0,0.059425739561371094,-0.04290232114087953,-0.004723261269257592,1.259459701208128,0.9419285240366311,0.3508664831847536,Electrical Equipment & Parts,Industrials,ENS
2008Q2,2008,Q2,2007-11-07,2007-09-30,16759000.0,461461000.0,31546000.0,0.35,92014000.0,0.1993971322,1573641000.0,604902000.0,811871000.0,497770000.0,968739000.0,317205000.0,123632000.0,857197395.6,1254050395.6,12.843268605936487,1.6310163328444864,0.2649378098308318,0.6892306522378832,0.021857567120381994,12.843268605936487,0.027705314249250292,1.8575727864326563,12.787120287606658,1.4170847436444252,0.0,1.1646947557573177,0.0,0.29324413891097145,0.8574221025774956,0.010649824197513919,807.9146047125354,0.19939713215201285,1.3333333333333333,-0.24280794087272892,-0.4802518729057999,0.0,0.06281186472001478,1.2668740700662788,-0.21542976522085158,1.3771312098126458,0.5990863584014674,0.3759503863304586,Electrical Equipment & Parts,Industrials,ENS
2008Q1,2008,Q1,2007-08-08,2007-07-01,7393000.0,429863000.0,40208000.0,0.15,86576000.0,0.201403703,1467210000.0,564920000.0,717600000.0,432983000.0,902290000.0,259732000.0,106873000.0,867378383.0,1262877383.0,12.048974478535051,1.6573398955617196,0.28104156869159835,0.7299210507682504,0.02830564836990582,12.048974478535051,0.013086808751681655,2.0178019113066257,29.331069356147708,1.5354003805848615,0.0,1.3216969799639628,0.0,0.2929798733650943,0.9124676950365257,0.005038815166199794,-50.274061496551326,0.20140370304027097,-0.3478260869565218,-0.4175778630685991,-0.515429292807477,0.0,0.08934885184020132,-0.30379508428288915,0.7973268964284118,-0.8076013279794575,-0.6164090564917636,-0.468403728735783,Electrical Equipment & Parts,Industrials,ENS
2007Q4,2007,Q4,2007-06-13,2007-03-31,10619000.0,413635000.0,22371000.0,0.23,79475000.0,0.1921379961,1409013000.0,542099000.0,674293000.0,398041000.0,864115000.0,234326000.0,99480000.0,800543108.66,1165069108.6599998,11.6336780858549,1.6940290070620865,0.28552681912799954,0.7421356615673521,0.01637077351428769,11.6336780858549,0.019588672917677397,1.9353853244043662,18.84695142339203,1.4767470677127241,0.0,1.4260474723248808,0.0,0.2935636505837774,1.0025926977371677,0.00753648121060629,149.24368170395226,0.19213799605932766,0.0,-0.6908795762591758,-0.576251986343561,-0.7248758913829182,0.03333723394572948,-0.032789871573003004,0.055933163409798925,2.289721940728037,-0.6449524094611748,-0.46453340040584695,Electrical Equipment & Parts,Industrials,ENS
2007Q3,2007,Q3,2007-02-07,2006-12-31,10979000.0,377881000.0,21186000.0,0.23,76911000.0,0.203532329,1380013000.0,521309000.0,637378000.0,376437000.0,858704000.0,221836000.0,88861000.0,,,,,,,,,,,,,,,,,,,,,,,,,,,,,,,Electrical Equipment & Parts,Industrials,ENS
2007Q2,2007,Q2,2006-11-08,2006-10-01,11453000.0,353924000.0,24736000.0,0.24,77709000.0,0.2195640872,1319797000.0,490674000.0,585655000.0,344266000.0,829123000.0,205243000.0,77882000.0,,,,,,,,,,,,,,,,,,,,,,,,,,,,,,,Electrical Equipment & Parts,Industrials,ENS
2007Q1,2007,Q1,2006-08-08,2006-07-02,12159000.0,359034000.0,25566000.0,0.26,77113000.0,0.2147791017,1325160000.0,474766000.0,591044000.0,362793000.0,850394000.0,201860000.0,66429000.0,,,,,,,,,,,,,,,,,,,,,,,,,,,,,,,Electrical Equipment & Parts,Industrials,ENS
