Quarters,Year,Quarter,FillingDate,Date,NetIncome,Revenue,OperatingIncome,EPSDiluted,GrossProfit,GrossProfitRatio,TotalAssets,CommonStockEquity,CurrentAssets,CurrentLiability,TotalLiability,Inventory,RetainedEarnings,MarketCap,EnterpriseValue,bookValuePerShare,currentRatio,debtToAssets,debtToEquity,roic,shareholdersEquityPerShare,roe,priceToSalesRatio,peRatio,pbRatio,payoutRatio,inventoryTurnover,dividendYield,assetTurnover,quickRatio,returnOnAssets,priceToFreeCashFlowsRatio,grossProfitMargin,epsdilutedGrowth,fiveYNetIncomeGrowthPerShare,fiveYRevenueGrowthPerShare,fiveYShareholdersEquityGrowthPerShare,grossProfitGrowth,netIncomeGrowth,operatingIncomeGrowth,threeYNetIncomeGrowthPerShare,threeYRevenueGrowthPerShare,threeYShareholdersEquityGrowthPerShare,Industry,Sector,Symbol
2022Q4,2022,Q4,2023-05-25,2022-12-31,-12530702.0,16341248.0,-2632228.0,-0.78,1654661.0,0.1012567094,76342500.0,18854447.0,9178254.0,12943493.0,49281439.0,47180.0,-55169781.0,16421496.311900001,53831607.311900005,1.1795011267678412,0.709101785738981,0.5317209156105708,2.1529617919846706,-0.030072122358460043,1.1795011267678412,-0.6646019371451202,1.004910782328253,-0.3276252262622637,0.870961440126035,0.0,311.2884061042815,0.0,0.21405177980810164,0.6489170272661329,-0.1641379572322101,-11.94854612242433,0.10125670940187677,-7.414239482200647,0.9999975592849178,-0.9999714728906648,-0.9999984106482688,0.36455632525152565,-6.930758797554198,-0.12926279083934883,0.9999975592849178,-0.9999714728906648,-0.9999984106482688,Oil & Gas E&P,Energy,VIVK
2022Q3,2022,Q3,2022-11-21,2022-09-30,-1580013.0,11765975.0,-2330926.0,-0.0927,1212600.0,0.1030598824,94805667.0,30485180.0,15211022.0,14068057.0,57131776.0,1420318.0,-42817572.0,19093187.680000003,57073272.68000001,1.7882504572960862,1.0812454058154584,0.4483052263109968,1.3941815662561283,-0.026931812278737702,1.7882504572960862,-0.051828888659998074,1.6227458990861363,-3.021049143266543,0.6263104787309769,0.0,7.430290258942011,0.0,0.12410624145495437,0.9196894070019762,-0.016665807540808715,-14.44470747731145,0.10305988241518446,0.7893181818181818,0.6640977373184587,7.793125619637008,0.0,0.0,0.7589832900523764,0.35262845081375327,0.6640977373184587,7.793125619637008,0.0,Oil & Gas E&P,Energy,VIVK
2022Q2,2022,Q2,2022-08-22,2022-06-30,-6555616.0,0.0,-3600600.0,-0.44,0.0,0.0,51699265.0,26615126.0,8649596.0,6704915.0,17838222.0,1388709.0,-41237559.0,33084961.800000004,37500083.800000004,1.769785244243504,1.2900381287458529,0.18607059500749187,0.3614378154738024,-0.12198304420337804,1.769785244243504,-0.2463116650283752,0.0,-1.2617030115857917,1.2430886782200468,0.0,0.0,0.0,0.0,1.0475099236903078,-0.1268028858824202,-11.5471252389003,0.0,-7.31758034026465,0.5043607934008099,-1.0,0.0,0.0,-8.029338805980428,-0.9158608976228129,0.5043607934008099,-1.0,0.0,Oil & Gas E&P,Energy,VIVK
2022Q1,2022,Q1,2022-05-13,2022-03-31,-726035.0,0.0,-1879364.0,-0.0529,0.0,0.0,54817023.0,29863768.0,11783225.0,5089671.0,18281853.0,1388709.0,-36332242.0,30343651.39,34466009.39,2.175048956097304,2.3151250837234865,0.20011269127110387,0.36732076139889647,-0.04513480353666834,2.175048956097304,-0.024311567113701124,0.0,-10.448412056581294,1.0160690837807205,0.0,0.0,0.0,0.0,2.027410612591659,-0.013244699552545931,-28.276735156966385,0.0,0.999999835292722,-1.062843058219807,-1.0,0.0,-1.0,0.9999255736040547,0.9997286475897196,-1.062843058219807,-1.0,0.0,Oil & Gas E&P,Energy,VIVK
2021Q4,2021,Q4,2022-04-15,2021-12-31,-9755074000.0,1088428000.0,-6925916000.0,-321175.85,37752000.0,0.034684885,47345291000.0,22540629000.0,5157736000.0,7242836000.0,20191112000.0,192000000.0,-35731359000.0,235633.734,11716696633.734,742127.1853290752,0.712115530435868,0.27479455137365194,0.5771901041448311,-0.2183165980554815,742127.1853290752,-0.43277736393247945,0.00021648995983197786,-6.038747988995265e-06,1.045373374451973e-05,-0.004325543814429291,5.472270833333333,179.07452928620143,0.022989150071968088,0.4868024072338515,-0.2060410611902248,-8.114392286951668e-05,0.03468488499009581,-1147055.6071428568,0.0,0.0,0.0,1370.2542225128038,-2872.423347926659,-4924.911991106793,0.0,0.0,0.0,Oil & Gas E&P,Energy,VIVK
2021Q3,2021,Q3,2021-09-30,2021-09-30,-3394931.0,965757.0,-1406017.0,-0.28,27531.0,0.0285071711,,,,,,,,110366198.28,,,0.0,0.0,0.0,0.0,,0.0,114.27947017728061,-8.12727845426019,0.0,0.0,0.0,0.0,0.0,0.0,0.0,-77.34867764737544,0.028507171058558208,0.6818181818181818,0.0,0.0,0.0,17.728571428571428,0.6774392124454177,0.18474092353936447,0.0,0.0,0.0,Oil & Gas E&P,Energy,VIVK
2021Q2,2021,Q2,2021-06-30,2021-06-30,-10524934.0,22000.0,-1724626.0,-0.88,1470.0,0.0668181818,,,,,,,,107701560.0,,,0.0,0.0,0.0,0.0,,0.0,4895.5254545454545,-2.558247871198052,0.0,0.0,0.0,0.0,0.0,0.0,0.0,-63.724849905597466,0.06681818181818182,-2.2054794520547945,0.0,0.0,0.0,-0.5227272727272727,-2.1059272714548873,0.19280698239984423,0.0,0.0,0.0,Oil & Gas E&P,Energy,VIVK
2021Q1,2021,Q1,2021-03-31,2021-03-31,9516841.0,95000.0,-2136572.0,0.73,3080.0,0.0324210526,,,,,,,,138419197.344,,,0.0,0.0,0.0,0.0,,0.0,1457.044182568421,3.636164493659188,0.0,0.0,0.0,0.0,0.0,0.0,0.0,-79.18827108839024,0.03242105263157895,0.0,0.0,0.0,0.0,0.0,0.0,0.0,0.0,0.0,0.0,Oil & Gas E&P,Energy,VIVK
2010Q3,2010,Q3,2010-11-22,2010-09-30,-250513.0,25660.0,-539649.0,-8.25,25660.0,1.0,2651634.0,-432627.0,56076.0,1740333.0,2663236.0,7781.0,-4998879.0,592273.5,699028.5,-14.243802061041055,0.03222141969381722,0.04047164880221026,-0.24805664001553301,1.3174549372950701,-14.243802061041055,0.5790507758415447,23.08158612626656,-0.5910606435594161,-1.3690164968899308,0.0,0.0,0.0,0.009677051961168096,0.024015518869089997,-0.09447495393406481,-3037.3,1.0,0.6799844840961986,0.4001538447724205,-0.743593460807647,0.0,3.8972680151214e-05,0.6225463015977291,0.19274523970866075,0.4001538447724205,-0.743593460807647,0.0,Oil & Gas E&P,Energy,VIVK
2010Q2,2010,Q2,2010-08-24,2010-06-30,-663692.0,25659.0,-668499.0,-25.78,25659.0,1.0,2971222.0,-167291.0,431072.0,1669873.0,2683356.0,7781.0,-4915298.0,1158345.0,1249541.0,-6.499009362495629,0.25814657761398624,0.030947536064286008,-0.549652999862515,8.082601622576764,-6.499009362495629,3.9672905296758345,45.14380918975798,-0.4363262627845446,-6.924132200775894,0.0,0.0,0.0,0.008635840741620788,0.027541016592279772,-0.22337341336325592,-14.383125349227043,1.0,0.04589193190229454,-3.072270454111676,-0.8423249442319134,0.0,-0.5199528540158276,-0.12244183509698238,-0.026008628615016738,-3.072270454111676,-0.8423249442319134,0.0,Oil & Gas E&P,Energy,VIVK
2010Q1,2010,Q1,2010-05-24,2010-03-31,-591293.0,161310.0,-651553.0,-27.02,53451.0,0.3313557746,3460249.0,-34.0,415357.0,1866933.0,2970994.0,7781.0,-3977822.0,6237795.0,6762263.0,-0.0015534335450267283,0.22248093530940855,0.15671097658000913,-15948.79411764706,-1.0827498175504782,-0.0015534335450267283,17390.970588235294,38.669611307420496,-2.6373536470074903,-183464.5588235294,0.0,13.861842950777534,0.0,0.04661803240171444,0.035365489816720795,-0.17088163308478668,-23.730935306537827,0.33135577459549936,-0.1087402544111612,-55.373221184228974,1.204257997898296,0.0,5.4718488921176895,-0.10874575050768893,-0.0989626905950614,-55.373221184228974,1.204257997898296,0.0,Oil & Gas E&P,Energy,VIVK
2009Q4,2009,Q4,2010-03-30,2009-12-31,-533299.0,6070.0,-592880.0,-24.37,8259.0,1.3606260297,3471317.0,-463046.0,234098.0,2216301.0,3410942.0,38860.0,-3420661.0,11162370.0,11827354.0,-21.156211449719013,0.10562554454471662,0.24562147450088828,-1.8413505353679764,-1.356678619179333,-21.156211449719013,1.1517192676321575,1838.9406919275123,-5.232697792420387,-24.10639547690726,0.0,-0.056330416881111685,0.0,0.0017486158711520728,0.08466629758322539,-0.153630163998275,-98.6493389423077,1.3606260296540362,0.2648567119155354,0.446208935724838,0.0,-2.809444681168393,-0.7919804548774652,0.10556769639224275,0.06806542781782572,0.446208935724838,0.0,-2.809444681168393,Oil & Gas E&P,Energy,VIVK
2009Q3,2009,Q3,2009-11-16,2009-09-30,-596243.0,48360.0,-636182.0,-33.15,39703.0,0.8209884202,3212958.0,155801.0,87627.0,1914799.0,2975152.0,3099.0,-2445946.0,29675250.0,30105951.0,8.662830136224631,0.04576302786872147,0.1556198369228605,3.209222020397815,-0.8748307789915218,8.662830136224631,-3.826952330216109,613.6321339950372,-12.442598906821548,190.46893152162053,0.0,2.793481768312359,0.0,0.015051550627179066,0.03884637499810685,-0.1855744768527942,-484.50178778429034,0.8209884201819686,-0.8026101141924958,-1.4110718528066317,-0.18391389202605124,0.0,-0.4880599324341749,-0.920391007472301,-0.7880627554146501,-1.4110718528066317,-0.18391389202605124,0.0,Oil & Gas E&P,Energy,VIVK
2009Q2,2009,Q2,2009-07-31,2009-06-30,-310480.0,88764.0,-355794.0,-18.39,77554.0,0.8737100626,3377476.0,-509144.0,59818.0,2674350.0,3799623.0,3156.0,-1854695.0,25329000.0,27059742.0,-30.15184176240673,0.022367304204760036,0.5277076728302437,-3.5006206495608314,-0.23112639109409738,-30.15184176240673,0.6098078343258488,285.352169798567,-20.395033496521513,-49.74820483006772,0.0,3.551964512040558,0.0,0.026281163803976697,0.021187204367416383,-0.09192663397164036,828.0698313063947,0.8737100626380064,0.3880199667221298,-1.9040379668797272,-0.16850668694714413,0.0,38.9351184346035,0.38547651894061596,0.1899135938798511,-1.9040379668797272,-0.16850668694714413,0.0,Oil & Gas E&P,Energy,VIVK
2009Q1,2009,Q1,2009-07-16,2009-03-31,-505237.0,6223.0,-439205.0,-30.05,1942.0,0.3120681343,3540265.0,-203655.0,30279.0,2461739.0,3651932.0,2919.0,-1549206.0,25221000.0,26941270.0,-12.112227905316997,0.012299841697271725,0.49184453706149117,-8.55004787508286,-0.2531185312396017,-12.112227905316997,2.4808475117232573,4052.8683914510684,-12.479786713958005,-123.84179126463873,0.0,1.4665981500513874,0.0,0.0017577780194420474,0.011114094548609742,-0.14271163316870347,-216.15714910138072,0.3120681343403503,0.3170454545454545,-61.47733805434522,-0.889308026644463,0.0,0.0,0.31705533447239226,0.41377349651031026,-61.47733805434522,-0.889308026644463,0.0,Oil & Gas E&P,Energy,VIVK
2008Q4,2008,Q4,2009-07-08,2008-12-31,-739792.0,0.0,-749207.0,-44.0,0.0,0.0,3959299.0,196591.0,145669.0,2410617.0,3665729.0,0.0,-1048960.0,25221000.0,26556979.0,11.692101819911978,0.060428097868719916,0.37421977981455806,7.536703104414749,-0.421750836268341,11.692101819911978,-3.7631020748660924,0.0,-8.523003763219933,128.2917325818578,0.0,0.0,0.0,0.0,0.060428097868719916,-0.18684923770596765,-8332.01189296333,0.0,-2.2,0.0,0.0,0.0,-1.0,-2.5668956871820834,-2.7244147722471057,0.0,0.0,0.0,Oil & Gas E&P,Energy,VIVK
2008Q3,2008,Q3,2008-09-30,2008-09-30,-207405.0,49700.0,-201161.0,-13.75,2128.0,0.0428169014,,,,,,,,22626000.0,,,0.0,0.0,0.0,0.0,,0.0,455.25150905432594,-27.272727272727273,0.0,0.0,0.0,0.0,0.0,0.0,0.0,683.0696775751721,0.0428169014084507,-1.1721958925750395,0.0,0.0,0.0,-0.9537662676255242,-1.1799291592655266,-1.1143016301777324,0.0,0.0,0.0,Oil & Gas E&P,Energy,VIVK
2008Q2,2008,Q2,2008-06-30,2008-06-30,-95143.0,95000.0,-95143.0,-6.33,46027.0,0.4844947368,,,,,,,,22540500.0,,,0.0,0.0,0.0,0.0,,0.0,237.26842105263157,-59.22795160968227,0.0,0.0,0.0,0.0,0.0,0.0,0.0,-480.25951335918523,0.48449473684210526,-13.66,0.0,0.0,0.0,0.9000577939233818,-13.805248990578734,-13.805248990578734,0.0,0.0,0.0,Oil & Gas E&P,Energy,VIVK
2008Q1,2008,Q1,2008-03-31,2008-03-31,7430.0,50000.0,7430.0,0.5,24224.0,0.48448,,,,,,,,22431000.0,,,0.0,0.0,0.0,0.0,,0.0,448.62,754.7442799461642,0.0,0.0,0.0,0.0,0.0,0.0,0.0,678.8632649355366,0.48448,0.0,0.0,0.0,0.0,0.0,0.0,0.0,0.0,0.0,0.0,Oil & Gas E&P,Energy,VIVK
