Year,Date,FillingDate,NetIncome,Revenue,OperatingIncome,EPSDiluted,GrossProfit,GrossProfitRatio,TotalAssets,CommonStockEquity,CurrentAssets,CurrentLiability,TotalLiability,Inventory,RetainedEarnings,EnterpriseValue,bookValuePerShare,currentRatio,debtToAssets,debtToEquity,roic,shareholdersEquityPerShare,roe,priceToSalesRatio,peRatio,pbRatio,payoutRatio,inventoryTurnover,dividendYield,assetTurnover,quickRatio,returnOnAssets,priceToFreeCashFlowsRatio,grossProfitMargin,epsdilutedGrowth,fiveYNetIncomeGrowthPerShare,fiveYRevenueGrowthPerShare,fiveYShareholdersEquityGrowthPerShare,grossProfitGrowth,netIncomeGrowth,operatingIncomeGrowth,threeYNetIncomeGrowthPerShare,threeYRevenueGrowthPerShare,threeYShareholdersEquityGrowthPerShare,Industry,Sector,Price,MarketCap,AvgVolume,Symbol
2023,2023-02-28,2023-05-12,47300000.0,431837000.0,37005000.0,1.82,131050000.0,0.3034709856,393835000.0,331432000.0,196626000.0,41247000.0,62403000.0,46834000.0,219459000.0,476273012.25,12.749774217298496,4.767037602734744,0.033031599527721,0.03925088705978904,0.07717781535069032,12.749774217298496,0.14271404088923217,1.3092764451633372,11.953361781183933,1.705912562003669,0.5462790697674419,6.422406798479737,0.045700873090560395,1.096492185813856,3.5754115450820665,0.12010105754948139,13.320940822024314,0.30347098558020735,0.6396396396396395,0.40411984441438675,0.13952114832326334,0.23705499887695627,0.1423167106857387,0.6320474777448071,0.4917160478897086,0.2372058510878656,-0.01343366459455089,0.1278471784392671,Business Equipment & Supplies,Industrials,20.23,523006190,100162,EBF
2022,2022-02-28,2022-05-09,28982000.0,400014000.0,24807000.0,1.11,114723000.0,0.2867974621,368844000.0,303815000.0,165029000.0,37190000.0,65029000.0,38538000.0,197998000.0,418502238.06,11.67330484260317,4.437456305458457,0.041564997668390974,0.050461629610124584,0.05286539981190296,11.67330484260317,0.09539357832891728,1.2219003286384977,16.86485536056863,1.6087989008442638,0.8770961286315644,7.402849135917795,0.05200733180803227,1.0845072713667567,3.3511158913686474,0.07857522421403086,11.073089374051335,0.2867974620888269,0.19354838709677424,15.099467722854827,0.10827213443061431,0.19515670232889729,0.1055933542778945,0.2028720843363493,0.3886587550380654,-0.2316960989246431,-0.009458424131103331,0.042860667169412475,Business Equipment & Supplies,Industrials,20.23,523006190,100162,EBF
2021,2021-02-28,2021-05-07,24094000.0,357973000.0,17864000.0,0.93,103766000.0,0.2898710238,364388000.0,300549000.0,148074000.0,35052000.0,63839000.0,32906000.0,194436000.0,460188639.53000003,11.561743860685889,4.224409448818897,0.051881510916934694,0.06290155681769029,0.03981141708351983,11.561743860685889,0.0801666284033552,1.4806721164166012,21.99886442807338,1.7635747899011478,0.9739769237154479,7.725247675196013,0.04427396363571058,0.9823951392471761,3.2260926623302524,0.06612182618527504,10.78677682302902,0.2898710237922972,-0.36734693877551017,-0.3337366394352827,-0.3782703517750377,-0.005174302622131682,-0.19513822096739164,-0.37078240885824715,-0.4527631417718417,-0.28475975620887456,-0.055389408437156645,0.1217855935982956,Business Equipment & Supplies,Industrials,20.23,523006190,100162,EBF
2020,2020-02-29,2020-05-04,38292000.0,438412000.0,32644000.0,1.47,128924000.0,0.2940704178,365699000.0,294329000.0,149884000.0,37969000.0,71370000.0,34835000.0,193809000.0,460738499.3,11.304522865360036,3.9475361479101374,0.05432062980757399,0.06749249988957935,0.07625187031895757,11.304522865360036,0.1300993106353774,1.1936979355035902,13.666862511751804,1.7780493913273923,0.6133396009610362,8.884397875699728,0.04487786428184526,1.1988329199697019,2.932497563802049,0.10470906401165986,9.72283324291686,0.2940704177805352,0.013793103448275874,1.8541750493383944,-0.24942248114795423,0.027062521363357427,0.045103761348897535,0.02283836845901114,-0.34825403797392535,20.263060878593187,0.21419439053551528,0.15739942127240905,Business Equipment & Supplies,Industrials,20.23,523006190,100162,EBF
2019,2019-02-28,2019-05-06,37437000.0,400782000.0,50087000.0,1.45,123360000.0,0.3077982544126233,363085000.0,289127000.0,166165000.0,31623000.0,73958000.0,35411000.0,179003000.0,489149844.79999995,11.193542157733756,5.254561553299814,0.08262528058168198,0.10376063114133235,0.11767010824968972,11.193542157733756,0.12948289160126863,1.366308478923704,14.627022592622273,1.8939491808098172,0.6039746774581296,7.834345259947474,0.04129170332742691,1.1038241734029222,4.07295323024381,0.10310808763788094,11.773383603878651,0.3077982544126233,0.11538461538461531,1.8709798513309557,-0.25269846718219374,-0.1942491514363033,0.05513454333954873,0.13772982829357241,0.05889938901925963,0.041858879066898357,-0.2994641785159434,-0.03685607315162897,Business Equipment & Supplies,Industrials,20.23,523006190,100162,EBF
2018,2018-02-28,2018-05-11,32905000.0,370171000.0,47301000.0,1.3,116914000.0,0.31583781549608153,329439000.0,261704000.0,163344000.0,29571000.0,67735000.0,26480000.0,164177000.0,428913961.0,10.306554056911946,5.523790199857969,0.09106389953830603,0.11463332620059304,0.11323720510449532,10.306554056911946,0.1257336532876838,1.3376087294790786,15.04768153776022,1.891999973252224,0.6764929342045282,9.564086102719033,0.04495662222163303,1.123640491866476,4.459910047005512,0.09988192047693199,11.616825680970368,0.31583781549608153,17.57142857142857,0.3640849166186355,-0.2891086815723331,-0.2576930820846386,0.12471380471380471,17.485955056179776,0.16720542874768662,1.7526354485328715,-0.35017045247368145,-0.06360706043628427,Business Equipment & Supplies,Industrials,20.23,523006190,100162,EBF
2017,2017-02-28,2017-05-12,1780000.0,356888000.0,40525000.0,0.07,103950000.0,0.2912678487368586,324285000.0,251355000.0,149250000.0,29968000.0,72930000.0,27965000.0,150685000.0,370295805.45000005,9.767175149381183,4.980312333155366,0.09251121698505944,0.11935310616458793,0.0950459784061597,9.767175149381183,0.007081617632432217,1.1789743713714107,236.38303676966294,1.6739742811959182,32.13483146067416,9.044806007509386,0.13594389808938395,1.1005381069121298,3.9319941270688736,0.00548899887444686,7.537562349073843,0.2912678487368586,-0.9496402877697842,-0.9428368607623256,-0.30485713958663124,-0.296635774774107,-0.31942725826409757,-0.9501902843071413,-0.2801442376012505,-0.8629901896349663,-0.3320835064152417,-0.2969241055435949,Business Equipment & Supplies,Industrials,20.23,523006190,100162,EBF
2016,2016-02-29,2016-05-11,35736000.0,568973000.0,56296000.0,1.39,152739000.0,0.26844683315377005,392188000.0,298546000.0,178975000.0,40400000.0,93642000.0,100310000.0,206105000.0,536661509.02,11.621878979563943,4.430074257425742,0.10199190184299367,0.13398270283306424,0.10504230857088973,11.621878979563943,0.11970014671105961,0.8912312342061925,14.189794857286769,1.6985205262170653,0.5049250055965973,4.149476622470342,0.03558367197516653,1.4507659591828408,1.6162376237623763,0.09111956510653055,6.158446794024775,0.26844683315377005,1.8081395348837208,-0.19587247137424693,0.03892779749087621,-0.13765031556159152,0.049925760950259836,1.8024610962656906,2.4926291229186552,0.4643585195607354,0.08007631734150726,-0.1629596936019698,Business Equipment & Supplies,Industrials,20.23,523006190,100162,EBF
2015,2015-02-28,2015-05-08,-44533000.0,580240000.0,-37716000.0,-1.72,145476000.0,0.25071694471253275,453262000.0,284680000.0,216542000.0,40247000.0,168582000.0,119814000.0,188413000.0,451961710.4,11.00665502851183,5.380326483961538,0.23496344277702522,0.37410425741183084,-0.109720504162499,11.00665502851183,-0.15643178305465785,0.6218249524334758,-8.102030188848719,1.2674150288042714,-0.40848359643410503,3.628657752850251,0.05041743697725591,1.2801426106755034,1.9432752751757896,-0.09825001875295084,5.746260716674629,0.25071694471253275,-4.4399999999999995,-2.2567815013910733,0.11350490478157231,-0.0970857126404853,0.011704324967140264,-4.376525892789446,-2.137257266915933,-2.422967470852271,0.12451884120593062,-0.20737702886915155,Business Equipment & Supplies,Industrials,20.23,523006190,100162,EBF
2014,2014-02-28,2014-05-09,13189000.0,542442000.0,33164000.0,0.5,143793000.0,0.2650845620361255,536347000.0,362935000.0,214143000.0,41877000.0,173412000.0,130095000.0,251137000.0,512964498.40000004,13.89206375356225,5.113618454043986,0.19670101631965872,0.2906856599666607,0.029370516789329067,13.89206375356225,0.03633984046730131,0.7609670681842483,31.2973309879445,1.1373400151542288,1.0436727576010312,3.064291479303586,0.03334702112467821,1.0113639117959083,1.6479451727678678,0.024590423736871838,14.684994073072682,0.2650845620361255,-0.47368421052631576,1.3960552035396367,-0.08607051999945858,0.2230124186137251,0.15820123719311813,-0.46635646368602063,-0.1789666526378333,-0.7081876401144115,-0.026087722135940995,0.030798618291251956,Business Equipment & Supplies,Industrials,20.23,523006190,100162,EBF
2013,2013-02-28,2013-05-10,24715000.0,533506000.0,40393000.0,0.95,124152000.0,0.23270966024749487,495292000.0,361216000.0,193416000.0,43039000.0,134076000.0,109698000.0,251713000.0,458675255.74,13.884491452479107,4.49397058481842,0.11609313293976078,0.1591845322466336,0.06173868707961563,13.884491452479107,0.06842166459957477,0.763641375617144,16.484210226178433,1.1278771032844614,0.925106210803156,3.7316450618972086,0.05612074816505328,1.0771544866462612,1.5405330049489998,0.04989985705402066,8.595633811000697,0.23270966024749487,-0.21487603305785125,-0.45408927577458,-0.13945441851764434,0.02091327439126671,-0.04873843984890394,-0.21184386759359652,-0.21852267450859,-0.30656933634892186,0.017860775178633166,0.13899324296888246,Business Equipment & Supplies,Industrials,20.23,523006190,100162,EBF
2012,2012-02-29,2012-05-11,31358000.0,517014000.0,51688000.0,1.21,130513000.0,0.2524361042447593,531962000.0,359875000.0,219210000.0,50241000.0,172087000.0,132572000.0,249862000.0,513937165.52000004,13.886368966582499,4.363169522899624,0.1691850169748967,0.25008683570684265,0.07296173260854714,13.886368966582499,0.08713581104550192,0.8401071644481581,13.851239413227885,1.2069389802570338,0.5144460743669876,2.9154044594635367,0.03714079722538717,0.9719002485139916,1.3773611194044704,0.0589478195810979,22.29021684901981,0.2524361042447593,-0.29651162790697677,-0.25741721854320154,-0.12891638854400952,0.12049874539411681,-0.15524472808709497,-0.2973941878963053,-0.2701599807966564,1.9492734138591044,-0.12186600995555075,0.22251106796337203,Business Equipment & Supplies,Industrials,20.23,523006190,100162,EBF
2011,2011-02-28,2011-05-10,44631000.0,549999000.0,70821000.0,1.72,154498000.0,0.28090596528357326,473728000.0,347683000.0,182398000.0,47098000.0,126045000.0,100363000.0,234636000.0,457502822.5,13.47699105048378,3.8727334494033716,0.10678279519048905,0.14549460284224422,0.11432897978018546,13.47699105048378,0.12836693194662954,0.7622228813143297,9.393063621697923,1.205758758696859,0.3597723555376308,3.9407052399788767,0.03830191831199341,1.1610016718454472,1.5003609495095334,0.09421229059713591,-424.7434878419453,0.28090596528357326,0.26470588235294107,0.08624137657971517,-0.029974623519437752,0.15366243404141647,0.14173175976766011,0.2677100494233937,0.20892082892356015,-0.005867861152262841,-0.10537103271593705,-0.009049837411616394,Business Equipment & Supplies,Industrials,20.23,523006190,100162,EBF
2010,2010-02-28,2010-05-10,35206000.0,517738000.0,58582000.0,1.36,135319000.0,0.2613657873287261,432699000.0,313260000.0,166439000.0,49801000.0,119439000.0,75137000.0,206062000.0,437829456.3,12.1901438293769,3.342081484307544,0.09664223860004299,0.13348975292089638,0.10433857887504845,12.1901438293769,0.11238587754580859,0.8055724252421109,11.846715227518036,1.331403486879908,0.454496392660342,5.089622955401467,0.0383647605206732,1.1965315380899886,1.5724985442059396,0.0813637193522518,6.6960273620498665,0.2613657873287261,2.0708661417322833,0.12991334252607648,0.04418820783414733,-0.15053169952669124,-0.05685271404276673,2.07440185546875,6.812859694383806,-0.15922446243961666,-0.12030029760837174,-0.01637059335949601,Business Equipment & Supplies,Industrials,20.23,523006190,100162,EBF
2009,2009-02-28,2009-05-11,-32768000.0,584029000.0,-10078000.0,-1.27,143476000.0,0.24566588302978107,436380000.0,292006000.0,182254000.0,43880000.0,144374000.0,101167000.0,186857000.0,277394427.7,11.358890181433148,4.153463992707384,0.17506531005087309,0.26162133654787917,-0.0686425749695368,11.358890181433148,-0.11221687225604954,0.3600599074703482,-6.417401968383789,0.7201407769018444,-0.488250732421875,4.354710528136645,0.07608230477493995,1.3383496035565332,1.5212625341841386,-0.07509051743892937,5.560605751381654,0.24566588302978107,-1.738372093023256,-2.1615514685466897,0.4328759232650855,0.680291014714265,-0.06007979193826279,-1.7348732899753307,-1.1329902348904723,-1.800339590724186,0.03368984661000992,-0.027652029623414384,Business Equipment & Supplies,Industrials,20.23,523006190,100162,EBF
TTM,,,,,,,,,,,,,,,,425618190.0,13.068326658127077,5.177810203762572,0.03252607389075482,0.03814250727757854,0.09234214185076543,13.068326658127077,0.14491086655368798,1.2010319796814433,11.04963515113723,1.5480176253031708,0.5460175868774837,6.334852647352648,0.049431537320810674,1.0996843354630168,3.875475532857366,0.11946766332483144,10.702426741425883,0.3010283284037257,,,,,,,,,,,Business Equipment & Supplies,Industrials,20.23,523006190,100162,EBF
