Quarters,Year,Quarter,FillingDate,Date,NetIncome,Revenue,OperatingIncome,EPSDiluted,GrossProfit,GrossProfitRatio,TotalAssets,CommonStockEquity,CurrentAssets,CurrentLiability,TotalLiability,Inventory,RetainedEarnings,MarketCap,EnterpriseValue,bookValuePerShare,currentRatio,debtToAssets,debtToEquity,roic,shareholdersEquityPerShare,roe,priceToSalesRatio,peRatio,pbRatio,payoutRatio,inventoryTurnover,dividendYield,assetTurnover,quickRatio,returnOnAssets,priceToFreeCashFlowsRatio,grossProfitMargin,epsdilutedGrowth,fiveYNetIncomeGrowthPerShare,fiveYRevenueGrowthPerShare,fiveYShareholdersEquityGrowthPerShare,grossProfitGrowth,netIncomeGrowth,operatingIncomeGrowth,threeYNetIncomeGrowthPerShare,threeYRevenueGrowthPerShare,threeYShareholdersEquityGrowthPerShare,Industry,Sector,Symbol
2023Q1,2023,Q1,2023-05-02,2023-03-31,699800000.0,2374800000.0,779000000.0,2.69,2107900000.0,0.8876115883,18974200000.0,14432300000.0,12965700000.0,3026200000.0,4541900000.0,535100000.0,7222600000.0,81099018000.0,72598318000.0,56.06954156954157,4.284482188883748,0.04159332145755816,0.05468289877566292,0.038192644311292934,56.06954156954157,0.0484884599128344,34.14983072258717,28.972212775078596,5.619271910922029,0.0,0.4987852737806018,0.0,0.1251594270114155,3.9527790628511004,0.03688166035985707,94.54303800419679,0.8876115883442817,-0.146031746031746,2.274307093871163,2.645973790493367,4.913458945229341,0.04382489848469843,-0.14543900354133593,-0.24625060474117078,0.1718991404617191,0.5821199749925576,1.2544859169015308,Biotechnology,Healthcare,VRTX
2022Q4,2022,Q4,2023-02-10,2022-12-31,818900000.0,2302700000.0,1033500000.0,3.15,2019400000.0,0.8769705129,18150900000.0,13912700000.0,12681300000.0,2430600000.0,4238200000.0,460600000.0,6522800000.0,74187582000.0,64244582000.0,54.15609186453873,5.217353739817329,0.030907558302894073,0.04032287047086475,0.05258981802674595,54.15609186453873,0.05885989060354928,32.21764971555131,22.64854744169007,5.332364098988693,0.0,0.6150673035171516,0.0,0.1268642326275832,5.027853204969967,0.04511622013233504,71.00649119448698,0.8769705128761888,-0.12256267409470752,6.964210178014921,2.460237650234858,5.715707892651836,-0.0124700474350824,-0.1199355185384202,-0.08271944617023165,0.4100960277896295,0.6363432485100026,1.2961173240262158,Biotechnology,Healthcare,VRTX
2022Q3,2022,Q3,2022-10-28,2022-09-30,930500000.0,2334300000.0,1126700000.0,3.59,2044900000.0,0.8760227906,16706400000.0,13029600000.0,11544100000.0,2391300000.0,3676800000.0,388200000.0,5703900000.0,74267010000.0,65577510000.0,50.79766081871345,4.827541504620918,0.028851218694631996,0.03699269355928041,0.06368544683427632,50.79766081871345,0.07141431816786394,31.815537848605576,19.9535222998388,5.699868760361024,0.0,0.7454920144255538,0.0,0.13972489584829767,4.665203027641868,0.05569721783268687,82.39987795406635,0.8760227905581973,0.14696485623003194,9.818597951436557,2.939334196216574,6.097980141433215,0.05712365591397849,0.14805675508945096,0.018439844526801048,15.205673796361197,1.46187610895732,1.4845377591562992,Biotechnology,Healthcare,VRTX
2022Q2,2022,Q2,2022-08-05,2022-06-30,810500000.0,2196200000.0,1106300000.0,3.13,1934400000.0,0.8807940989,15582200000.0,11933500000.0,10954000000.0,2317500000.0,3648700000.0,367700000.0,4773400000.0,72110061000.0,63939461000.0,46.63345056662759,4.726645091693635,0.03411585013669444,0.044546863870616335,0.06734777734871317,46.63345056662759,0.06791804583734865,32.8340137510245,22.24246175200494,6.042658147232581,0.0,0.7119934729398967,0.0,0.1409428707114528,4.567982740021575,0.05201447805829729,66.36913115508514,0.8807940988980967,0.05743243243243241,42.56310227334614,2.903974665103786,5.906566621792027,0.04466166225630502,0.06350872588899095,0.06283024305889134,2.0337418518684234,1.3354894742747265,1.3561000709953468,Biotechnology,Healthcare,VRTX
2022Q1,2022,Q1,2022-05-06,2022-03-31,762100000.0,2097500000.0,1040900000.0,2.96,1851700000.0,0.8828128725,14256100000.0,10907000000.0,9869800000.0,1894100000.0,3349100000.0,338900000.0,3962900000.0,66573447000.00001,59517547000.00001,42.75578204625637,5.210812523098041,0.038173132904511055,0.04989456312459888,0.06926180817993915,42.75578204625637,0.06987255890712386,31.739426460071517,21.83881610024931,6.103735857706061,0.0,0.725287695485394,0.0,0.14713000049101788,5.031888495855552,0.053457818056831814,74.58374075733812,0.8828128724672228,-0.013333333333333345,1.966571345415659,1.830311697477503,6.012594947592397,0.014533408869510524,-0.010401111529521757,0.1747736847985933,1.8435941356741783,1.449098939509672,1.3145702371021195,Biotechnology,Healthcare,VRTX
2021Q4,2021,Q4,2022-02-09,2021-12-31,770110000.0,2072561000.0,886043000.0,3.0,1825174000.0,0.8806370476,13432500000.0,10100000000.0,9560600000.0,2142000000.0,3332500000.0,353100000.0,3200800000.0,55910160000.0,50049260000.0,39.6700706991359,4.463398692810458,0.06954029406290713,0.09248514851485148,0.06546113115541251,39.6700706991359,0.07624851485148515,26.9763640249913,18.150056485437144,5.535659405940594,0.0,0.7006145567827811,0.0,0.15429450958496185,4.0437441643323995,0.05733184440722129,59.907294503888444,0.880637047594739,-0.08536585365853654,21.53590304343322,3.3559673451122727,7.4189253623052265,0.044357801209851846,-0.09603863237268877,-0.15976015446007252,-0.502800891499946,1.3844711370314593,1.2796322014905221,Biotechnology,Healthcare,VRTX
2021Q3,2021,Q3,2021-11-03,2021-09-30,851928000.0,1984164000.0,1054512000.0,3.28,1747652000.0,0.8808001757919204,12618745000.0,9530708000.0,8852540000.0,1914264000.0,3088037000.0,333456000.0,2430659000.0,46776127640.0,41377229640.0,36.9584916781709,4.624513651199625,0.06948393045425674,0.09199736263035233,0.07352836424909723,36.9584916781709,0.08938769291851141,23.574728520424724,13.726549555831008,4.9079383861094055,0.0,0.7092749868048558,0.0,0.15723940851487211,4.211152171278361,0.06751289450733809,53.476949892362725,0.8808001757919204,11.615384615384613,21.83175288860322,3.5542644750200316,7.8609556317753855,0.11642662121709622,11.729783037475345,28.77882563683781,5.540885949701441,1.499957764747408,2.241750955992174,Biotechnology,Healthcare,VRTX
2021Q2,2021,Q2,2021-07-30,2021-06-30,66924000.0,1793370000.0,-37961000.0,0.26,1565398000.0,0.8728806660086875,12221686000.0,9196396000.0,8457514000.0,1836448000.0,3025290000.0,321620000.0,1578731000.0,52219750440.0,47049921440.0,35.50896566636292,4.605365357472686,0.07313630868932486,0.0971955753101541,0.005226283315718592,35.50896566636292,0.007277198589534422,29.118224593920942,195.07108974358974,5.678284236563976,0.0,0.7088240781045955,0.0,0.14673671046695194,4.158644840474655,0.00547584024004544,-209.2103910193747,0.8728806660086875,-0.8955823293172692,1.9790866414524,2.922361906307696,7.846250123853104,0.021816268662172254,-0.8975346710802311,-1.04275725198406,-0.6833046070720995,1.3396249176717074,2.3593838607970508,Biotechnology,Healthcare,VRTX
2021Q1,2021,Q1,2021-04-30,2021-03-31,653138000.0,1724305000.0,887826000.0,2.49,1531976000.0,0.8884599882271408,12115059000.0,8980254000.0,8539307000.0,1944050000.0,3134805000.0,298863000.0,1511807000.0,55735804410.0,50330271410.0,34.62346695248854,4.392534657030426,0.07418841294953661,0.10008592184586315,0.06553582327108436,34.62346695248854,0.07273045951706934,32.32363439762687,21.33385456442589,6.206484182964089,0.0,0.6435356668440054,0.0,0.14232741252023617,4.064462848177773,0.05391125210368352,65.56158466538608,0.8884599882271408,0.08260869565217409,15.748877252075841,3.0720638679939123,7.820875361900359,0.07528291543806181,0.08101425048411924,0.19044720243714064,2.0327799332242846,1.6271874727457112,2.651616272109283,Biotechnology,Healthcare,VRTX
2020Q4,2020,Q4,2021-02-11,2020-12-31,604190000.0,1627820000.0,745792000.0,2.3,1424719000.0,0.8752312909289724,11751808000.0,8686815000.0,8133379000.0,1877533000.0,3064993000.0,280777000.0,858669000.0,61457380920.0,56401132920.0,33.40594451580154,4.331949957737095,0.0793017551001514,0.10728201302778982,0.04806099053159357,33.40594451580154,0.06955253450200102,37.75440830067206,25.429658269749584,7.074788736723414,0.0,0.7233534085769133,0.0,0.13851655847338554,4.018171185273442,0.051412514567971156,138.46648684332072,0.8752312909289724,-0.09090909090909091,8.657193653712053,2.6395178973113076,7.635633208464838,0.05371687810491765,-0.09475693476808193,0.1094116544513054,4.805139515431947,1.4165858797217719,3.1425545589111823,Biotechnology,Healthcare,VRTX
2020Q3,2020,Q3,2020-10-30,2020-09-30,667434000.0,1538271000.0,672241000.0,2.53,1352089000.0,0.8789667100270369,11301633000.0,8133473000.0,7458456000.0,2004026000.0,3168160000.0,245460000.0,254479000.0,70857871040.0,66046298040.0,31.235494946081293,3.7217361451398334,0.048357082556122644,0.0671931904120171,0.06519774395699143,31.235494946081293,0.0820601482294218,46.0633211183205,26.541152773158093,8.711883722980332,0.0,0.7585024036502892,0.0,0.13611050721608106,3.464513434456439,0.05905642131539752,96.67450851555284,0.8789667100270369,-0.20440251572327053,7.518327703829091,3.6138248358691185,7.19611350100184,0.009047997522323345,-0.20284496040703714,-0.06377422764691873,7.230906355080384,1.5571649364662812,3.364549848591586,Biotechnology,Healthcare,VRTX
2020Q2,2020,Q2,2020-07-31,2020-06-30,837270000.0,1524485000.0,718033000.0,3.18,1339965000.0,0.8789624036969862,10216367000.0,7519242000.0,6694320000.0,1798640000.0,2697125000.0,219218000.0,-412955000.0,75375217470.0,71065952470.0,28.9605949845361,3.7218787528354755,0.05110104208276778,0.06943080166857245,0.08512008835512788,28.9605949845361,0.11135031961998297,49.44306927913361,22.506245736142464,10.02431062466137,0.0,0.8417192018903558,0.0,0.14921987434476464,3.470698416581417,0.08195379042275987,73.84927000390923,0.8789624036969862,0.38864628820960706,5.111170432996924,7.5119413014657885,6.790778139335167,-0.009348592720739903,0.3890764542026336,-0.0030421091216066114,43.35422696210971,1.67092665636884,3.289158881384047,Biotechnology,Healthcare,VRTX
2020Q1,2020,Q1,2020-05-01,2020-03-31,602753000.0,1515107000.0,720224000.0,2.29,1352610000.0,0.8927488289605948,8893201000.0,6461654000.0,5446400000.0,1538750000.0,2431547000.0,187087000.0,-1250225000.0,61822979250.0,58762519250.0,24.87021149664184,3.539496344435418,0.059928028164437076,0.0824791918601646,0.08770707850246766,24.87021149664184,0.09328153441827743,40.804365137247736,25.64192100661465,9.567670947717101,0.0,0.8685638232480076,0.0,0.17036689039188477,3.2725686433793664,0.06777683311104742,77.64286911866655,0.8927488289605948,0.02690582959641258,3.7975355843531187,9.083096285160083,5.09984409156896,0.10124705577759631,0.03346684178220063,0.3060194209967994,1.3037134310586078,1.007344162280253,3.079090853681988,Biotechnology,Healthcare,VRTX
2019Q4,2019,Q4,2020-02-13,2019-12-31,583234000.0,1413265000.0,551465000.0,2.23,1228253000.0,0.8690889535932751,8318465000.0,6085244000.0,4822829000.0,1334827000.0,2233221000.0,167502000.0,-1852978000.0,56489756850.0,54033595850.0,23.58594279911474,3.6130742036233907,0.07851941433906376,0.10733521942587676,0.06427879637647403,23.58594279911474,0.09584397930469181,39.97110014753072,24.21401909439436,9.28307177986618,0.0,1.104536065241012,0.0,0.1698949265279111,3.3276312211245354,0.07011317592849162,131.60198405580005,0.8690889535932751,9.136363636363635,4.04903700539261,8.02891855668143,4.227756647526309,0.5016896641945241,9.14002573107549,4.551679703623167,15.84219454760776,1.9311263576931874,4.0054937771934105,Biotechnology,Healthcare,VRTX
2019Q3,2019,Q3,2019-10-31,2019-09-30,57518000.0,949828000.0,99333000.0,0.22,817914000.0,0.8611180129455017,7514553000.0,5253394000.0,4777094000.0,1388894000.0,2261159000.0,162306000.0,-2436212000.0,43531791320.0,40738389320.0,20.445517735243982,3.4394950226583165,0.08044909657300973,0.11507589189008097,0.012510888251642425,20.445517735243982,0.010948731429624353,45.831236097482915,189.2094271358531,8.286412806654136,0.0,0.8127487585178613,0.0,0.1263984697426447,3.196533356757247,0.007654214428988657,140.19990892050834,0.8611180129455017,-0.7864077669902912,1.310830610896754,3.876920312042708,3.1767647180757144,0.015344738335031959,-0.7849207447265983,-0.6320454882204771,2.4115483649745917,1.1880372613359391,3.901899869135561,Biotechnology,Healthcare,VRTX
2019Q2,2019,Q2,2019-08-01,2019-06-30,267427000.0,941293000.0,269960000.0,1.03,805553000.0,0.8557941044924375,7033471000.0,5069965000.0,4710968000.0,1259220000.0,1963506000.0,143017000.0,-2493730000.0,46579043360.0,43896322360.0,19.79264426868212,3.7411794603008213,0.0870072543129843,0.12070359460075168,0.03506343505417418,19.79264426868212,0.052747306934071536,49.48410681902447,43.543699177719525,9.1872514622882,0.0,0.9491179370284651,0.0,0.1338305084360197,3.5070297485745145,0.03802205198542796,104.1126070037171,0.8557941044924375,0.0,2.531525404285532,5.206990369299604,2.9476251365275625,0.055296242973342256,-0.004481984581079622,-0.024739169388167972,4.955696716938583,1.081522409372463,3.9308865670246846,Biotechnology,Healthcare,VRTX
2019Q1,2019,Q1,2019-05-01,2019-03-31,268631000.0,858435000.0,276808000.0,1.03,763343000.0,0.889226324648925,6543114000.0,4723313000.0,4183039000.0,1106468000.0,1819801000.0,136698000.0,-2761157000.0,47572054750.0,45302034750.0,18.47244959815405,3.7805331921031606,0.09534680276088725,0.13208207882899142,0.03889651697997568,18.47244959815405,0.056873427613202854,55.41718912905462,44.27267771590026,10.071755725271649,0.0,0.6956356347569094,0.0,0.13119670542191378,3.5394896192208,0.041055527994774355,155.08766214713947,0.889226324648925,-0.8274706867671692,2.052534913968824,5.600725851672257,2.495060736779195,0.020761763907480038,-0.8267485829011685,1.1672695385289926,7.153269970615605,1.0563817539210012,3.706148455840636,Biotechnology,Healthcare,VRTX
2018Q4,2018,Q4,2019-02-13,2018-12-31,1550527000.0,870106000.0,127722000.0,5.97,747817000.0,0.8594550549013569,6245898000.0,4435203000.0,3843109000.0,1120292000.0,1810695000.0,124360000.0,-2989478000.0,42234176280.0,40175409280.0,17.401961015113706,3.4304529533371655,0.09468086094265388,0.13333482142756486,1.0669467809783264,17.401961015113706,0.34959549765816805,48.539116245606856,6.809648635592931,9.522490014549504,0.0,0.9833467352846574,0.0,0.1393083908831044,3.2533518047080583,0.24824724963488037,141.31901303968118,0.8594550549013569,10.94,30.76986769760136,1.2483481193997463,1.9669951911112509,0.11070728374524715,11.043302316188464,-0.3789320638563766,21.049194875475102,0.9848658007122464,3.498509310624132,Biotechnology,Healthcare,VRTX
2018Q3,2018,Q3,2018-10-25,2018-09-30,128746000.0,784535000.0,205649000.0,0.5,673280000.0,0.8581898831792081,4620840000.0,2906116000.0,3686611000.0,992508000.0,1686359000.0,124150000.0,-4540005000.0,48832150850.0,46941889850.0,11.40078068299955,3.714439581343425,0.12725846382908734,0.20234601784650028,0.04740446862169764,11.40078068299955,0.044301741568471456,62.24343190552366,94.82265633495409,16.803235263148476,0.0,0.8961337092227144,0.0,0.16978190112620217,3.4615741132565176,0.027862033742782698,135.48078119277764,0.8581898831792081,-0.37500000000000006,1.9378901788118417,2.1999900371490786,1.0776044608967839,0.03937323916483347,-0.3791184413580247,0.18956142481981514,2.28443133454546,1.4037530932463906,1.9915355155790977,Biotechnology,Healthcare,VRTX
2018Q2,2018,Q2,2018-07-26,2018-06-30,207360000.0,752157000.0,172878000.0,0.8,647775000.0,0.8612231223002644,4335386000.0,2686228000.0,3407423000.0,927300000.0,1620503000.0,115025000.0,-4668751000.0,43192784600.0,41640160600.0,10.570082829991934,3.674563787339588,0.1367202366755809,0.2206569956087123,0.042519858076673335,10.570082829991934,0.07719374528148765,57.42522452094443,52.07463421103395,16.079344195652787,0.0,0.9074722886329059,0.0,0.17349251024014933,3.409030518710234,0.04782965115447621,147.8744110568282,0.8612231223002644,-0.012345679012345689,4.169472151810834,1.1148984953281416,0.7748219427444295,0.13807261598141907,-0.013806518503017649,0.34116880396583427,2.0402243995223017,3.290580626775862,1.8434902765925425,Biotechnology,Healthcare,VRTX
2018Q1,2018,Q1,2018-04-27,2018-03-31,210263000.0,640799000.0,128901000.0,0.81,569186000.0,0.8882442076220468,3952974000.0,2401056000.0,3041116000.0,827312000.0,1522153000.0,117346000.0,-4876111000.0,41271588380.0,39870820380.0,9.48168273236689,3.675899781460924,0.15055120524445645,0.24785969173563632,0.038009356364593946,9.48168273236689,0.08757105207042234,64.4064494170559,49.07138723883897,17.188932028240906,0.0,0.6102721865253183,0.0,0.16210554382599027,3.3896655675247067,0.05319109106207124,184.76120468443625,0.8882442076220468,1.076923076923077,1.5807119290907654,0.6600920321537004,1.7375854605378631,0.0028260233763579535,1.0883457153072982,0.025163635206820585,2.001259030605604,3.3754203840193635,1.325544613923736,Biotechnology,Healthcare,VRTX
2017Q4,2017,Q4,2018-02-15,2017-12-31,100684000.0,651634000.0,125737000.0,0.39,567582000.0,0.8710134830288168,3546014000.0,2028579000.0,2648963000.0,807260000.0,1503708000.0,111830000.0,-5119723000.0,37698332020.0,36639353020.0,8.064092829855658,3.2814248197606717,0.17101821933021133,0.2989447292907991,0.03525194019352144,8.064092829855658,0.04963277249739843,57.8520028420862,93.6055679651186,18.58361543720999,0.0,0.7516051149065546,0.0,0.1837652079207809,3.0636585486708126,0.02839357092216782,203.87725732395205,0.8710134830288168,1.9512195121951221,2.128000874951704,0.6644568772115046,0.7320310353858497,0.12327747773065421,1.97797031626389,1.3856454516735524,1.5398444885038607,3.2697674018342484,0.7873830720529629,Biotechnology,Healthcare,VRTX
2017Q3,2017,Q3,2017-10-30,2017-09-30,-102952000.0,578165000.0,-326043000.0,-0.41,505291000.0,0.8739563965304022,3198325000.0,1791077000.0,2327974000.0,710739000.0,1395081000.0,98192000.0,-5220407000.0,38050746720.0,37252971720.0,7.156636086115684,3.275427407247949,0.18359328711122228,0.32784240990197516,-0.0767646315711565,7.156636086115684,-0.05748049916335255,65.81295429505418,-92.39924119978242,21.244618025914015,0.0,0.7421582206289719,0.0,0.18077118491710506,2.9205390445719175,-0.03218934911242603,-2129.904658270361,0.8739563965304022,-6.857142857142856,-0.5281909633062432,0.4697386138219303,0.4885701113233607,0.06842661704692027,-6.7208268504112025,-7.185952530024475,0.42879587958810356,2.047817982297063,0.4620116492852781,Biotechnology,Healthcare,VRTX
2017Q2,2017,Q2,2017-07-28,2017-06-30,17996000.0,544135000.0,52707000.0,0.07,472930000.0,0.8691409301000671,3285594000.0,1671273000.0,2180572000.0,625406000.0,1418363000.0,92263000.0,-5117455000.0,31898031270.0,31243445270.0,6.75204528100646,3.4866502719833194,0.17304146525711941,0.3401861933986847,0.01647541961302265,6.75204528100646,0.010767839844238493,58.62153926874765,443.12668467992887,19.086068685367383,0.0,0.7717611610287981,0.0,0.16561236720057318,3.06456765685011,0.005477243993019223,194.56425451063154,0.8691409301000671,-0.9292929292929293,1.236647415037195,0.11068646054914522,0.37506396665651265,-0.29173468318032736,-0.9273640194384798,-0.805395765797033,1.1066556896482442,2.7132312368729057,0.3466893716899094,Biotechnology,Healthcare,VRTX
2017Q1,2017,Q1,2017-04-28,2017-03-31,247756000.0,714718000.0,270842000.0,0.99,667730000.0,0.934256587912995,2946703000.0,1500008000.0,1871814000.0,489796000.0,1263910000.0,82020000.0,-5135451000.0,26902724400.0,26447445400.0,6.096998666796735,3.821619613063398,0.1861063025354099,0.3655980501437326,0.1026587022613097,6.096998666796735,0.1651697857611426,37.6410338063404,27.146390400232484,17.93505394637895,0.0,0.5728846622774932,0.0,0.24254836676787583,3.300837491527085,0.08407905377637312,105.69444590681758,0.934256587912995,6.615384615384615,1.287175883220314,0.37738040349870733,0.3630179416503027,0.676769858170276,6.520291394748824,5.832542885973764,2.008902790616928,4.711678575095559,0.1535763321095114,Biotechnology,Healthcare,VRTX
2016Q4,2016,Q4,2017-02-23,2016-12-31,32945000.0,458706000.0,39640000.0,0.13,398224000.0,0.8681464816243956,2896787000.0,1156582000.0,1831540000.0,792537000.0,1558596000.0,77604000.0,-5373836000.0,18082596180.0,17739412180.0,4.712011211876767,2.310983588147935,0.2902391511698996,0.7269359198050809,0.02135028453853645,4.712011211876767,0.028484793987801987,39.42088435730076,137.21806176961604,15.634512883652002,0.0,0.7793670429359312,0.0,0.1583499235532333,2.067856768832244,0.011372945266600548,139.1654058921315,0.8681464816243956,1.7647058823529413,-0.8239898439197861,-0.30992763776616233,0.24571629698959183,0.10708189465841549,1.8482016425941659,3.116729855289155,-0.2990762399905305,0.23075330275908593,-0.1966126924454947,Biotechnology,Healthcare,VRTX
2016Q3,2016,Q3,2016-10-31,2016-09-30,-38841000.0,413783000.0,-18727000.0,-0.17,359706000.0,0.8693107256702185,2609641000.0,1021546000.0,1501901000.0,722841000.0,1401300000.0,71799000.0,-5406781000.0,21359473200.0,21460096200.0,4.170937448962927,2.0777750570319062,0.31434017169411427,0.8030132759562467,-0.00802238172096788,4.170937448962927,-0.03802178267057969,51.61998728802295,-137.48019618444425,20.908968563334394,0.0,0.7531720497499965,0.0,0.1585593573982015,1.8132203347624167,-0.014883656410977601,412.5600834411759,0.8693107256702185,0.34615384615384615,-1.1477505833280577,-0.47203804136212896,0.4820244451365575,-0.06897783391483503,0.3980472685005812,-6.585147628988965,0.70551529073151,0.7565602490509729,-0.23991536272523778,Biotechnology,Healthcare,VRTX
2016Q2,2016,Q2,2016-08-01,2016-06-30,-64525000.0,431608000.0,3353000.0,-0.26,386356000.0,0.8951548627458249,2548982000.0,981354000.0,1454150000.0,622855000.0,1380137000.0,66589000.0,-5367940000.0,21030341640.0,21245109640.0,4.0140133015927555,2.334652527474292,0.3219457807077492,0.8362262751259993,0.00289162474805003,4.0140133015927555,-0.06575099301577209,48.72556032325629,-81.48137016660209,21.429924002959176,0.0,0.679571701031702,0.0,0.16932563666593173,2.0242143034895763,-0.02531402732541854,843.1698195814289,0.8951548627458249,-0.5294117647058822,0.6900667279768838,2.1537987929411577,1.6679212126148353,0.11203663461234029,-0.5499267372871178,1.2339846475924634,-0.025197552489096487,0.2615024661694137,-0.32600727915579897,Biotechnology,Healthcare,VRTX
2016Q1,2016,Q1,2016-05-03,2016-03-31,-41631000.0,398080000.0,-14330000.0,-0.17,347431000.0,0.8727667805466238,2487906000.0,957079000.0,1402835000.0,552041000.0,1371708000.0,63200000.0,-5303415000.0,19382126190.0,19602375190.0,3.925173583342561,2.541179006631754,0.3314007844347817,0.8614691159245997,-0.007314030702871586,3.925173583342561,-0.04349797665605452,48.68902278436495,-116.3923890250054,20.251333683008404,0.0,0.8014082278481013,0.0,0.16000604524447468,2.187330288873471,-0.016733349250333412,-714.9174206041828,0.8727667805466238,0.4516129032258064,0.8038282044653737,3.4843145432918377,1.027656932188456,-0.020078973346495558,0.43536639947918787,0.7331669894235067,0.8805894540018251,0.07104729490104657,0.1332902012387337,Biotechnology,Healthcare,VRTX
2015Q4,2015,Q4,2016-02-16,2015-12-31,-73731000.0,417935000.0,-53704000.0,-0.31,354550000.0,0.8483376601624655,2498875000.0,939967000.0,1407153000.0,506349000.0,1405247000.0,57207000.0,-5261784000.0,30575054210.0,30686812210.0,3.868383905311807,2.779018029066908,0.33075924165874643,0.8793138482521194,-0.02295038854194462,3.868383905311807,-0.07843998778680528,73.15743886010982,-103.67096001003648,32.52779534813456,0.0,1.1079937769853339,0.0,0.1672492621679756,2.4326146590592654,-0.029505677554899704,-1071.2677975543954,0.8483376601624655,0.20512820512820515,0.659663955887569,4.311087261769358,0.553032101278903,0.27602067257860186,0.22509958065770527,0.23308485419701253,0.1448299796558608,0.1051746688336365,-0.16913642710297347,Biotechnology,Healthcare,VRTX
2015Q3,2015,Q3,2015-10-30,2015-09-30,-95149000.0,309816000.0,-70026000.0,-0.39,277856000.0,0.8968419965398817,2433993000.0,922147000.0,1359452000.0,374959000.0,1357261000.0,49197000.0,-5188053000.0,25198651660.0,25263383660.0,3.8110129810016984,3.625601732456082,0.33729842279743616,0.8902940637447175,-0.03130201827852058,3.8110129810016984,-0.1031820306306912,81.33424890902988,-66.20839856435695,27.326068034705965,0.0,0.6496331077098197,0.0,0.12728713681592346,3.123280145295886,-0.03909173115945691,-451.4188506117769,0.8968419965398817,0.5,0.6219585612565949,9.809615265838675,0.17764601645678207,0.8621059403817285,0.49616093366093367,0.5908835970180646,-0.4608063935551633,-0.18541249771394422,-0.20731472871865547,Biotechnology,Healthcare,VRTX
2015Q2,2015,Q2,2015-08-04,2015-06-30,-188848000.0,166076000.0,-171164000.0,-0.78,149216000.0,0.8984802138779836,2374073000.0,894964000.0,1294689000.0,373823000.0,1325857000.0,42113000.0,-5092904000.0,29728674360.0,29682598360.0,3.717291709067649,3.463374377713517,0.34727954869121547,0.9212292338015831,-0.08811822133106317,3.717291709067649,-0.21101183958237427,179.00644500108385,-39.355294151910535,33.21773206520039,0.0,0.4003514354237409,0.0,0.0699540410088485,2.971911840630459,-0.07954599542642539,-273.66154262516915,0.8984802138779836,0.06024096385542161,0.2140739967502624,3.3714934749324197,-0.09938026244563498,0.18235844122914058,0.049132453198795605,0.004773672122568829,-1.5531204136688683,-0.6514823153400016,-0.242968068198736,Biotechnology,Healthcare,VRTX
2015Q1,2015,Q1,2015-05-04,2015-03-31,-198606000.0,138509000.0,-171985000.0,-0.83,126202000.0,0.9111465680930481,2165827000.0,976458000.0,1358203000.0,302438000.0,1168290000.0,34089000.0,-4904056000.0,28252989210.0,28422017210.0,4.077188059776278,4.490847710935795,0.3850293675348955,0.8540121541325895,-0.07331165103921397,4.077188059776278,-0.203394308818198,203.97944689514762,-35.56411841787257,28.93415713732695,0.0,0.36102555076417614,0.0,0.06395201463459455,4.170990417870771,-0.0916998449091271,-129.75621827049815,0.9111465680930481,-0.12162162162162159,0.0018080024590881696,4.129634917192354,-0.18121786666061598,-0.033149721517823624,-0.12425278507381578,-0.11951179820992677,-2.8834426381698144,-0.7257909243342654,-0.08852194650763161,Biotechnology,Healthcare,VRTX
2014Q4,2014,Q4,2015-02-13,2014-12-31,-176656000.0,144556000.0,-153625000.0,-0.74,130529000.0,0.9029649409225491,2334679000.0,1075006000.0,1546511000.0,368254000.0,1238496000.0,30848000.0,-4705450000.0,28306713600.0,28506401600.0,4.51167573193661,4.199576922450265,0.3533449352137917,0.7673882750421858,-0.06394007335768115,4.51167573193661,-0.16433024559862922,195.81832369462353,-40.05908885064758,26.331679637136908,0.0,0.45471343360995853,0.0,0.061916863089101326,4.011261249029203,-0.07566607657840757,-207.30533007191715,0.9029649409225491,-0.027777777777777804,0.07029978993064792,2.561357376502281,-0.18134401755211435,-0.20796951511805004,-0.03878631071386569,-0.0803217934924017,-1.9722405093197803,-0.7759765716169401,0.19275352567918866,Biotechnology,Healthcare,VRTX
2014Q3,2014,Q3,2014-11-06,2014-09-30,-170060000.0,178987000.0,-142203000.0,-0.72,164803000.0,0.9207540212417662,2406086000.0,1155905000.0,1650096000.0,372178000.0,1250181000.0,16753000.0,-4528794000.0,26520546470.0,26630219470.0,4.8950609180264,4.4336204719247245,0.34422543500107644,0.7165260120857683,-0.05764203601026151,4.8950609180264,-0.1471228171865335,148.17023845307202,-38.98704349935317,22.943534693595062,0.0,0.8466543305676595,0.0,0.07438927785623622,4.277644030544525,-0.0706791029082086,-273.56280849966475,0.9207540212417662,-0.058823529411764594,0.13936745968130482,4.428435388988652,0.43725229847595803,0.36064761684596397,-0.06699627310486755,0.21363121077225095,-1.6709670380245676,-0.7631291134253314,0.7393212028992491,Biotechnology,Healthcare,VRTX
2014Q2,2014,Q2,2014-07-31,2014-06-30,-159382000.0,138421000.0,-180835000.0,-0.68,121121000.0,0.8750189638855376,2117820000.0,1172269000.0,1347384000.0,362973000.0,945551000.0,11982000.0,-4358734000.0,22136941440.0,22254411440.0,5.013810476972559,3.7120777578497575,0.2540480305219518,0.45896291721439364,-0.08078223223906647,5.013810476972559,-0.13596026168055284,159.9247328078832,-34.72308893099597,18.883841029661284,0.0,1.4438324152896012,0.0,0.06536013447790652,3.5842969036264405,-0.07525757618683362,-158.55022840403663,0.8750189638855376,0.31999999999999995,0.3132829495181656,4.358907595145911,0.1867359854412147,0.17621752852634134,0.3143592148225263,0.16430208699188495,0.19948959176174236,0.0576305860934668,2.332438216444832,Biotechnology,Healthcare,VRTX
2014Q1,2014,Q1,2014-05-05,2014-03-31,-232457000.0,118451000.0,-216388000.0,-1.0,102975000.0,0.8693468185156732,2197108000.0,1230878000.0,1430330000.0,373500000.0,966230000.0,11261000.0,-4199352000.0,16469768640.0,16586901640.0,5.285301455212185,3.8295314591700134,0.24631379067392226,0.4396682693166991,-0.0938677549677841,5.285301455212185,-0.18885462247273896,139.04288389291776,-17.712704543205838,13.380504517913229,0.0,1.3743006837758636,0.0,0.05391223371814221,3.7056439089692104,-0.10580135341548981,-86.09933001547405,0.8693468185156732,-6.263157894736842,0.043644746439814246,2.3059561537043933,0.16540414430958025,-0.6869042515346937,-6.249113695382183,0.21072942275005288,-0.14684843469307893,0.3970376611432388,1.7302685873170056,Biotechnology,Healthcare,VRTX
2013Q4,2013,Q4,2014-02-11,2013-12-31,44285000.0,351157000.0,-274162000.0,0.19,328893000.0,0.9365981597974695,2319041000.0,1356405000.0,1588576000.0,397829000.0,962636000.0,14147000.0,-3966895000.0,17182915200.0,17120200200.0,5.8651800539643,3.9931126187382016,0.2184454694850156,0.3734754737707396,-0.06275479282323203,5.8651800539643,0.03264880327040965,48.93228726751852,97.0018922885853,12.667982792749953,0.0,1.5737612214603802,0.0,0.15142336853897798,3.89763692440722,0.019096255736746354,1194.5853170189098,0.9365981597974695,1.3518518518518516,1.2096914563282628,6.212876598738935,2.8269002202453,0.692175899486008,1.3567573228498695,-1.0449931003617647,1.2147778434744188,3.688684719027785,1.3546817292564144,Biotechnology,Healthcare,VRTX
2013Q3,2013,Q3,2013-11-07,2013-09-30,-124132000.0,221700000.0,-134065000.0,-0.54,194361000.0,0.8766847090663058,2582748000.0,1264888000.0,1648631000.0,409499000.0,1135692000.0,13537000.0,-4011180000.0,17476889100.0,17340087100.0,5.48746448016312,4.025970759391353,0.17283103113428022,0.352900019606479,-0.061774268742820784,5.48746448016312,-0.09813675202863811,78.83125439783491,-35.19819446234653,13.816945927228339,0.0,2.019575976952057,0.0,0.0858388042503566,3.767850470941321,-0.04806198669014553,-542.1880343736427,0.8766847090663058,-1.076923076923077,0.419798140434268,3.2632482229737283,1.1973665116226235,-0.287582609715599,-1.1714685559345754,-1.354785449563522,0.48227598428014723,7.1199146967383555,0.6956884475931688,Biotechnology,Healthcare,VRTX
2013Q2,2013,Q2,2013-08-02,2013-06-30,-57165000.0,310750000.0,-56933000.0,-0.26,272819000.0,0.8779372485921159,2584329000.0,1322453000.0,1716590000.0,381652000.0,1074880000.0,19509000.0,-3887048000.0,17859722790.0,17726327790.0,5.955573669349209,4.49778856130716,0.15394789130950431,0.30084396194042434,-0.02611719864223244,5.955573669349209,-0.04322648895650734,57.47296151246983,-78.10602112306482,13.504996238051563,0.0,1.9442821261981649,0.0,0.12024397822413478,4.1806724450546575,-0.022119861673958695,-6546.819204545454,0.8779372485921159,0.8181818181818181,0.6089271757329137,1.7970062601509815,2.4435217558840017,-0.04483501094091904,0.8144089917406888,0.8701013945168473,0.7420581833059074,7.868626676436293,0.44290726014081566,Biotechnology,Healthcare,VRTX
2013Q1,2013,Q1,2013-05-08,2013-03-31,-308016000.0,328368000.0,-438288000.0,-1.43,285625000.0,0.8698320177361984,2392234000.0,746115000.0,1565783000.0,407639000.0,1454274000.0,21532000.0,-3829883000.0,11632734000.0,11993513000.0,3.463520269611598,3.84110205353266,0.3092832891765605,0.991640698819887,-0.16942249422118685,3.463520269611598,-0.4128264409641945,35.4259063002485,-9.441663744740532,15.591073762087614,0.0,1.985091956158276,0.0,0.13726416395720487,3.516366196561173,-0.1287566350114579,-141.19966013230564,0.8698320177361984,-3.0857142857142863,-0.9996156083190111,3.9184223152862714,0.5307654243149371,0.1597618960609715,-3.0449650680254243,-4.657080902473024,-0.7210749456808051,12.519918621706204,-0.30445481698668775,Biotechnology,Healthcare,VRTX
2012Q4,2012,Q4,2013-03-01,2012-12-31,-76148000.0,333994000.0,-77476000.0,-0.35,246279000.0,0.737375521715959,2759288000.0,999180000.0,1589585000.0,432624000.0,1563436000.0,30464000.0,-3521867000.0,8992033300.0,9199534300.0,4.655859314933809,3.6742876030918303,0.25256805378778874,0.6974799335455073,-0.03757660003786188,4.655859314933809,-0.07621049260393523,26.92273903124008,-29.521567539528284,8.999412818511178,0.0,2.879300157563025,0.0,0.12104354456656935,3.385075723954288,-0.027596974291918784,718.6153040837529,0.737375521715959,-0.2962962962962961,0.44357829991480613,3.104132467441537,1.3077390218708944,-0.17208794164117389,-0.3233234276975479,-71.33986928104575,0.5550592685592465,8.135813514103504,-0.1551815094720486,Biotechnology,Healthcare,VRTX
2012Q3,2012,Q3,2012-11-06,2012-09-30,-57543000.0,336006000.0,-1071000.0,-0.27,297470000.0,0.8853115718171699,2718823000.0,1027733000.0,1634523000.0,406731000.0,1454077000.0,86275000.0,-3445719000.0,12065009480.0,12028123480.0,4.807725233548677,4.0186831099670295,0.14712248645829465,0.38920614595425074,-0.0038837954206591458,4.807725233548677,-0.05599022314161363,35.90712511086112,-52.417363884399485,11.739439601530748,0.0,0.446664734859461,0.0,0.12358509546226437,3.535926693564051,-0.02116467309567412,142.67143002424172,0.8853115718171699,0.12903225806451607,0.673037808567954,3.982389082946212,0.8824314506384244,-0.021100295509441164,0.11378232277340561,0.9005571030640669,0.678314513699894,10.257024098505383,0.4116094279669661,Biotechnology,Healthcare,VRTX
2012Q2,2012,Q2,2012-08-08,2012-06-30,-64931000.0,418305000.0,-10770000.0,-0.31,303882000.0,0.726460357872844,2604856000.0,1037773000.0,1593305000.0,379710000.0,1361249000.0,87805000.0,-3388176000.0,11818356480.0,11764295480.0,4.910349950791128,4.196110189355034,0.15355935222522857,0.38544074667581446,-0.01792372207948957,4.910349950791128,-0.06256763280601828,28.252964894036648,-45.50352096841262,11.388190365330376,0.0,1.303149023404134,0.0,0.1605866120814356,3.7106001948855707,-0.02492690574834079,114.89526239038712,0.726460357872844,-1.7209302325581395,0.6627647637445336,5.698532015792195,0.5310636607422321,-0.2393936815125924,-1.7089311060159407,-1.1175135571582886,0.6905003986591771,16.91582393826325,0.16224755891290996,Biotechnology,Healthcare,VRTX
2012Q1,2012,Q1,2012-05-10,2012-03-31,91590000.0,438737000.0,91649000.0,0.43,399526000.0,0.9106275513576471,2345843000.0,930498000.0,1436114000.0,356815000.0,1240266000.0,129595000.0,-3323245000.0,8530818180.0,8662895180.0,4.47316097645396,4.024813979232936,0.17051439503837212,0.4298773345025997,0.06885815552723633,4.47316097645396,0.09843116266773276,19.444036358912058,23.285342777595805,9.168013450861796,0.0,0.3025656854045295,0.0,0.18702743533987568,3.3997870044701037,0.03904353360391126,-2633.7814695893794,0.9106275513576471,-0.4027777777777778,1.6858855673550102,2.854610516731286,0.12213834808157253,-0.2507196936308755,-0.4226150325602506,-0.590673598270672,1.4218606409838088,12.709037013561973,-0.013672089605710048,Biotechnology,Healthcare,VRTX
2011Q4,2011,Q4,2012-02-22,2011-12-31,158629000.0,563340000.0,223902000.0,0.72,533213000.0,0.9465207512337133,2204280000.0,786843000.0,1331254000.0,392348000.0,1238768000.0,112430000.0,-3414835000.0,6908277780.0,6832957780.0,3.782571700525916,3.3930439303883286,0.18146514961801585,0.5083606259444388,0.16837417529499912,3.782571700525916,0.20160184433235093,12.263069868995633,10.88747609201344,8.779741041097145,0.0,0.26796228764564617,0.0,0.2555664434645326,2.936314190463568,0.0719640880468906,13.974919346029203,0.9465207512337133,-0.2941176470588236,4.507101536246292,2.613254879865431,-0.05979802391347297,-0.14107900527389117,-0.28257880692867804,0.0379913493767008,1.8350525179040496,11.864262042831266,1.4680443465758903,Biotechnology,Healthcare,VRTX
2011Q3,2011,Q3,2011-11-03,2011-09-30,221110000.0,659200000.0,215707000.0,1.02,620794000.0,0.9417384708737864,2091998000.0,579762000.0,1245825000.0,548949000.0,1361152000.0,67654000.0,-3573464000.0,9158848920.0,9114719920.0,2.814351316977505,2.2694731204538128,0.2382487937368965,0.8596907006668254,0.22783275379242002,2.814351316977505,0.38138063550215434,13.893884890776699,10.355534485097916,15.79760129156447,0.0,0.5676826203919946,0.0,0.3151054637719539,2.011746082058625,0.10569321767994042,278.29987602552416,0.9417384708737864,2.2,3.337281761271391,5.773744965655223,-0.37478012322726767,4.905686942293423,2.2702434092227795,2.3003014045451806,2.1564121919700447,13.184075647482992,0.1269615244386177,Biotechnology,Healthcare,VRTX
2011Q2,2011,Q2,2011-08-09,2011-06-30,-174069000.0,114424000.0,-165890000.0,-0.85,105118000.0,0.9186709082010767,1763100000.0,307549000.0,827124000.0,478968000.0,1313920000.0,52622000.0,-3794574000.0,10627431870.0,10663900870.0,1.5045471667653232,1.7268878087888961,0.28056491407180534,1.6084071156140973,-0.2357011613028502,1.5045471667653232,-0.5659878588452572,92.87764690973921,-15.263245997276941,34.55524768410888,0.0,0.17684618600585306,0.0,0.06489932505246442,1.4395679878405239,-0.09872894333843797,-37.07769661510121,0.9186709082010767,0.022988505747126457,-0.19000424772870653,1.0435907628342764,-0.06696168953077118,0.4806186264014874,0.01151076685444303,-0.03746740129706878,-0.29359103547202425,0.1187873820514789,-0.1300685392955321,Biotechnology,Healthcare,VRTX
2011Q1,2011,Q1,2011-05-06,2011-03-31,-176096000.0,73662000.0,-159899000.0,-0.87,70996000.0,0.9638076620238386,1538487000.0,391672000.0,872974000.0,416195000.0,1146815000.0,17816000.0,-3620505000.0,9697628970.0,9743192970.0,1.9358174063035947,2.097511983565396,0.3198597063218604,1.2564084233746604,,1.9358174063035947,-0.4496006862885271,131.65036205913498,-13.767531587883882,24.759566601646274,0.0,0.14964077233947015,0.0,0.047879507594149315,1.9919653047249486,-0.11446050567863102,-50.64617851659199,0.9638076620238386,0.024204221718746543,-0.8669484897937264,0.0007348682782261938,-0.10702659316283304,0.136390556222489,0.023814803317220277,0.04041792191269489,-0.2171739108831244,0.17473091263158352,-0.14443048612824544,Biotechnology,Healthcare,VRTX
2010Q4,2010,Q4,2011-02-17,2010-12-31,-180392000.0,65524000.0,-166634000.0,-0.89158,62475000.0,0.9534674317807216,1725446000.0,503973000.0,1057039000.0,474783000.0,1221473000.0,0.0,-3444409000.0,7087584870.0,7381378870.0,2.4908589475557137,2.226362359225162,0.31121866462352343,1.0655154145162538,,2.4908589475557137,-0.35793981026761357,108.16776860387034,-9.82247670351235,14.063421790453061,0.0,0.0,0.0,0.037975109044270296,2.1987729130992473,-0.10454804149188093,-39.25965551622713,0.9534674317807216,0.14271153846153845,-1.5121579580286009,-0.4542582184449165,0.11891613425003303,2.037633101570477,0.1367027665979125,0.16511012686133436,-0.3981333003464725,-0.14597840009071777,0.23462759555747215,Biotechnology,Healthcare,VRTX
2010Q3,2010,Q3,2010-10-28,2010-09-30,-208957000.0,23795000.0,-199588000.0,-1.04,20567000.0,0.8643412481613785,1888829000.0,650096000.0,1226439000.0,311567000.0,1238733000.0,0.0,-3264017000.0,6944663590.0,6861987590.0,3.236127773325302,3.9363571880205543,0.2579508256173534,0.7494662326794812,,3.236127773325302,-0.3214248357165711,291.8539016600126,-8.308723313887548,10.682520104722995,0.0,0.0,0.0,0.012597752364030835,3.877095456194013,-0.11062780166971177,-39.7246515844869,0.8643412481613785,-0.040000000000000036,-0.2363951613116524,-0.6905527985373434,1.296157330764225,-0.2792612839921503,-0.04475365739027829,-0.1770034144586697,-0.26342884865309546,-0.6245387297621293,0.26708337162928375,Biotechnology,Healthcare,VRTX
2010Q2,2010,Q2,2010-08-03,2010-06-30,-200006000.0,31622000.0,-169573000.0,-1.0,28536000.0,0.90240971475555,1654202000.0,827135000.0,1004555000.0,292376000.0,827067000.0,0.0,-3055060000.0,6593061300.0,6341860300.0,4.1274819483325595,3.4358326264809698,0.052234854026291834,0.10446541374745356,,4.1274819483325595,-0.24180575117725644,208.49602491935994,-8.241079392618222,7.970961572173829,0.0,0.0,0.0,0.019116165982147285,3.3610590472542206,-0.12090784559564068,-55.603394533325464,0.90240971475555,-0.20481927710843378,-1.0033539810711027,-0.5983239461926978,1.761792236512573,0.4970097576329871,-0.21016996327244344,-0.05796658389588351,-0.09552573948705571,-0.4659589721105878,0.28696277959646793,Biotechnology,Healthcare,VRTX
2010Q1,2010,Q1,2010-05-03,2010-03-31,-165271000.0,22429000.0,-160282000.0,-0.83,19062000.0,0.8498818493914129,1770302000.0,990612000.0,1126768000.0,211540000.0,779690000.0,0.0,-2855054000.0,8130473449.999999,7859242449.999999,4.979576243496619,5.326500898175286,0.07078792206075574,0.1265036159465058,,4.979576243496619,-0.16683726827456158,362.49825895046587,-12.29869948448306,8.20752570128365,0.0,0.0,0.0,0.012669589708422632,5.202604708329394,-0.09335751753090715,-40.73954988675766,0.8498818493914129,-0.04079150312864427,-0.47556141057571655,-0.686948920642075,47.580824622358904,-0.36968454467297135,-0.041772774261869344,-0.09244201500828114,-0.294165977731928,-0.7939484575594659,0.24917781618786555,Biotechnology,Healthcare,VRTX
2009Q4,2009,Q4,2010-02-19,2009-12-31,-158644000.0,33889000.0,-146719000.0,-0.79747,30242000.0,0.8923839593968544,1955488000.0,1096346000.0,1307026000.0,284883000.0,859142000.0,0.0,-2689783000.0,8524364750.0,8231542750.0,5.511076482268077,4.587939610296156,0.07866885401495688,0.14031701670822896,,5.511076482268077,-0.14470249355586648,251.53780725309096,-13.43316600375684,7.775250468374036,0.0,0.0,0.0,0.017330200952396537,4.544019825682824,-0.0811275753162382,-77.56120968108822,0.8923839593968544,0.05063095238095233,-0.4810065675994868,-0.6603306491843763,11.35105620139355,0.4234878795010591,-0.06070270450974493,0.010213650131886961,-2.6675760066590986,-0.7727120139219883,0.36984184550209864,Biotechnology,Healthcare,VRTX
2009Q3,2009,Q3,2009-11-09,2009-09-30,-149565000.0,24957000.0,-148233000.0,-0.84,21245000.0,0.8512641743799335,1573491000.0,608744000.0,914066000.0,231366000.0,964747000.0,0.0,-2531139000.0,6774056500.0,6477763500.0,3.405846644473662,3.950736063207213,0.16704258238528216,0.4317742762146321,,3.405846644473662,-0.24569441341516302,271.42911808310294,-11.322930665596898,11.127923232097565,0.0,0.0,0.0,0.015860910548582737,3.88806479776631,-0.09505297456420152,-256.7097354858269,0.8512641743799335,0.15151515151515155,-0.6994946798601712,-0.5901726686314186,2.608492686748454,0.34487560929290373,0.12686737070701765,0.05684399396819943,-0.8221934994560927,-0.7044262553626195,-0.2433769705583395,Biotechnology,Healthcare,VRTX
2009Q2,2009,Q2,2009-08-10,2009-06-30,-171297000.0,19064000.0,-157167000.0,-0.99,15797000.0,0.828629878304658,1439876000.0,729057000.0,782756000.0,183680000.0,710819000.0,0.0,-2381574000.0,6207091110.0,5942142110.0,4.224874393699692,4.261520034843206,0.10000861185268732,0.19751542060497326,,4.224874393699692,-0.23495693752340352,325.5922739194293,-9.058960621026637,8.513862578646114,0.0,0.0,0.0,0.013240029002497437,4.187314895470383,-0.11896649433701235,-50.607749712599166,0.828629878304658,0.04807692307692312,-0.7671245409488165,-0.5304325457362973,2.0187743224347114,-0.22575111503210313,-0.05302080259663618,0.029192120721711255,-0.3871954766321428,-0.5966782300576763,1.620037279866235,Biotechnology,Healthcare,VRTX
2009Q1,2009,Q1,2009-05-11,2009-03-31,-162672000.0,23979000.0,-161893000.0,-1.04,20403000.0,0.8508695108219693,1565883000.0,706851000.0,902173000.0,179299000.0,859032000.0,0.0,-2210277000.0,4477857800.0,4163158800.0,4.535166174772232,5.031667772826396,0.18360247860153026,0.40673352658481066,,4.535166174772232,-0.23013619560558024,186.740806539055,-6.881727955640799,6.3349387636149626,0.0,0.0,0.0,0.015313404641342936,4.940841834031422,-0.10388515617067176,-23.305425267255828,0.8508695108219693,-0.13885238720981166,-1.0156082834448736,-0.31395355816740744,1.2544766719245728,-0.2865086026017625,-0.14290531995615885,-0.1411925590182077,-1.238819669993895,-0.5771074282889869,1.0920272627323995,Biotechnology,Healthcare,VRTX
2008Q4,2008,Q4,2009-02-17,2008-12-31,-142332000.0,32811000.0,-141863000.0,-0.9132,28596000.0,0.871536984547865,980479000.0,238874000.0,867581000.0,216564000.0,741605000.0,0.0,-2047605000.0,4735026800.0,4633411800.0,1.5326190170665983,4.006118283740603,0.2932240262157578,1.2035633848807321,,1.5326190170665983,-0.595845508510763,144.312175794703,-8.316869713065227,19.822277853596454,0.0,0.0,0.0,0.03346425573622688,3.9507489702813023,-0.14516578121509996,-45.60057397652089,0.871536984547865,0.018064516129032298,-0.7381794701757947,0.5503606751225106,-0.37935466556665237,0.04307860660222506,-0.09449109532158347,-0.08600759408396362,-1.5730941934412028,-0.6452440137185087,-0.31153381947337805,Biotechnology,Healthcare,VRTX
2008Q3,2008,Q3,2008-11-05,2008-09-30,-130044000.0,31609000.0,-130628000.0,-0.93,27415000.0,0.8673162706824006,1067554000.0,349893000.0,953018000.0,180463000.0,717661000.0,0.0,-1905273000.0,4657223160.0,4401847160.0,2.4972913945570947,5.280960640131218,0.26930722005631563,0.8216797706727486,,2.4972913945570947,-0.3716679099038849,147.33851624537314,-8.953168081572391,13.310421071584743,0.0,0.0,0.0,0.02960880667394811,5.220089436615816,-0.12181491521740352,-33.75141796993898,0.8673162706824006,-0.4090909090909091,0.1722990528961143,-0.052607862869973904,-0.16786107044935783,-0.5827753089425945,-0.42403171231151654,-0.42792492430122103,-0.10325649147345521,-0.41061726936731924,0.7719244554965465,Biotechnology,Healthcare,VRTX
2008Q2,2008,Q2,2008-08-11,2008-06-30,-91321000.0,69409000.0,-91481000.0,-0.66,65708000.0,0.9466783846475241,970805000.0,239925000.0,857628000.0,182894000.0,730880000.0,0.0,-1775229000.0,4643125750.0,4380993750.0,1.7295008109569292,4.689207956521264,0.29614598194282066,1.1982911326456185,-0.1734483575863867,1.7295008109569292,-0.3806231113889757,66.89515408664582,-12.711002261254256,19.352404918203604,0.0,0.0,0.0,0.07149633551537127,4.633432480015747,-0.09406729466782722,49.29531532009767,0.9466783846475241,0.08333333333333326,-0.10340892378560787,1.185237309383288,-0.5765352428981596,0.7246646893619255,0.050263119579008676,0.07347877167395885,-0.32136199012873656,0.273617087252714,0.1572484077544396,Biotechnology,Healthcare,VRTX
2008Q1,2008,Q1,2008-05-12,2008-03-31,-96154000.0,41675000.0,-98736000.0,-0.72,38099000.0,0.9141931613677264,889505000.0,304255000.0,783938000.0,173323000.0,585250000.0,0.0,-1683908000.0,3212512190.0,3009316190.0,2.2626068074157253,4.522988870490356,0.3232134726617613,0.9449310611164977,,2.2626068074157253,-0.3160309608716373,77.08487558488302,-8.352518329970673,10.558617574074379,0.0,0.0,0.0,0.04685190077627444,4.468350997847948,-0.10809832434893564,-28.933991930036296,0.9141931613677264,-0.12907525600213268,-3.6509134041677407,0.04742154642780591,-0.5680703507854893,-0.1948647506339814,-0.12131636948840246,-0.07616514801412565,-0.27001997983511594,-0.13947504991545398,22.16527305375294,Biotechnology,Healthcare,VRTX
2007Q4,2007,Q4,2008-02-11,2007-12-31,-85751000.0,50992000.0,-91748000.0,-0.63769,47320000.0,0.9279887041104486,601477000.0,271295000.0,496851000.0,199279000.0,330182000.0,0.0,-1587754000.0,3123761330.0,2788095330.0,2.017498196637193,2.4932431415251983,0.03324649155329298,0.0737094306935255,,2.017498196637193,-0.3160802816122671,61.2598315422027,-9.10706968431855,11.514260601927791,0.0,0.0,0.0,0.08477797156000978,2.4698588411222455,-0.14256737996631624,-53.959360349622564,0.9279887041104486,0.2223292682926829,-0.518768114692592,-0.3382196619295432,-0.5927976979741599,0.2634839260920645,0.19883587304849906,0.19374313458412057,-0.18428189510829987,-0.24389481330688978,3.5214820903049846,Biotechnology,Healthcare,VRTX
2007Q3,2007,Q3,2007-11-09,2007-09-30,-107033000.0,41014000.0,-113795000.0,-0.82,37452000.0,0.9131516067684206,655148000.0,332035000.0,543279000.0,185708000.0,323113000.0,0.0,-1502003000.0,5067633880.0,4833651880.0,2.553997507807332,2.9254474766838263,0.030522874220786752,0.06022557862875902,,2.553997507807332,-0.32235457105425636,123.55863558784806,-11.836615529789878,15.262348487358258,0.0,0.0,0.0,0.06260264856185167,2.8927563702156074,-0.1633722456605225,-70.8066770993433,0.9131516067684206,0.09890109890109898,-0.8699318861540453,-0.3006860849265507,-0.5246349904444658,0.07636154619916655,0.09114607657493186,0.09413309982486866,-0.6720672508365108,-0.0740514101491586,1.7059589849268697,Biotechnology,Healthcare,VRTX
2007Q2,2007,Q2,2007-08-09,2007-06-30,-117767000.0,38196000.0,-125620000.0,-0.91,34795000.0,0.9109592627500261,761070000.0,414585000.0,637657000.0,202902000.0,346485000.0,0.0,-1394970000.0,3691922640.0,3585303640.0,3.2071494325785763,3.142684645789593,0.08159433429250923,0.14978593050882208,,3.2071494325785763,-0.28405996357803587,96.65731071316368,-7.837345436327664,8.905104236766887,0.0,0.0,0.0,0.05018723639087075,3.1057160599698377,-0.15473872311351125,-45.30577918492067,0.9109592627500261,-0.421875,-2.2793178239323546,-0.4718691171238913,-0.4443232434073118,-0.4691109381913611,-0.4588123079972253,-0.4173690327093841,-0.6217888350460831,0.25590022080861263,1.291585371086287,Biotechnology,Healthcare,VRTX
2007Q1,2007,Q1,2007-05-10,2007-03-31,-80728000.0,68810000.0,-88629000.0,-0.64,65541000.0,0.9524923702950152,835095000.0,501299000.0,706540000.0,174588000.0,333796000.0,0.0,-1277203000.0,3526198240.0,3237096240.0,3.986282960653965,4.046898985039063,0.0781060837389758,0.13011396392173133,,3.986282960653965,-0.1610376242521928,51.24543293125999,-10.919997522544842,7.0341218314818095,0.0,0.0,0.0,0.08239781102748789,4.0050805324535474,-0.09666924122405235,-47.68935015755805,0.9524923702950152,-1.9433406916850628,-1.1864760912722112,0.010588471551895268,-0.33435453722162267,-0.28037814157251556,-1.952311293153891,-1.5371139037586237,-0.23971963093694332,1.439944586692246,0.9816213113593647,Biotechnology,Healthcare,VRTX
