Quarters,Year,Quarter,FillingDate,Date,NetIncome,Revenue,OperatingIncome,EPSDiluted,GrossProfit,GrossProfitRatio,TotalAssets,CommonStockEquity,CurrentAssets,CurrentLiability,TotalLiability,Inventory,RetainedEarnings,MarketCap,EnterpriseValue,bookValuePerShare,currentRatio,debtToAssets,debtToEquity,roic,shareholdersEquityPerShare,roe,priceToSalesRatio,peRatio,pbRatio,payoutRatio,inventoryTurnover,dividendYield,assetTurnover,quickRatio,returnOnAssets,priceToFreeCashFlowsRatio,grossProfitMargin,epsdilutedGrowth,fiveYNetIncomeGrowthPerShare,fiveYRevenueGrowthPerShare,fiveYShareholdersEquityGrowthPerShare,grossProfitGrowth,netIncomeGrowth,operatingIncomeGrowth,threeYNetIncomeGrowthPerShare,threeYRevenueGrowthPerShare,threeYShareholdersEquityGrowthPerShare,Industry,Sector,Symbol
2023Q1,2023,Q1,2023-05-10,2023-03-31,-342139000.0,1006564000.0,69522000.0,-1.84,490690000.0,0.4874901149,12298908000.0,10318866000.0,4856536000.0,788449000.0,1980042000.0,0.0,-3842965000.0,12420055143.869999,13007850143.869999,55.3577285781491,6.159607025945876,0.09940874425599411,0.11848385277994694,0.006089839936962316,55.3577285781491,-0.03315664725174258,12.339061543895866,-9.075299179478224,1.2036259743919533,0.0,0.0,0.0,0.08184173749409297,5.734005623699186,-0.02781864861498273,-108.49389085903718,0.487490114885889,-0.48387096774193555,-6.323153356785362,2.9594632290719267,13.45609607749194,0.019844453404608203,-0.4913085928986758,1.3242902855650194,-1.6959979722144232,1.0605810520199954,0.8107599015993218,Internet Content & Information,Communication Services,TWLO
2022Q4,2022,Q4,2023-02-27,2022-12-31,-229422000.0,1024574000.0,-214382000.0,-1.24,481142000.0,0.4696020004,12564304000.0,10559042000.0,4984086000.0,808158000.0,2005262000.0,0.0,-3375836000.0,9063509569.92,9639202569.92,57.03868819598577,6.167217301567268,0.09769303576226746,0.1162458677595941,-0.018570162315966737,57.03868819598577,-0.021727539297599158,8.846124896708291,-9.87646081230222,0.8583647616819784,0.0,0.0,0.0,0.08154641912516603,5.818881951301602,-0.018259825613897912,-122.31787052174148,0.46960200044115896,0.5285171102661597,-5.108245577770165,3.4785225052942335,13.780442725300494,0.041263864091327165,0.5243434433485996,0.2525660335257858,-0.8913476428825707,1.3013920489542257,0.8357333325119988,Internet Content & Information,Communication Services,TWLO
2022Q3,2022,Q3,2022-11-04,2022-09-30,-482327000.0,983030000.0,-286824000.0,-2.63,462075000.0,0.4700517787,12612656000.0,10530888000.0,4962272000.0,864173000.0,2081768000.0,0.0,-3146414000.0,12700503874.960001,13308325874.960001,57.328874782323794,5.742220597033233,0.09836278734629725,0.11780734919980157,-0.024030401978396326,57.328874782323794,-0.045801170803449816,12.919752067546261,-6.582932261183802,1.2060240195280778,0.0,0.0,0.0,0.07793996760079716,5.43443847470356,-0.03824150916349419,-86.2975985415605,0.4700517786842721,-0.4858757062146892,-9.317603388743441,3.905179572226101,13.882376938072294,0.03769686652937755,-0.4943411542000626,0.08050369306524416,-3.0822424137448032,1.4738465062350483,0.8251199528595565,Internet Content & Information,Communication Services,TWLO
2022Q2,2022,Q2,2022-08-05,2022-06-30,-322769000.0,943354000.0,-311936000.0,-1.77,445289000.0,0.4720274679,12869229000.0,10841995000.0,5104391000.0,795320000.0,2027234000.0,0.0,-2664087000.0,15282574481.84,15729314481.84,59.45775707029944,6.4180342503646335,0.09677075448731233,0.11486493030111156,-0.025470642250329183,59.45775707029944,-0.02977025907132405,16.200254074122757,-11.837083550340957,1.4095721757702342,0.0,0.0,0.0,0.07330307044812086,6.116027510938993,-0.025080678881384426,-194.74201643610786,0.47202746794946543,-0.4390243902439025,-21.626581560669532,3.9037419797387707,14.087970368897725,0.04756381875027937,-0.4563613639132416,-0.43216043487842504,-1.472366870397189,1.4322824102304341,0.7893346953781837,Internet Content & Information,Communication Services,TWLO
2022Q1,2022,Q1,2022-05-05,2022-03-31,-221627000.0,875363000.0,-217808000.0,-1.23,425071000.0,0.4855939764,12890802000.0,10917433000.0,5831190000.0,719822000.0,1973369000.0,0.0,-2341318000.0,29813916889.53,29459638889.53,60.3510816575019,8.100877716991144,0.09795697738589113,0.11566308673476632,-0.01726262871289322,60.3510816575019,-0.020300284874658722,34.05891828821871,-33.630736428244305,2.7308541201516876,0.0,0.0,0.0,0.06790601546746276,7.8214447460622205,-0.01719264635357831,-856.5986751768423,0.4855939764417733,0.24539877300613494,-6.630804698685458,3.9076876123858635,14.828682205955754,0.07193094387298353,0.2394301912174498,0.2482950937353323,-2.9131080997150223,1.4199199092714352,1.114601376629644,Internet Content & Information,Communication Services,TWLO
2021Q4,2021,Q4,2022-02-22,2021-12-31,-291396000.0,842744000.0,-289752000.0,-1.63,396547000.0,0.4705426559,12998598000.0,11031466000.0,5932228000.0,703550000.0,1967132000.0,0.0,-2119691000.0,47120661791.28,46928196791.28,61.65079491684038,8.43184990405799,0.09900967781294567,0.11666509238210043,-0.02309087031984464,61.65079491684038,-0.026414984191584327,55.91337558176623,-40.42665461372153,4.271477770160375,0.0,0.0,0.0,0.06483345357707039,8.167290171274251,-0.022417494563644478,-801.8763812480643,0.47054265589550326,-0.29365079365079355,-10.445619786973554,4.0925821281287,15.58248460726664,0.08757730757099955,-0.3002422928128723,-0.24707654565409198,-2.4331934711458416,1.2918865778749304,12.986087503666537,Internet Content & Information,Communication Services,TWLO
2021Q3,2021,Q3,2021-10-28,2021-09-30,-224109000.0,740176000.0,-232345000.0,-1.26,364615000.0,0.4926058126715808,12976847000.0,11081749000.0,5905805000.0,617073000.0,1895098000.0,0.0,-1828295000.0,56545641479.25,56337887479.25,62.52704763721597,9.570674782400138,0.0993880871062131,0.11638451655961528,-0.017190932877644293,62.52704763721597,-0.02022325176287606,76.3948594378229,-63.07828052337256,5.102591791173938,0.0,0.0,0.0,0.057038200419562625,9.302051783176383,-0.017269911558639783,-692.1724196595792,0.4926058126715808,0.038167938931297746,-8.425650417904187,3.89764724267819,18.84781999747632,0.10073449721808801,0.01643164671959553,-0.14866468255930074,-3.581085269733366,1.4237670345348532,13.11036187585958,Internet Content & Information,Communication Services,TWLO
2021Q2,2021,Q2,2021-07-30,2021-06-30,-227853000.0,668931000.0,-202274000.0,-1.31,331247000.0,0.49518859194745046,12533585000.0,10694112000.0,6373688000.0,583285000.0,1839473000.0,0.0,-1604186000.0,68350176827.920006,67815231827.920006,61.670523494507755,10.927227684579579,0.10090145796274569,0.11825731767163089,-0.016621888510300244,61.670523494507755,-0.021306397389516774,102.17821692808377,-74.99372054342054,6.3913840464659435,0.0,0.0,0.0,0.053371082575336584,10.675283952098889,-0.018179395599902184,21643.501212134262,0.49518859194745046,-0.05645161290322586,-1.8997248293318332,0.4508150421700624,4.599025041753706,0.1104343220338983,-0.10317998276379622,-0.02500772781862683,-4.27366046058451,1.5154708633429415,12.828844749483201,Internet Content & Information,Communication Services,TWLO
2021Q1,2021,Q1,2021-05-06,2021-03-31,-206542000.0,589988000.0,-197339000.0,-1.24,298304000.0,0.5056102835989884,12242181000.0,10247196000.0,6093975000.0,499924000.0,1994985000.0,0.0,-1376333000.0,56961597668.08,56137888668.08,61.301554940702545,12.189802850033205,0.12318597478668221,0.14716855225566097,-0.016454001629218003,61.301554940702545,-0.020155952906531698,96.54704446205686,-68.94674892767573,5.558749697778787,0.0,0.0,0.0,0.04819304664748871,11.931637608916555,-0.01687134016397895,-5218.653015857078,0.5056102835989884,-0.09734513274336293,-12.75266535934181,3.2819751751206363,37.59344836013435,0.05736191208736677,-0.1516077412448216,-0.06502204640268551,-3.929740783846767,1.5879641578807207,15.008264621468621,Internet Content & Information,Communication Services,TWLO
2020Q4,2020,Q4,2021-02-26,2020-12-31,-179351000.0,548090000.0,-185291000.0,-1.13,282121000.0,0.514734806327428,9487433000.0,8452665000.0,3372335000.0,448306000.0,1034768000.0,0.0,-1169791000.0,53612532779.5,53285876779.5,53.3686239795419,7.522395417415783,0.06400350864137855,0.07183876327761718,-0.018224009184541427,53.3686239795419,-0.021218278495598725,97.81702417394953,-74.7312989326795,6.342678052365733,0.0,0.0,0.0,0.05777010493776346,7.340874313526921,-0.018904059717733974,47277.36576675485,0.514734806327428,-0.43037974683544283,-8.869568473882099,3.852743561139957,31.944006100423785,0.22196955915347766,-0.5340421164274595,-0.6504052730025831,-4.581264018522626,1.800210277320509,12.829418505337085,Internet Content & Information,Communication Services,TWLO
2020Q3,2020,Q3,2020-10-29,2020-09-30,-116914000.0,447969000.0,-112270000.0,-0.79,230874000.0,0.5153794124146983,6723702000.0,5762268000.0,3569020000.0,326347000.0,961434000.0,0.0,-990440000.0,36446040621.75,35798364621.75,39.065939010952974,10.936273353209927,0.0713038739670497,0.08320092019322947,-0.017446799710562757,39.065939010952974,-0.02028958042215322,81.35839895561969,-77.93343958326206,6.324947159998459,0.0,0.0,0.0,0.06662535014193074,10.732560740561427,-0.01738833755570964,-3290.5417679442035,0.5153794124146983,-0.11267605633802827,-5.33468490493667,3.9397367279683486,0.0,0.1039683260731312,-0.1700409315172683,-0.09378044503331905,-2.114584841985978,1.783764493229651,9.14138219192829,Internet Content & Information,Communication Services,TWLO
2020Q2,2020,Q2,2020-08-04,2020-06-30,-99923000.0,400849000.0,-102644000.0,-0.71,209131000.0,0.5217201489837819,5290569000.0,4321590000.0,2160682000.0,296366000.0,968979000.0,0.0,-873526000.0,31073940266.219997,31111206266.219997,30.515707685478837,7.29058663949306,0.09695856910664996,0.11869844200861257,-0.020347243158618154,30.515707685478837,-0.023121813961990843,77.52031379951053,-77.74471409540345,7.190395263368344,0.0,0.0,0.0,0.07576670864702832,7.078686489003462,-0.018887004403496107,-1814.3247659379924,0.5217201489837819,-0.0441176470588234,-4.304485569300472,4.368898535097666,0.0,0.08058490712274266,-0.054140160985747594,-0.10731854664710451,-8.019306750306223,1.6829605360071997,6.743650551770311,Internet Content & Information,Communication Services,TWLO
2020Q1,2020,Q1,2020-05-07,2020-03-31,-94791000.0,364868000.0,-92696000.0,-0.68,193535000.0,0.5304247015358979,5166265000.0,4256525000.0,2077657000.0,277037000.0,909740000.0,0.0,-773603000.0,12459835347.06,12615172347.06,30.5715454209337,7.499565040048802,0.096947214283433,0.11766758094924851,-0.018955038574885723,30.5715454209337,-0.022269574359365916,34.148884931153184,-32.86133532471437,2.927231802247138,0.0,0.0,0.0,0.07062510343546063,7.2779159462454475,-0.01834807157588703,21118.36499501695,0.5304247015358979,-0.030303030303030328,-3.8057694925278525,3.8012947745560606,0.0,0.10787681034976243,-0.05035070417853225,0.011759187198157764,-3.2404549867440173,1.657799302399126,7.01820387841797,Internet Content & Information,Communication Services,TWLO
2019Q4,2019,Q4,2020-03-02,2019-12-31,-90247000.0,331224000.0,-93799000.0,-0.66,174690000.0,0.5274074342438954,5150516000.0,4279411000.0,2061331000.0,247222000.0,871105000.0,0.0,-678812000.0,13535964645.84,13774574645.84,31.07133655297015,8.337975584697155,0.09557683152522971,0.11503218550403314,-0.01918080513032068,31.07133655297015,-0.021088649816528488,40.86649713136729,-37.49699337883808,3.1630438501560145,0.0,0.0,0.0,0.06430889642901799,8.117238757068545,-0.017521933724698652,-695.4716459867441,0.5274074342438954,-0.03125000000000003,-4.710981115997308,2.3724137352335557,18.180076693409916,0.10450044890681706,-0.028643399366266215,0.009158515200811273,-3.605311273314698,1.600367063030243,7.357393620176779,Internet Content & Information,Communication Services,TWLO
2019Q3,2019,Q3,2019-10-31,2019-09-30,-87734000.0,295066000.0,-94666000.0,-0.64,158162000.0,0.536022449214752,5110168000.0,4284486000.0,2068424000.0,216228000.0,825682000.0,0.0,-588490000.0,14998625260.439999,15148928260.439999,31.41101750189198,9.565939656288732,0.09410727788205789,0.1122431022064257,-0.018632046366852468,31.41101750189198,-0.020477135413676226,50.83142503860153,-42.73891894943807,3.500682523047105,0.0,0.0,0.0,0.057740958809964764,9.309474258652903,-0.017168515790478903,-9626.845481668804,0.536022449214752,0.11111111111111106,-4.140494402667753,2.5184669282430674,0.0,0.054307902543079024,0.05233368258460342,-0.009964579866000939,-3.7945033241093538,1.5368531886378867,8.970728586648637,Internet Content & Information,Communication Services,TWLO
2019Q2,2019,Q2,2019-08-02,2019-06-30,-92579000.0,275039000.0,-93732000.0,-0.72,150015000.0,0.5454317387715923,5109105000.0,4296860000.0,2059513000.0,201781000.0,812245000.0,0.0,-500756000.0,17697454327.260002,17639854327.260002,33.228974559023335,10.206674563016339,0.09361933254454548,0.11131640314089823,-0.01853066746457702,33.228974559023335,-0.021545733396014764,64.34525404491727,-47.79014227648819,4.118694657787315,0.0,0.0,0.0,0.05383310775566366,9.956646066775365,-0.018120394863679647,-1171.706457048464,0.5454317387715923,-1.3225806451612903,-4.382402165670141,3.03445172851538,0.0,0.19012296707655693,-1.5362025039037888,-0.07014659542403069,-0.5799645776537885,-0.20005922220226477,2.0168360851410263,Internet Content & Information,Communication Services,TWLO
2019Q1,2019,Q1,2019-05-09,2019-03-31,-36503000.0,233139000.0,-87588000.0,-0.31,126050000.0,0.5406645820733553,4120073000.0,3327513000.0,1063127000.0,182339000.0,792560000.0,0.0,-408177000.0,14885110794.710001,14979768794.710001,28.54016947330869,5.83049704122541,0.11465525004047258,0.14196428383600604,-0.009105110865512826,28.54016947330869,-0.01097005481270847,63.84650699672728,-101.94443466776704,4.473344144623928,0.0,0.0,0.0,0.05658613330394874,5.616165493942601,-0.008859794474515379,-869.6097911263656,0.5406645820733553,0.3404255319148936,-1.2100340844555426,2.663634207690783,0.0,0.16697835465772956,0.22594257602103568,-0.9912246800190966,-2.484796284590256,1.4259745201782204,16.96795461098949,Internet Content & Information,Communication Services,TWLO
2018Q4,2018,Q4,2019-03-01,2018-12-31,-47158000.0,204302000.0,-43987000.0,-0.47,108014000.0,0.5286977122103552,1028710000.0,438235000.0,872948000.0,137810000.0,590475000.0,0.0,-371674000.0,8878019184.4,9086428184.4,4.408008665802946,6.3344314636093175,0.4223697640734512,0.9914680479651329,-0.05072834387906532,4.408008665802946,-0.10760893128116193,43.45537089406858,-47.065286825141015,20.2585808627791,0.0,0.0,0.0,0.1986001885857044,6.139285973441695,-0.04584187963566019,-821.962705712434,0.5286977122103552,-0.6785714285714283,-3.1342122699298636,1.8817155718495777,1.721026954575411,0.1758033614908996,-0.7429775280898876,-0.757160548076539,-3.1342122699298636,1.8817155718495777,1.721026954575411,Internet Content & Information,Communication Services,TWLO
2018Q3,2018,Q3,2018-11-08,2018-09-30,-27056000.0,168895000.0,-25033000.0,-0.28,91864000.0,0.5439118979247461,1003797000.0,434353000.0,850749000.0,125427000.0,569444000.0,0.0,-324516000.0,8209143928.75,8445010928.75,4.4312859009086845,6.782821880456361,0.4271560883326011,0.9871648175562273,-0.02909287384324389,4.4312859009086845,-0.06229034909393972,48.6050145282572,-75.8532666391004,18.899705835461017,0.0,0.0,0.0,0.1682561314688129,6.581613209277109,-0.026953656964505773,-640.1890297707245,0.5439118979247461,-0.1200000000000001,-1.2059934540757933,1.8025590092379582,0.0,0.15097601924474402,-0.12705157044072315,-0.14004007650970035,-1.2059934540757933,1.8025590092379582,0.0,Internet Content & Information,Communication Services,TWLO
2018Q2,2018,Q2,2018-08-08,2018-06-30,-24006000.0,147754000.0,-21958000.0,-0.25,79814000.0,0.5401816532885743,985848000.0,429671000.0,884030000.0,122835000.0,556177000.0,0.0,-297460000.0,5397434903.12,5628159903.12,4.45955715113603,7.196890137175886,0.4291726513620761,0.9847045762920933,-0.025910932485162744,4.45955715113603,-0.055870654524042815,36.529873324038604,-56.209227933849874,12.561785419821211,0.0,0.0,0.0,0.14987503144500977,7.019318598119429,-0.02435060983031867,-1304.6736531592942,0.5401816532885743,0.0,-0.8731537098107196,1.908837404194556,0.0,0.1478413438030316,-0.01167347970837372,0.09477676546976131,-0.8731537098107196,1.908837404194556,0.0,Internet Content & Information,Communication Services,TWLO
2018Q1,2018,Q1,2018-05-10,2018-03-31,-23729000.0,129116000.0,-24257000.0,-0.25,69534000.0,0.5385389881966604,482795000.0,362540000.0,382109000.0,109304000.0,120255000.0,0.0,-273454000.0,3614636406.2599998,3496899406.2599998,3.8293691658801836,3.495837297811608,0.0,0.0,-0.06729702016440538,3.8293691658801836,-0.06545208804545705,27.995263222683477,-38.082477203632685,9.97031060368511,0.0,0.0,0.0,0.26743441833490406,3.3422198638659153,-0.04914922482627202,325.96594880151497,0.5385389881966604,-0.24999999999999994,-0.7692302995102732,1.4986864292541489,0.0,0.1547812801009732,-0.254241767535282,-0.19977247996834505,-0.7692302995102732,1.4986864292541489,0.0,Internet Content & Information,Communication Services,TWLO
2017Q4,2017,Q4,2018-03-01,2017-12-31,-18919000.0,115236000.0,-20218000.0,-0.2,60214000.0,0.5225276823214967,449782000.0,359846000.0,353265000.0,78527000.0,89936000.0,0.0,-250438000.0,2200627807.6,2085341807.6,3.8590649316849976,4.4986437785729745,0.0,0.0,-0.05560612966498397,3.8590649316849976,-0.052575268309221164,19.096704220903188,-29.079599973571543,6.115471083741379,0.0,0.0,0.0,0.2562041166609602,4.253135864097699,-0.04206259921473069,-1143.7774467775466,0.5225276823214967,0.19999999999999996,-0.7683392939534507,0.7329925543247041,1.382168569684253,0.15158353733170135,0.19332281584445488,0.15867005118388747,-0.7683392939534507,0.7329925543247041,1.382168569684253,Internet Content & Information,Communication Services,TWLO
2017Q3,2017,Q3,2017-11-14,2017-09-30,-23453000.0,100542000.0,-24031000.0,-0.25,52288000.0,0.5200612679278311,443548000.0,355000000.0,347615000.0,75999000.0,88548000.0,0.0,-231519000.0,2750879524.8,2658973524.8,3.852131619893614,4.573941762391611,0.0,0.0,-0.06893330459068947,3.852131619893614,-0.06606478873239437,27.360501330787134,-29.323322440625933,7.7489564078873245,0.0,0.0,0.0,0.2266767069178533,4.226305609284332,-0.05287590069169515,-299.69272522061226,0.5200612679278311,-2.1249999999999996,-1.0338777802878643,0.7744808298195494,0.0,-0.023329659861404263,-2.299057532705022,-2.399009900990099,-1.0338777802878643,0.7744808298195494,0.0,Internet Content & Information,Communication Services,TWLO
2017Q2,2017,Q2,2017-08-11,2017-06-30,-7109000.0,95870000.0,-7070000.0,-0.08,53537000.0,0.5584332950870972,437947000.0,358108000.0,345644000.0,67401000.0,79839000.0,0.0,-208066000.0,2645321908.5499997,2553137908.5499997,3.940739252302973,5.128173172504859,0.0,0.0,-0.02126844686475565,3.940739252302973,-0.01985155316273303,27.592801799833104,-93.02721580215221,7.386938880309851,0.0,0.0,0.0,0.2189077673782444,4.844675895016395,-0.016232557820923536,-206.87588242355514,0.5584332950870972,0.5,0.4118743584011738,1.0011097677521927,0.0,0.06890148943816636,0.5003162999929711,0.5208403930870891,0.4118743584011738,1.0011097677521927,0.0,Internet Content & Information,Communication Services,TWLO
2017Q1,2017,Q1,2017-05-10,2017-03-31,-14227000.0,87372000.0,-14755000.0,-0.16,50086000.0,0.5732500114453143,429766000.0,337860000.0,341714000.0,79600000.0,91906000.0,0.0,-200957000.0,2558251651.48,2439811651.48,3.81276728360836,4.292889447236181,0.0,0.0,-0.04358003934679557,3.81276728360836,-0.04210915763925886,29.27999417982878,-44.9541655211921,7.571928169892855,0.0,0.0,0.0,0.20330133142221582,4.00106783919598,-0.03310406127985927,-413.42140457013573,0.5732500114453143,-0.12454315434354804,-0.13331458712592206,0.8064926009356903,0.0,0.048987370934299536,-0.12841053299492386,-0.15093603744149767,-0.13331458712592206,0.8064926009356903,0.0,Internet Content & Information,Communication Services,TWLO
2016Q4,2016,Q4,2017-02-22,2016-12-31,-12608000.0,81952000.0,-12820000.0,-0.14228,47747000.0,0.5826215345568138,412694000.0,329447000.0,353380000.0,73704000.0,83247000.0,0.0,-186730000.0,2556479395.4,2250814395.4,3.7178261507219657,4.794583740366873,0.0,0.0,-0.03895385975593614,3.7178261507219657,-0.03827019217051605,31.19483838588442,-50.691612377062185,7.759910988413918,0.0,0.0,0.0,0.19857812325839483,4.502713556930424,-0.030550480501291513,-397.0305009162914,0.5826215345568138,-0.09446153846153835,-0.24008580029961765,0.29689911212136194,1.2949830491535723,0.18631981713377063,-0.12031277767904745,-0.1369279886484569,-0.24008580029961765,0.29689911212136194,1.2949830491535723,Internet Content & Information,Communication Services,TWLO
2016Q3,2016,Q3,2016-11-07,2016-09-30,-11254000.0,71533000.0,-11276000.0,-0.13,40248000.0,0.5626494065675982,340566000.0,264274000.0,299843000.0,66250000.0,76292000.0,0.0,-174122000.0,5399025308.36,5146800308.36,3.1503231914218475,4.525932075471698,0.0,0.0,-0.04311221399711914,3.1503231914218475,-0.042584590235891534,75.47600839276977,-119.93569638261951,20.429649940440605,0.0,0.0,0.0,0.21004151911817387,4.250218867924528,-0.0330449898110792,-727.2394003717671,0.5626494065675982,0.7111111111111111,-0.072164112770257,0.3869414848291786,0.0,0.10854656126917674,-0.02364926323449154,-0.03897539850732516,-0.072164112770257,0.3869414848291786,0.0,Internet Content & Information,Communication Services,TWLO
2016Q2,2016,Q2,2016-06-30,2016-06-30,-10994000.0,64510000.0,-10853000.0,-0.45,36307000.0,0.562811967136878,336551000.0,267233000.0,301166000.0,59567000.0,69318000.0,0.0,-162868000.0,885559459.5,624173459.5,11.014511104095998,5.055920224285258,0.0,0.0,-0.04103426305098085,11.014511104095998,-0.04114012865177579,13.727475732444582,-20.137335353374567,3.3138102685671305,0.0,0.0,0.0,0.19167971570430634,4.773901656957712,-0.03266666864754524,-172.45559094449854,0.562811967136878,-4.0,-2.4066600237727385,4.043438015027019,0.0,0.11669178482453173,-0.6997526283240569,-0.7048382029531888,-2.4066600237727385,4.043438015027019,0.0,Internet Content & Information,Communication Services,TWLO
2016Q1,2016,Q1,2016-03-31,2016-03-31,-6468000.0,59340000.0,-6366000.0,-0.09,32513000.0,0.5479103471520054,167254000.0,114351000.0,135996000.0,52507000.0,52903000.0,0.0,-151874000.0,2072639286.81,1969319286.81,1.5883927854455433,2.5900546593787497,0.0,0.0,-0.056403207299409154,1.5883927854455433,-0.05656268856415773,34.92819829474216,-80.11128968807976,18.125239716399506,0.0,0.0,0.0,0.35478972102311457,2.3714361894604528,-0.0386717208557045,796.2502062274299,0.5479103471520054,0.2156179187728778,0.36580680649015346,0.510170109874707,0.0,0.1266546538221637,0.21694915254237288,0.22318486882245273,0.36580680649015346,0.510170109874707,0.0,Internet Content & Information,Communication Services,TWLO
2015Q4,2015,Q4,2015-12-31,2015-12-31,-8260000.0,51338000.0,-8195000.0,-0.11474,28858000.0,0.5621177295570533,157516000.0,116625000.0,136475000.0,40443000.0,40891000.0,0.0,-145406000.0,2072639286.81,1963804286.81,1.619979786819411,3.374502386074228,0.0,0.0,-0.07142669092553272,1.619979786819411,-0.07082529474812432,40.37241978281195,-62.73121328117433,17.771826682186497,0.0,0.0,0.0,0.32592244597374237,3.163192641495438,-0.05243911729602072,-282.2221251102941,0.5621177295570533,0.08300170305728251,0.0,0.0,0.0,0.170235198702352,0.0830373001776199,0.0837432915921288,0.0,0.0,0.0,Internet Content & Information,Communication Services,TWLO
2015Q3,2015,Q3,2015-09-30,2015-09-30,-9008000.0,44262000.0,-8944000.0,-0.12512564132621012,24660000.0,0.5571370475803172,,,,,,,,2072639286.81,,,0.0,0.0,0.0,0.0,,0.0,46.82660717568117,-57.52218269343916,0.0,0.0,0.0,0.0,0.0,0.0,0.0,-383.3960944894562,0.5571370475803172,0.05931179696868677,0.0,0.0,0.0,0.1672267714299238,0.059314954051796154,0.05454545454545454,0.0,0.0,0.0,Internet Content & Information,Communication Services,TWLO
2015Q2,2015,Q2,2015-06-30,2015-06-30,-9576000.0,37954000.0,-9460000.0,-0.133015,21127000.0,0.556647520682932,,,,,,,,2072639286.81,,,0.0,0.0,0.0,0.0,,0.0,54.60924505480318,-54.1102570700188,0.0,0.0,0.0,0.0,0.0,0.0,0.0,-188.09685877212087,0.556647520682932,0.04989285714285727,0.0,0.0,0.0,0.18557800224466892,-0.10577367205542725,-0.07573345462815556,0.0,0.0,0.0,Internet Content & Information,Communication Services,TWLO
2015Q1,2015,Q1,2015-03-31,2015-03-31,-8660000.0,33365000.0,-8794000.0,-0.14,17820000.0,0.5340926120185824,,,,,,,,1759921040.05,,,0.0,0.0,0.0,0.0,,0.0,52.747521056496325,-50.80603464347575,0.0,0.0,0.0,0.0,0.0,0.0,0.0,-313.6555052664409,0.5340926120185824,0.0,0.0,0.0,0.0,0.0,0.0,0.0,0.0,0.0,0.0,Internet Content & Information,Communication Services,TWLO
