Quarters,Year,Quarter,FillingDate,Date,NetIncome,Revenue,OperatingIncome,EPSDiluted,GrossProfit,GrossProfitRatio,TotalAssets,CommonStockEquity,CurrentAssets,CurrentLiability,TotalLiability,Inventory,RetainedEarnings,MarketCap,EnterpriseValue,bookValuePerShare,currentRatio,debtToAssets,debtToEquity,roic,shareholdersEquityPerShare,roe,priceToSalesRatio,peRatio,pbRatio,payoutRatio,inventoryTurnover,dividendYield,assetTurnover,quickRatio,returnOnAssets,priceToFreeCashFlowsRatio,grossProfitMargin,epsdilutedGrowth,fiveYNetIncomeGrowthPerShare,fiveYRevenueGrowthPerShare,fiveYShareholdersEquityGrowthPerShare,grossProfitGrowth,netIncomeGrowth,operatingIncomeGrowth,threeYNetIncomeGrowthPerShare,threeYRevenueGrowthPerShare,threeYShareholdersEquityGrowthPerShare,Industry,Sector,Symbol
2023Q1,2023,Q1,2023-04-19,2023-03-31,975000000.0,9698000000.0,1016000000.0,4.13,9698000000.0,1.0,118352000000.0,23052000000.0,98096000000.0,4478000000.0,95300000000.0,0.0,44273000000.0,39715697000.0,46240697000.0,99.49072075960294,21.90620812862885,0.061612816006489116,0.31632830123199723,0.03517851623226088,99.49072075960294,0.04229567933368038,4.095246133223345,10.183512051282051,1.7228742408467812,0.2205128205128205,0.0,0.005413476691596273,0.0819420035149385,21.90620812862885,0.008238137082601054,39.24475988142292,1.0,0.2005813953488372,0.7045971383283239,0.5568123565085004,0.17333153426399747,0.006434205064342051,0.19047619047619047,-0.05488372093023256,0.7842037116961588,0.34650072728915987,0.004223113840778718,Insurance—Property & Casualty,Financial Services,TRV
2022Q4,2022,Q4,2023-02-16,2022-12-31,819000000.0,9636000000.0,1075000000.0,3.44,9636000000.0,1.0,115717000000.0,21560000000.0,13786000000.0,4115000000.0,94157000000.0,0.0,43516000000.0,43722668000.0,50215668000.0,92.45283018867924,3.3501822600243014,0.06301580580208613,0.3382189239332096,0.030917138381940407,92.45283018867924,0.037987012987012986,4.537429223744292,13.346357753357754,2.02795306122449,0.2612942612942613,0.0,0.004894486310853674,0.08327212077741386,23.327582017010936,0.007077611759724154,25.84082033096927,1.0,0.8201058201058202,0.7387939595247063,0.5128575878127035,0.06279263728758583,1069.6666666666667,0.8039647577092511,0.7451298701298701,0.03308517974925291,0.3160324707082669,-0.08484420489331115,Insurance—Property & Casualty,Financial Services,TRV
2022Q3,2022,Q3,2022-10-19,2022-09-30,454000000.0,9000000.0,616000000.0,1.89,9000000.0,1.0,114317000000.0,19906000000.0,13667000000.0,4496000000.0,94411000000.0,0.0,42917000000.0,36063280000.0,42581280000.0,84.5624468988955,3.0398131672597866,0.06377879055608528,0.36627147593690346,0.019475187214276084,84.5624468988955,0.022807193810911282,4007.031111111111,19.85863436123348,1.8116788907866972,0.4845814977973568,0.0,0.006100387984675826,7.87284480873361e-05,20.90458185053381,0.003971412825738954,14.518228663446054,1.0,-0.16740088105726877,0.8042254705519036,-0.9985693366312804,-0.023566994060693524,-0.9990148861646234,-0.17604355716878403,-0.17315436241610738,0.2623773847223295,-0.9987632671250763,-0.14403927690890325,Insurance—Property & Casualty,Financial Services,TRV
2022Q2,2022,Q2,2022-07-21,2022-06-30,551000000.0,9136000000.0,745000000.0,2.27,9136000000.0,1.0,116587000000.0,22874000000.0,13863000000.0,4473000000.0,93713000000.0,0.0,42684000000.0,40320592000.0,46901592000.0,95.94798657718121,3.0992622401073104,0.06253698954428881,0.31874617469616157,0.020712817201989767,95.94798657718121,0.024088484742502404,4.413374781085814,18.29427949183303,1.7627258896563782,0.4047186932849365,0.0,0.005530672763931641,0.07836208153567722,21.630672926447573,0.00472608438333605,29.32406690909091,1.0,-0.45693779904306214,0.07793201173086688,0.4802889717642487,0.11600160429071116,0.0371211261210126,-0.4587426326129666,-0.41292356185973206,0.08425032834094448,0.2782202171570147,-0.009864977978063598,Insurance—Property & Casualty,Financial Services,TRV
2022Q1,2022,Q1,2022-04-19,2022-03-31,1018000000.0,8809000000.0,1269000000.0,4.18,8809000000.0,1.0,118592000000.0,25531000000.0,99833000000.0,4714000000.0,93061000000.0,0.0,42359000000.0,44019657000.0,50558657000.0,105.98173515981735,21.177980483665678,0.06147969508904479,0.28557439974932436,0.03329866961215503,105.98173515981735,0.03987309545258705,4.99712305596549,10.81032833988212,1.724165015079707,0.20923379174852652,0.0,0.0048387473805168455,0.0742798839719374,21.177980483665678,0.00858405288720993,34.77066113744076,1.0,-0.2273567467652496,0.9156593352992192,0.4733219767081548,0.25542484008982347,-0.022417045832870935,-0.23630907726931732,-0.26985040276179517,0.39568848810261353,0.2532231633222197,0.14472465790944875,Insurance—Property & Casualty,Financial Services,TRV
2021Q4,2021,Q4,2022-02-17,2021-12-31,1333000000.0,9011000000.0,1738000000.0,5.41,9011000000.0,1.0,120466000000.0,28887000000.0,102834000000.0,4395000000.0,91579000000.0,0.0,41555000000.0,38137634000.0,44766634000.0,118.4864643150123,23.397952218430035,0.06134510982351867,0.2558244192889535,0.0387047808069392,118.4864643150123,0.046145324886627204,4.232342026412163,7.152594523630907,1.3202351923010351,0.16054013503375844,0.0,0.005611255276087657,0.0748011887171484,23.397952218430035,0.011065362840967576,22.53997281323877,1.0,1.0648854961832062,0.6356404472487143,0.4495470427622699,0.439431186566684,0.02339579784213515,1.013595166163142,0.0,1.323508353379595,0.2511427054365398,0.36579793538620364,Insurance—Property & Casualty,Financial Services,TRV
2021Q3,2021,Q3,2021-10-19,2021-09-30,662000000.0,8805000000.0,0.0,2.62,8805000000.0,1.0,120706000000.0,28474000000.0,0.0,4764000000.0,92232000000.0,0.0,40438000000.0,37652877000.0,44124877000.0,114.95357287040775,0.0,0.06039467797789671,0.2560230385614947,0.0,114.95357287040775,0.02324928004495329,4.276306303236797,14.21936442598187,1.3223599424035961,0.33081570996978854,0.0,0.005816288619857654,0.07294583533544315,21.673803526448363,0.005484400112670456,14.80647935509241,1.0,-0.28415300546448086,0.06754205731839079,0.46048719328292925,0.3452564278790711,0.01358351559802003,-0.291220556745182,0.0,0.003068569342891151,0.2247915838010617,0.3619388130371996,Insurance—Property & Casualty,Financial Services,TRV
2021Q2,2021,Q2,2021-07-20,2021-06-30,934000000.0,8687000000.0,0.0,3.66,8687000000.0,1.0,119759000000.0,29156000000.0,0.0,4773000000.0,90603000000.0,0.0,39998000000.0,37532297000.0,44133297000.0,116.2983645791783,0.0,0.060872251772309385,0.2500342982576485,0.0,116.2983645791783,0.0320345726437097,4.3205130655001724,10.046118040685226,1.2872923926464537,0.23768736616702354,0.0,0.005914905767691223,0.07253734583622108,21.52692227110832,0.007798996317604522,20.298700378583018,1.0,0.27526132404181186,0.6276918603812937,0.4815399416637099,0.3651434638026877,0.044989775051124746,0.2742155525238745,0.0,0.9104202888401025,0.24524777193338376,0.3813097538975913,Insurance—Property & Casualty,Financial Services,TRV
2021Q1,2021,Q1,2021-04-20,2021-03-31,733000000.0,8313000000.0,0.0,2.87,8313000000.0,1.0,13165000.0,28269000000.0,8830000.0,6550000.0,88763000000.0,0.0,39285000000.0,37915840000.0,43802840000.0,112.13407378024593,1.3480916030534351,497.53133308013673,0.2317025717216739,0.0,112.13407378024593,0.025929463369769003,4.561029712498496,12.931732605729879,1.3412515476316815,0.29195088676671216,0.0,0.005644079097284934,631.4470186099506,15312.06106870229,55.67793391568553,31.862050420168067,1.0,-0.43725490196078426,0.23792903718748026,0.45097934751616175,0.36513467293504714,-0.010003572704537335,-0.4404580152671756,0.0,0.1778074636432145,0.2264929573738161,0.32243935743272767,Insurance—Property & Casualty,Financial Services,TRV
2020Q4,2020,Q4,2021-02-11,2020-12-31,1310000000.0,8397000000.0,0.0,5.1,8397000000.0,1.0,116764000000.0,29201000000.0,0.0,4717000000.0,87563000000.0,0.0,38771000000.0,35569758000.0,41498758000.0,115.23677979479085,0.0,0.056952485355075196,0.22773192698880176,0.0,115.23677979479085,0.04486147734666621,4.236007859949982,6.78812175572519,1.218100681483511,0.166412213740458,0.0,0.006128801888390694,0.07191428865061149,21.338986644053424,0.01121921140077421,18.71107732772225,1.0,0.5789473684210525,0.789095552221884,0.4880519155842543,0.463533473366337,0.014743202416918429,0.5840386940749698,0.0,1.5595136631825324,0.2132417455711967,0.32470580793135334,Insurance—Property & Casualty,Financial Services,TRV
2020Q3,2020,Q3,2020-10-20,2020-09-30,827000000.0,8275000000.0,0.0,3.23,8275000000.0,1.0,116384000000.0,27849000000.0,92369000000.0,15542000000.0,88535000000.0,0.0,37679000000.0,27404527000.0,33871527000.0,109.94472956968022,5.943186205121606,0.06057533681605719,0.2531509210384574,0.0,109.94472956968022,0.02969585981543323,3.3117253172205436,8.28431892382104,0.9840398937125211,0.2623941958887545,0.0,0.007918399759280647,0.07110083860324443,6.4583065242568525,0.007105787737145999,11.781825881341359,1.0,21.1875,0.08220285336999883,0.4790865956480726,0.40719006431297117,0.11809214970949872,21.675,0.0,2.0543003008748686,0.2224587661300864,0.2695193518851356,Insurance—Property & Casualty,Financial Services,TRV
2020Q2,2020,Q2,2020-07-23,2020-06-30,-40000000.0,7401000000.0,0.0,-0.16,7401000000.0,1.0,24277000000.0,26943000000.0,623000000.0,79945000000.0,86394000000.0,0.0,37069000000.0,28694980000.0,35120980000.0,107.08664546899841,0.007792857589592845,0.2903571281459818,0.26162639646661473,0.0,107.08664546899841,-0.0014846156701183982,3.8771760572895553,-179.343625,1.0650254240433508,-5.4,0.0,0.00752744905206416,0.30485644849034066,1.2212145850272063,-0.0016476500391316884,17.244579326923077,1.0,-1.0686695278969958,-1.0616350920610556,0.3808641100179844,0.39757373216867875,-0.0641122913505311,-1.0666666666666667,0.0,-1.0741473059812159,0.13625663238569372,0.24555889503089362,Insurance—Property & Casualty,Financial Services,TRV
2020Q1,2020,Q1,2020-04-21,2020-03-31,600000000.0,7908000000.0,0.0,2.33,7908000000.0,1.0,24584000000.0,25204000000.0,544000000.0,78273000000.0,84232000000.0,0.0,37325000000.0,25274640000.0,31289640000.0,99.07232704402516,0.006950033855863453,0.2667995444191344,0.2602364704015236,0.0,99.07232704402516,0.02380574511982225,3.1960849772382396,10.531099999999999,1.0028027297254403,0.35,0.0,0.00830872368508513,0.32167263260657336,1.1940515886704228,0.02440611780019525,40.24624203821656,1.0,-0.3044776119402985,-0.09171215656073747,0.5049860754375274,0.27912434159952,-0.019223614039439414,-0.3127147766323024,0.0,0.0691569065166204,0.25244138767034674,0.17357825996162274,Insurance—Property & Casualty,Financial Services,TRV
2019Q4,2019,Q4,2020-02-13,2019-12-31,873000000.0,8063000000.0,0.0,3.35,8063000000.0,1.0,23838000000.0,25943000000.0,3000000.0,78221000000.0,84179000000.0,0.0,36977000000.0,35168760000.0,41232760000.0,101.02414330218069,3.835287199089759e-05,0.27510697206141455,0.2527849516247157,0.0,101.02414330218069,0.03365069575608064,4.361746248294679,10.071237113402061,1.3556165439617622,0.24169530355097366,0.0,0.005999642864860746,0.3382414632100008,1.2059932754631109,0.036622199848980616,24.907053824362606,1.0,1.2333333333333334,0.07029604019231814,0.5127315723797308,0.3293078608130394,0.006239860227130912,1.2045454545454546,0.0,0.0169757980594841,0.23138728895737593,0.22729041925606877,Insurance—Property & Casualty,Financial Services,TRV
2019Q3,2019,Q3,2019-10-22,2019-09-30,396000000.0,8013000000.0,0.0,1.5,8013000000.0,1.0,24699000000.0,25607000000.0,508000000.0,78176000000.0,84634000000.0,0.0,36317000000.0,38540448000.0,44590448000.0,98.79243827160494,0.006498158002455997,0.2655168225434228,0.2561018471511696,0.0,98.79243827160494,0.01546452141992424,4.809740172220142,24.33109090909091,1.5050747061350411,0.5404040404040404,0.0,0.0055526080028960745,0.32442609012510626,1.2049989766680311,0.016033037774808696,19.260593703148427,1.0,-0.28571428571428575,-0.442918026840769,0.5044146537257559,0.30742648650585747,0.022849119223895837,-0.289048473967684,0.0,-0.3897423960273122,0.27014863232719855,0.15612902924338204,Insurance—Property & Casualty,Financial Services,TRV
2019Q2,2019,Q2,2019-07-23,2019-06-30,557000000.0,7834000000.0,0.0,2.1,7834000000.0,1.0,24779000000.0,25321000000.0,416000000.0,76793000000.0,83251000000.0,0.0,36135000000.0,39566046000.0,45708046000.0,96.90394182931496,0.00541716041826729,0.26465959078251744,0.25899451048536787,0.0,96.90394182931496,0.021997551439516608,5.050554761296911,17.758548473967686,1.562578334189013,0.38420107719928187,0.0,0.005408677935621872,0.3161548085072037,1.203000273462425,0.02247871181242181,34.31573807458803,1.0,-0.2976588628762542,0.07050623669578669,0.5156133622460791,0.3018193657941027,0.021248859340372832,-0.30025125628140703,0.0,-0.06868749394823853,0.28186424602795207,0.13748618291997527,Insurance—Property & Casualty,Financial Services,TRV
2019Q1,2019,Q1,2019-04-18,2019-03-31,796000000.0,7671000000.0,0.0,2.99,7671000000.0,1.0,24782000000.0,24340000000.0,357000000.0,76449000000.0,82906000000.0,0.0,35795000000.0,36285458000.0,42985458000.0,92.58273107645492,0.004669779853235491,0.2847631345331289,0.2899342645850452,0.0,92.58273107645492,0.032703368940016436,4.7302122278712035,11.396186557788946,1.4907747740345112,0.25753768844221103,0.0,0.005649646202619242,0.30953918166411104,1.1902052348624572,0.03212008716003551,56.78475430359937,1.0,0.4037558685446011,0.009927295289307504,0.5263414944498921,0.27968174005309926,-0.016033863519753718,0.28180354267310787,0.0,0.2891014670498651,0.2839191980381277,0.127114105879874,Insurance—Property & Casualty,Financial Services,TRV
2018Q4,2018,Q4,2019-02-14,2018-12-31,621000000.0,7796000000.0,0.0,2.13,7796000000.0,1.0,24079000000.0,22894000000.0,3000000.0,75375000000.0,81339000000.0,0.0,35204000000.0,31602025000.0,37793025000.0,86.75255778704054,3.980099502487562e-05,0.2726026828356659,0.28671267581025595,0.0,86.75255778704054,0.027125010919891675,4.0536204463827605,12.72223228663446,1.3803627588014327,0.32689210950080516,0.0,0.006423638991488679,0.3237675983221895,1.1739038142620233,0.02579010756260642,33.3354694092827,1.0,-0.18702290076335884,-0.14471536421138537,0.5746400671850965,0.25636568403477406,0.0094522853813285,-0.12411847672778561,0.0,-0.18563132336326574,0.326578580916051,0.1017773357393022,Insurance—Property & Casualty,Financial Services,TRV
2018Q3,2018,Q3,2018-10-18,2018-09-30,709000000.0,7723000000.0,0.0,2.62,7723000000.0,1.0,24898000000.0,22460000000.0,359000000.0,75966000000.0,81930000000.0,0.0,34799000000.0,34318917000.0,40523917000.0,84.4043592634348,0.004725798383487349,0.2636356333842076,0.2922528940338379,0.0,84.4043592634348,0.031567230632235085,4.443728732357892,12.101169605077574,1.5280016473731077,0.2919605077574048,0.0,0.006031658866158277,0.3101855570728573,1.1592028012531923,0.028476182825929792,19.791762975778546,1.0,0.3645833333333334,0.13761752404414945,0.6594167014391011,0.2549582093539597,0.032900896081316036,0.3530534351145038,0.0,-0.11683933963119897,0.3140199196474729,0.08029712934017993,Insurance—Property & Casualty,Financial Services,TRV
2018Q2,2018,Q2,2018-07-19,2018-06-30,524000000.0,7477000000.0,0.0,1.92,7477000000.0,1.0,24576000000.0,22623000000.0,415000000.0,74936000000.0,80900000000.0,0.0,34296000000.0,32872758000.0,38921758000.0,84.1942687011537,0.005538059143802712,0.2630208333333333,0.28572691508641646,0.0,84.1942687011537,0.023162268487822126,4.3965170522937,15.683567748091603,1.4530680281129824,0.3950381679389313,0.0,0.006297007388306147,0.3042399088541667,1.167889932742607,0.021321614583333332,28.73492832167832,1.0,-0.2066115702479339,-0.20750922861827206,0.5672772789529583,0.2715397993075,0.026214658248696128,-0.21674140508221226,0.0,-0.2439642797560228,0.30626379167526413,0.09880833245401044,Insurance—Property & Casualty,Financial Services,TRV
2018Q1,2018,Q1,2018-04-24,2018-03-31,669000000.0,7286000000.0,0.0,2.42,7286000000.0,1.0,24416000000.0,22979000000.0,397000000.0,74234000000.0,80697000000.0,0.0,33981000000.0,37631060000.0,44197060000.0,84.79335793357933,0.005347953767815287,0.28518184796854523,0.30301579703207276,0.0,84.79335793357933,0.029113538448148308,5.164844908042822,14.062428998505233,1.6376282692893513,0.2944693572496263,0.0,0.005235037227226657,0.298410878112713,1.1829889269068081,0.027400065530799475,67.92610108303249,1.0,0.2222222222222222,0.04062870651027936,0.6047241569128712,0.2512287580681714,-0.02214467856663535,0.21415607985480944,0.0,-0.0492941087874264,0.3016757200472698,0.09476835131373006,Insurance—Property & Casualty,Financial Services,TRV
2017Q4,2017,Q4,2018-02-15,2017-12-31,551000000.0,7451000000.0,0.0,1.98,7451000000.0,1.0,33303000000.0,23731000000.0,2000000.0,73781000000.0,79752000000.0,0.0,33462000000.0,37002592000.0,43229592000.0,86.99046920821114,2.7107249833968095e-05,0.19730955169203976,0.276895200370823,0.0,86.99046920821114,0.02321857485988791,4.9661242786203195,16.788834845735025,1.5592512747039737,0.35571687840290384,0.0,0.005296926226141131,0.22373359757379216,1.1949011263062306,0.016545056000960873,68.77805204460967,1.0,0.8857142857142856,1.5313874633431088,0.606649991374849,0.3046002270548492,0.01720136518771331,0.8805460750853242,0.0,-0.3640954576531678,0.31592285007844784,0.14464830637958598,Insurance—Property & Casualty,Financial Services,TRV
2017Q3,2017,Q3,2017-10-19,2017-09-30,293000000.0,7325000000.0,0.0,1.05,7325000000.0,1.0,34887000000.0,23738000000.0,379000000.0,74602000000.0,80573000000.0,0.0,33110000000.0,33582732000.0,40124732000.0,86.60342940532652,0.005080292753545481,0.1983833519649153,0.29155783975061084,0.0,86.60342940532652,0.012343078608138849,4.584673310580205,28.654208191126283,1.414724576628191,0.6825938566552902,0.0,0.005955441623986995,0.20996359675523835,1.1898340527063618,0.008398543870209534,20.48976937156803,1.0,-0.5023696682464455,-0.5249098058291783,0.5758519954069025,0.28375668371532076,0.019626948775055678,-0.507563025210084,0.0,-0.6102218398803643,0.30048696322228163,0.14611623528790013,Insurance—Property & Casualty,Financial Services,TRV
2017Q2,2017,Q2,2017-07-20,2017-06-30,595000000.0,7184000000.0,0.0,2.11,7184000000.0,1.0,33417000000.0,23858000000.0,328000000.0,72841000000.0,78811000000.0,0.0,33016000000.0,35112075000.0,41704075000.0,85.97477477477477,0.00450295849864774,0.20708022862614836,0.29004945930086345,0.0,85.97477477477477,0.024939223740464415,4.887538279510022,14.752972689075632,1.4717107469192725,0.334453781512605,0.0,0.005667565929954296,0.21498039919801298,1.204294284812125,0.017805308675225184,43.34824074074074,1.0,-0.027649769585253482,0.6671902363285126,0.5795967692806816,0.33171833656483724,0.03486027081532699,-0.03565640194489465,0.0,0.07678102700064629,0.3087226061728639,0.15499560346810845,Insurance—Property & Casualty,Financial Services,TRV
2017Q1,2017,Q1,2017-04-20,2017-03-31,617000000.0,6942000000.0,0.0,2.17,6942000000.0,1.0,32966000000.0,23612000000.0,249000000.0,71746000000.0,77634000000.0,0.0,32623000000.0,33715038000.0,39904038000.0,84.41902037897748,0.0034705767568923704,0.1952921191530668,0.27265797052346263,0.0,84.41902037897748,0.02613078095883449,4.856675021607606,13.660874392220423,1.4278772657970524,0.3079416531604538,0.0,0.005635467473001217,0.2105805981920767,1.2016419033813732,0.01871625310926409,43.50327483870968,1.0,-0.33841463414634143,0.07286165343761604,0.5220938937347049,0.3305024118912501,-0.03489503684137356,-0.3457051961823966,0.0,-0.26419908076415394,0.29832212253993085,0.16684264588108863,Insurance—Property & Casualty,Financial Services,TRV
2016Q4,2016,Q4,2017-02-16,2016-12-31,943000000.0,7193000000.0,0.0,3.28,7193000000.0,1.0,32703000000.0,23221000000.0,2000000.0,71137000000.0,77024000000.0,0.0,32196000000.0,34534682000.0,40664682000.0,82.31478199220135,2.8114764468560665e-05,0.1968320949148396,0.2772059773480901,0.0,82.31478199220135,0.04060979285991129,4.801151397191714,9.15553605514316,1.4872176908832522,0.19936373276776245,0.0,0.0054438028414450145,0.21994924013087486,1.1991649914952838,0.028835275051218544,30.32017734855136,1.0,0.3387755102040815,1.1203433793474509,0.5683721531476426,0.3182740752928434,0.03332854474931762,0.3170391061452514,0.0,0.21497423172361138,0.35911383047803486,0.19209704038552594,Insurance—Property & Casualty,Financial Services,TRV
2016Q3,2016,Q3,2016-10-20,2016-09-30,716000000.0,6961000000.0,0.0,2.45,6961000000.0,1.0,32966000000.0,24439000000.0,269000000.0,72012000000.0,78348000000.0,0.0,31443000000.0,32761300000.0,38928300000.0,85.45104895104895,0.003735488529689496,0.1952314505854517,0.263349564221122,0.0,85.45104895104895,0.029297434428577275,4.7064071254130155,11.439001396648045,1.3405335733867998,0.2709497206703911,0.0,0.005921620936898108,0.2111569495844203,1.2239348997389323,0.02171934720621246,18.509209039548022,1.0,0.09374999999999997,2.1199731199731198,0.5765181439443966,0.4087949036502984,0.02593957258658806,0.0783132530120482,0.0,0.06891187516187512,0.39161755014978816,0.27052081568828157,Insurance—Property & Casualty,Financial Services,TRV
2016Q2,2016,Q2,2016-07-21,2016-06-30,664000000.0,6785000000.0,0.0,2.24,6785000000.0,1.0,32121000000.0,24714000000.0,265000000.0,71396000000.0,77732000000.0,0.0,30921000000.0,34533504000.0,40704504000.0,85.19131334022751,0.003711692531794498,0.20036736091653434,0.260419195597637,0.0,85.19131334022751,0.026867362628469692,5.089683714075166,13.002072289156626,1.3973255644573925,0.2936746987951807,0.0,0.005646690240295338,0.2112325270072538,1.228668272732366,0.020671834625323,77.95373363431152,1.0,-0.026086956521738962,3.6321957945536023,0.5326268855102974,0.42598703471765975,0.014807059527370625,-0.03907380607814761,0.0,-0.069854383856452,0.3173107823379806,0.286597616898012,Insurance—Property & Casualty,Financial Services,TRV
2016Q1,2016,Q1,2016-04-21,2016-03-31,691000000.0,6686000000.0,0.0,2.3,6686000000.0,1.0,32850000000.0,24166000000.0,361000000.0,71670000000.0,77514000000.0,0.0,30454000000.0,34336082000.0,40319082000.0,82.1414004078858,0.005036975024417469,0.19312024353120244,0.26251758669204667,0.0,82.1414004078858,0.02859389224530332,5.135519294047263,12.42260564399421,1.4208425887610692,0.26049204052098407,0.0,0.005242298757324729,0.20353120243531203,1.2138970280452073,0.021035007610350077,40.395390588235294,1.0,-0.18727915194346298,0.19872643049695798,0.5500619495225632,0.3933743079133502,0.0017980221756068325,-0.20207852193995382,0.0,-0.00991072946003689,0.3564513377467962,0.21209591084772889,Insurance—Property & Casualty,Financial Services,TRV
2015Q4,2015,Q4,2016-02-11,2015-12-31,866000000.0,6674000000.0,0.0,2.83,6674000000.0,1.0,32711000000.0,23598000000.0,2000000.0,70742000000.0,76586000000.0,0.0,29945000000.0,33824142000.0,39788142000.0,78.73873873873873,2.8271748042181448e-05,0.1939408761578674,0.2688363420628867,0.0,78.73873873873873,0.03669802525637766,5.068046448906204,9.764475173210162,1.4333478260869565,0.21016166281755197,0.0,0.005380772112416037,0.20402922564275014,1.2076277176217804,0.02647427470881355,44.50545,1.0,-0.04713804713804718,0.38401339445336474,0.5059314947712505,0.3234907920678282,-0.01766264350897851,-0.0668103448275862,0.0,2.621450397766188,0.30993738836876095,0.18084863056325354,Insurance—Property & Casualty,Financial Services,TRV
2015Q3,2015,Q3,2015-10-20,2015-09-30,928000000.0,6794000000.0,0.0,2.97,6794000000.0,1.0,33880000000.0,24033000000.0,344000000.0,72234000000.0,78077000000.0,0.0,29263000000.0,30615428000.0,37014428000.0,78.13068920676203,0.004762300301796938,0.19902597402597402,0.28057254608246995,0.0,78.13068920676203,0.03861357300378646,4.506244921989992,8.24769073275862,1.2738912328881122,0.2025862068965517,0.0,0.006140694815698804,0.20053128689492325,1.2049865714206607,0.027390791027154665,17.01802556976098,1.0,0.17391304347826103,0.39858315703666314,0.5875334877538239,0.3336174428074897,0.0131225767968983,0.14285714285714285,0.0,0.3408466984539806,0.30243495653118546,0.15816192454725414,Insurance—Property & Casualty,Financial Services,TRV
2015Q2,2015,Q2,2015-07-21,2015-06-30,812000000.0,6706000000.0,0.0,2.53,6706000000.0,1.0,32967000000.0,24121000000.0,317000000.0,72093000000.0,77543000000.0,0.0,28524000000.0,30428568000.0,36461568000.0,76.62325285895807,0.0043970981926123205,0.19261685928352595,0.26325608391028565,0.0,76.62325285895807,0.03366361261970897,4.537513868177752,9.368401477832512,1.2614969528626507,0.23645320197044334,0.0,0.006309859865899704,0.20341553674887008,1.1981190961674504,0.024630691297357964,45.01267455621302,1.0,-0.007843137254901968,0.8652638965275273,0.6703381930805101,0.4123094426753856,0.012073649260488983,-0.025210084033613446,0.0,1.0056377048888117,0.2997856143620193,0.1868666257844915,Insurance—Property & Casualty,Financial Services,TRV
2015Q1,2015,Q1,2015-04-21,2015-03-31,833000000.0,6626000000.0,0.0,2.55,6626000000.0,1.0,33394000000.0,24847000000.0,308000000.0,71995000000.0,77844000000.0,0.0,27906000000.0,34688104000.0,40729104000.0,77.45324189526184,0.0042780748663101605,0.19012397436665268,0.2555238056908279,0.0,77.45324189526184,0.03352517406527951,5.235150015092062,10.41059543817527,1.396068096752123,0.21248499399759904,0.0,0.005102613852864371,0.1984188776426903,1.217209528439475,0.02494460082649578,174.31208040201005,1.0,-0.18006430868167206,1.0403839705219178,0.7160982981343831,0.47640614073529747,-0.02314610054548135,-0.197495183044316,0.0,0.2628787831909061,0.26667842284151944,0.2207169034634385,Insurance—Property & Casualty,Financial Services,TRV
2014Q4,2014,Q4,2015-02-12,2014-12-31,1038000000.0,6783000000.0,0.0,3.11,6783000000.0,1.0,32934000000.0,24836000000.0,2000000.0,72393000000.0,78242000000.0,0.0,27251000000.0,34591780000.0,40566780000.0,75.99755201958385,2.762698050916525e-05,0.19277949839072084,0.2556369785794814,0.0,75.99755201958385,0.04179416975358351,5.099775910364146,8.331353564547205,1.3928080206152358,0.17341040462427745,0.0,0.005203548357442143,0.20595736928402258,1.217410523116876,0.03151758061577701,65.88910476190476,1.0,0.1561338289962825,0.2566597926360558,0.6344881991873431,0.4093436238101926,-0.014957885564914319,0.1294885745375408,0.0,1.014711649297097,0.27667959669973985,0.2171034191966691,Insurance—Property & Casualty,Financial Services,TRV
2014Q3,2014,Q3,2014-10-21,2014-09-30,919000000.0,6886000000.0,0.0,2.69,6886000000.0,1.0,34461000000.0,25321000000.0,367000000.0,72853000000.0,79201000000.0,0.0,26394000000.0,31479294000.0,37460294000.0,75.5625186511489,0.005037541350390512,0.18420823539653522,0.25070099917064886,0.0,75.5625186511489,0.03629398522965128,4.571492012779553,8.5634640914037,1.24320895699222,0.20021762785636563,0.0,0.005845112028243073,0.19982008647456545,1.2231068041123907,0.026667827399088826,17.10831195652174,1.0,0.37948717948717947,0.6378528558000884,0.8135943982431285,0.498370398252896,0.014885777450257922,0.34553440702781846,0.0,2.417786631752612,0.33102423551307314,0.24576693310927994,Insurance—Property & Casualty,Financial Services,TRV
2014Q2,2014,Q2,2014-07-22,2014-06-30,683000000.0,6785000000.0,0.0,1.95,6785000000.0,1.0,33639000000.0,25532000000.0,311000000.0,72932000000.0,79279000000.0,0.0,25662000000.0,32266009999.999996,38302010000.0,74.43731778425656,0.004264246147095925,0.18867980617735366,0.24859000469998432,0.0,74.43731778425656,0.02675074416418612,4.755491525423729,11.810398975109809,1.2637478458405138,0.2767203513909224,0.0,0.005857557225079891,0.2017004072653765,1.222782866231558,0.0203038140253872,51.625615999999994,1.0,-0.33898305084745767,0.549410605941218,0.8484414491906098,0.5921622429485487,0.011478831246273106,-0.35076045627376423,0.0,3.2899416909620993,0.29625381774500664,0.24597973546424334,Insurance—Property & Casualty,Financial Services,TRV
2014Q1,2014,Q1,2014-04-22,2014-03-31,1052000000.0,6708000000.0,0.0,2.95,6708000000.0,1.0,24114000000.0,25387000000.0,260000000.0,72500000000.0,78747000000.0,0.0,25167000000.0,29861589999.999996,35948590000.0,72.34824736392135,0.003586206896551724,0.2632080948826408,0.2500098475597747,0.0,72.34824736392135,0.0414385315318864,4.451638342277876,7.096385456273763,1.1762551699688817,0.16730038022813687,0.0,0.005893858967322235,0.2781786514058223,1.2250758620689655,0.0436261093140914,42.477368421052624,1.0,0.09259259259259259,1.6474830797629576,0.9486555309388758,0.5962103411310118,-0.004304586611251299,0.06477732793522267,0.0,0.530090341505633,0.3038722346061204,0.22725189245458627,Insurance—Property & Casualty,Financial Services,TRV
2013Q4,2013,Q4,2014-02-13,2013-12-31,988000000.0,6737000000.0,0.0,2.7,6737000000.0,1.0,33438000000.0,24796000000.0,1000000.0,72670000000.0,79016000000.0,0.0,24291000000.0,32512914000.000004,38564914000.0,69.0504037872459,1.376083665886886e-05,0.1897840779950954,0.25592837554444264,0.0,69.0504037872459,0.03984513631230844,4.826022561971205,8.226951923076925,1.311216083239232,0.18218623481781376,0.0,0.00553626168358825,0.20147736108618935,1.2150543553048025,0.029547221723787306,35.073262135922334,1.0,0.17391304347826103,1.0080190766832462,0.8893296021180331,0.5943309788705696,0.044172349659020456,0.14351851851851852,0.0,0.3178035817856847,0.2686940380360601,0.16064309722075337,Insurance—Property & Casualty,Financial Services,TRV
2013Q3,2013,Q3,2013-10-22,2013-09-30,864000000.0,6452000000.0,0.0,2.3,6452000000.0,1.0,24041000000.0,24811000000.0,295000000.0,71628000000.0,77874000000.0,0.0,23485000000.0,31271653000.0,37322653000.0,67.25670913526702,0.004118501144803708,0.2639657252194168,0.2557736487848132,0.0,67.25670913526702,0.0348232638748942,4.846815406075636,9.048510706018519,1.260394703961952,0.21180555555555555,0.0,0.005851945210571376,0.26837485961482466,1.2269363935890993,0.03593860488332432,19.103025656689066,1.0,-0.045643153526971084,5.429825472546571,0.6721363471239569,0.5983704792269475,-0.0332634102487264,-0.06594594594594595,0.0,0.08575474484449526,0.25709872885265034,0.14800882162011006,Insurance—Property & Casualty,Financial Services,TRV
2013Q2,2013,Q2,2013-07-23,2013-06-30,925000000.0,6674000000.0,0.0,2.41,6674000000.0,1.0,24365000000.0,24890000000.0,308000000.0,71158000000.0,77010000000.0,0.0,22806000000.0,30489249000.0,36033249000.0,66.21441872838521,0.004328395963911296,0.2401805869074492,0.23511450381679388,0.0,66.21441872838521,0.03716351948573724,4.568362151633203,8.240337567567568,1.2249597830453998,0.2064864864864865,0.0,0.006264503268020804,0.2739175046172789,1.2247112060485117,0.03796429304329982,42.22887673130194,1.0,0.03433476394849788,0.5639676383191308,0.6886023926479018,0.529243239311971,0.05467762326169406,0.03236607142857143,0.0,0.7794606377529747,0.39216099842333396,0.2204552185156599,Insurance—Property & Casualty,Financial Services,TRV
2013Q1,2013,Q1,2013-04-23,2013-03-31,896000000.0,6328000000.0,0.0,2.33,6328000000.0,1.0,24795000000.0,25596000000.0,243000000.0,72450000000.0,78301000000.0,0.0,22072000000.0,31707915000.0,37315915000.0,67.76806989674344,0.0033540372670807454,0.23597499495866103,0.2285904047507423,0.0,67.76806989674344,0.03500546960462572,5.010732458912769,8.847074497767856,1.2387839896858885,0.1953125,0.0,0.005519126691237819,0.2552127445049405,1.2340096618357488,0.036136317806009274,59.82625471698113,1.0,1.9871794871794872,0.5116673908561564,0.6565850395764105,0.5824876713041272,-0.023004477381503782,1.9473684210526316,0.0,0.8640702961347029,0.392017112893286,0.291788336976655,Insurance—Property & Casualty,Financial Services,TRV
2012Q4,2012,Q4,2013-02-19,2012-12-31,304000000.0,6477000000.0,0.0,0.78,6477000000.0,1.0,24899000000.0,25405000000.0,1000000.0,73183000000.0,79533000000.0,0.0,21352000000.0,27363419999.999996,33383419999.999996,66.67979002624672,1.3664375606356668e-05,0.25503032250291174,0.24995079708718757,0.0,66.67979002624672,0.011966148395985043,4.22470588235294,22.502812499999997,1.0770879748081086,0.5756578947368421,0.0,0.006395399405483671,0.26013092895297,1.2379377724334886,0.01220932567572995,58.97288793103448,1.0,-0.6470588235294118,-0.5374730557551426,0.6138345401324912,0.543736347090969,-0.005374692874692875,-0.6481481481481481,0.0,-0.6843171257289337,0.338723667905824,0.2365495257831054,Insurance—Property & Casualty,Financial Services,TRV
2012Q3,2012,Q3,2012-10-18,2012-09-30,864000000.0,6512000000.0,0.0,2.21,6512000000.0,1.0,24915000000.0,25905000000.0,220000000.0,73190000000.0,79540000000.0,0.0,21226000000.0,26522879999.999996,32652879999.999996,67.4609375,0.0030058751195518514,0.25486654625727473,0.24512642347037253,0.0,67.4609375,0.033352634626519974,4.072923832923832,7.674444444444443,1.0238517660683264,0.20601851851851852,0.0,0.006711186718787704,0.26136865342163357,0.20203579724006013,0.03467790487658037,17.670139906728846,1.0,0.753968253968254,0.21777963272120204,0.6849192971702931,0.6627388860379366,0.02406038685327882,0.7314629258517034,0.0,0.34374331550802145,0.4966861598440545,0.33771972656250004,Insurance—Property & Casualty,Financial Services,TRV
2012Q2,2012,Q2,2012-07-19,2012-06-30,499000000.0,6359000000.0,0.0,1.26,6359000000.0,1.0,25189000000.0,25049000000.0,230000000.0,72932000000.0,79281000000.0,0.0,20541000000.0,24769920000.0,30888920000.0,64.55927835051547,0.003153622552514671,0.25205446822025485,0.25346321210427564,0.0,64.55927835051547,0.019920954928340454,3.895253970750118,12.409779559118236,0.9888586370713401,0.36072144288577157,0.0,0.007266878536547555,0.2524514669101592,0.20025503208468162,0.019810234626225734,54.92221729490022,1.0,-0.37623762376237624,-0.3245503050033706,0.6421589570580052,0.6791225306709379,-0.00516270337922403,-0.38089330024813894,0.0,0.0007112008916132798,0.5314649648494097,0.38087787794304634,Insurance—Property & Casualty,Financial Services,TRV
2012Q1,2012,Q1,2012-04-19,2012-03-31,806000000.0,6392000000.0,0.0,2.02,6392000000.0,1.0,25738000000.0,24872000000.0,258000000.0,73388000000.0,79994000000.0,0.0,20223000000.0,23206400000.0,29554400000.0,63.44897959183673,0.0035155611271597536,0.25666329940166294,0.2655998713412673,0.0,63.44897959183673,0.03240591830170473,3.630538172715895,7.198014888337469,0.9330331296236732,0.19975186104218362,0.0,0.006937741312741312,0.24834874504623514,0.20136807107429008,0.0313155645349289,28.509090909090908,1.0,0.2948717948717948,0.2683208366219417,0.6996221298539644,0.6762421196739135,0.0029813274752863643,0.3042071197411003,0.0,0.8157238424070536,0.6621724818959842,0.39986690830613864,Insurance—Property & Casualty,Financial Services,TRV
2011Q4,2011,Q4,2012-02-16,2011-12-31,618000000.0,6373000000.0,0.0,1.56,6373000000.0,1.0,25958000000.0,24477000000.0,1000000.0,73493000000.0,80125000000.0,0.0,19579000000.0,23194640000.0,29585640000.0,62.441326530612244,1.3606738056685671e-05,0.25444949533862393,0.26984516076316545,0.0,62.441326530612244,0.025248192180414266,3.639516711125059,9.38294498381877,0.9476095926788414,0.2669902912621359,0.0,0.007113712478400182,0.2455119808922105,0.20034561114663982,0.02380768934432545,66.08159544159544,1.0,0.9746835443037974,-0.11175958188153319,0.6835680608616919,0.6641911534854642,-0.005306695801467145,0.8558558558558559,0.0,0.15061148054727494,0.637247886234597,0.4417314858326126,Insurance—Property & Casualty,Financial Services,TRV
2011Q3,2011,Q3,2011-10-19,2011-09-30,333000000.0,6407000000.0,0.0,0.79,6407000000.0,1.0,27349000000.0,25172000000.0,231000000.0,75157000000.0,81761000000.0,0.0,19127000000.0,20222950000.0,26595950000.0,60.65542168674699,0.0030735660018361565,0.24147135178617135,0.2623549976163992,0.0,60.65542168674699,0.01322898458604799,3.1563836428905883,15.182394894894895,0.8033906721754329,0.5135135135135135,0.0,0.008455739642337048,0.23426816336977585,0.21734502441555678,0.012175947932282716,22.053380588876774,1.0,1.8977272727272727,-0.47277917037276623,0.6751173535179351,0.6796848297542213,0.002974326862867877,1.914835164835165,0.0,1.2028769282738432,0.4760212534433911,0.44148943169628474,Insurance—Property & Casualty,Financial Services,TRV
2011Q2,2011,Q2,2011-07-21,2011-06-30,-364000000.0,6388000000.0,0.0,-0.88,6388000000.0,1.0,27432000000.0,25008000000.0,273000000.0,74856000000.0,81460000000.0,0.0,18966000000.0,24437868000.0,30768868000.0,59.74199713330148,0.0036470022443090733,0.24074074074074073,0.2640754958413308,0.0,59.74199713330148,-0.01455534229046705,3.8255898559799624,-16.78425,0.9772020153550864,-0.47802197802197804,0.0,0.007120097383290555,0.23286672499270925,0.223228598909907,-0.013269174686497522,91.18607462686568,1.0,-1.4583333333333333,-1.6201703272075303,0.6877920119709299,0.7928819025168301,0.01752150366358713,-1.4338498212157331,0.0,-1.5526631588664266,0.45137355996215694,0.37976058649491173,Insurance—Property & Casualty,Financial Services,TRV
2011Q1,2011,Q1,2011-04-21,2011-03-31,839000000.0,6278000000.0,0.0,1.92,6278000000.0,1.0,27193000000.0,25243000000.0,239000000.0,73398000000.0,80009000000.0,0.0,19538000000.0,25469336000.0,31841336000.0,58.951424567958895,0.003256219515518134,0.24311403670062148,0.26189438656261144,0.0,58.951424567958895,0.03323693697262607,4.05691876393756,7.589194278903456,1.0089662876837142,0.18474374255065554,0.0,0.006085749546042347,0.23086823814952379,0.22929780103000083,0.03085352848159453,40.23591785150079,1.0,-0.06796116504854374,0.3481832034416575,0.6774549623447758,0.7868448607934995,-0.008528111181301326,-0.06152125279642058,0.0,0.24856316356630076,0.44966915271797797,0.37660557142550666,Insurance—Property & Casualty,Financial Services,TRV
2010Q4,2010,Q4,2011-02-17,2010-12-31,894000000.0,6332000000.0,0.0,2.06,6332000000.0,1.0,26763000000.0,25475000000.0,1000000.0,73570000000.0,79706000000.0,0.0,18847000000.0,23855022000.0,30266022000.0,59.493227463801965,1.3592496941688188e-05,0.24702013974517056,0.25950932286555445,0.0,59.493227463801965,0.03509322865554465,3.767375552747947,6.67086744966443,0.9364091069676153,0.18008948545861297,0.0,0.0067491029771425065,0.23659529948062624,0.22639662906075847,0.03340432686918507,36.034776435045316,1.0,-0.023696682464454895,7.073640730718951,0.6560257848232529,0.8464427229719642,-0.023141005862388153,-0.11044776119402985,0.0,0.2102616874417533,0.40379705856512,0.3773567314094819,Insurance—Property & Casualty,Financial Services,TRV
2010Q3,2010,Q3,2010-10-21,2010-09-30,1005000000.0,6482000000.0,0.0,2.11,6482000000.0,1.0,27741000000.0,27295000000.0,298000000.0,74607000000.0,80859000000.0,0.0,18118000000.0,24273390000.0,30227390000.0,58.585533376261,0.003994263272883242,0.22537039039688547,0.22905294009891922,0.0,58.585533376261,0.03681993039018135,3.744737735266893,6.038156716417911,0.8892980399340539,0.1681592039800995,0.0,0.006962356720672308,0.2336613676507696,0.22105164394761886,0.036227965826754624,18.10096196868009,1.0,0.5629629629629628,8.043905463738046,0.5639874814909074,0.7757628645642837,0.04903706101310892,0.5,0.0,0.16750712445189295,0.3823316537867222,0.4439829642744376,Insurance—Property & Casualty,Financial Services,TRV
2010Q2,2010,Q2,2010-07-22,2010-06-30,670000000.0,6179000000.0,0.0,1.35,6179000000.0,1.0,28054000000.0,26286000000.0,266000000.0,74461000000.0,80737000000.0,0.0,17285000000.0,23861625000.0,29871625000.0,54.253869969040245,0.003572339882623118,0.22371141370214587,0.23875827436658298,0.0,54.253869969040245,0.025488853382028456,3.861729244214274,8.903591417910448,0.9077693448984251,0.26119402985074625,0.0,0.007333951480672419,0.22025379625008912,0.2089684532842696,0.023882512297711555,45.887740384615384,1.0,0.08000000000000007,-0.13392820079141893,0.4143399842696902,0.6238082142372233,0.009805523778395163,0.03554868624420402,0.0,-0.27371811647516386,0.27785774025994003,0.41108912256574937,Insurance—Property & Casualty,Financial Services,TRV
2010Q1,2010,Q1,2010-04-23,2010-03-31,647000000.0,6119000000.0,0.0,1.25,6119000000.0,1.0,29091000000.0,26671000000.0,251000000.0,75500000000.0,82025000000.0,0.0,16792000000.0,27423096000.0,33697096000.0,52.46066089693155,0.003324503311258278,0.224296174074456,0.24464774474147952,0.0,52.46066089693155,0.024258557984327547,4.481630331753554,10.596250386398763,1.0281990176596303,0.2596599690880989,0.0,0.006126222947255846,0.21033996768760096,0.2159337748344371,0.022240555498264068,51.64424858757062,1.0,-0.497991967871486,3.0105538277689536,0.31713628727790805,0.6905733911460529,-0.052199504337050805,-0.4964980544747082,0.0,-0.2149833080490847,0.2545171108265838,0.3859445807806303,Insurance—Property & Casualty,Financial Services,TRV
2009Q4,2009,Q4,2010-02-18,2009-12-31,1285000000.0,6456000000.0,0.0,2.49,6456000000.0,1.0,3954000000.0,27415000000.0,1000000.0,75618000000.0,82145000000.0,0.0,16315000000.0,25348824000.0,31620824000.0,53.92407553107789,1.3224364569282446e-05,1.6507334344967122,0.23808134233084077,0.0,53.92407553107789,0.046872150282691954,3.9263977695167287,4.931677821011673,0.9246333758891119,0.13618677042801555,0.0,0.006903673322281144,1.6327769347496206,0.21654896982200006,0.3249873545776429,24.68239922103213,1.0,0.5090909090909093,4.57309477997367,0.33291066717017415,0.6992913005194632,0.020388809862494073,0.37433155080213903,0.0,0.4240515438199227,0.31501530205364836,0.4371887089026886,Insurance—Property & Casualty,Financial Services,TRV
2009Q3,2009,Q3,2009-10-22,2009-09-30,935000000.0,6327000000.0,0.0,1.65,6327000000.0,1.0,4263000000.0,28160000000.0,286000000.0,77929000000.0,84457000000.0,0.0,15208000000.0,27490032000.0,33732032000.0,50.429799426934096,0.003670007314350242,1.5313159746657283,0.2318181818181818,0.0,50.429799426934096,0.033203125,4.344876244665718,7.3502759358288765,0.9762085227272727,0.17967914438502675,0.0,0.006111306090876868,1.4841660802251935,0.2472378703691822,0.2193291109547267,19.42758445229682,1.0,0.29921259842519676,2.279414398280802,0.20508515328208604,0.6076022518261005,0.026777020447906523,0.2635135135135135,0.0,0.10017716005461431,0.22939384738990085,0.39651438749254203,Insurance—Property & Casualty,Financial Services,TRV
2009Q2,2009,Q2,2009-07-30,2009-06-30,740000000.0,6162000000.0,0.0,1.27,6162000000.0,1.0,4283000000.0,26920000000.0,282000000.0,77874000000.0,84406000000.0,0.0,14442000000.0,23630832000.0,29880832000.0,46.75234456408475,0.003621234301564065,1.5250992295120243,0.2426448736998514,0.0,46.75234456408475,0.0274888558692422,3.834928919182084,7.983389189189189,0.8778169390787518,0.23243243243243245,0.0,0.0072786264994816946,1.4387111837497082,0.2491075326809975,0.17277609152463227,24.211918032786887,1.0,0.14414414414414406,4.106836338375067,0.15101849110252213,0.5595062050277744,0.07445510026155187,0.11782477341389729,0.0,-0.08342315308508456,0.18359542307106036,0.4030570869960885,Insurance—Property & Casualty,Financial Services,TRV
2009Q1,2009,Q1,2009-04-30,2009-03-31,662000000.0,5735000000.0,0.0,1.11,5735000000.0,1.0,4269000000.0,26497000000.0,245000000.0,77931000000.0,83970000000.0,0.0,13805000000.0,23758144000.0,29552144000.0,45.32500855285665,0.0031438067007994253,1.4146170063246661,0.22791259387855228,0.0,45.32500855285665,0.024983960448352643,4.142658064516129,8.972108761329306,0.8966352417254784,0.2688821752265861,0.0,0.00749216773835532,1.3434059498711641,0.23717134388112562,0.15507144530334974,29.22280934809348,1.0,-0.1838235294117647,-0.16188646653758923,0.03294512723397411,0.55424961077747,-0.012058570198105082,-0.1735330836454432,0.0,-0.2208289775544475,0.12240820169473796,0.37382190831927903,Insurance—Property & Casualty,Financial Services,TRV
2008Q4,2008,Q4,2009-02-19,2008-12-31,801000000.0,5805000000.0,0.0,1.36,5805000000.0,1.0,4055000000.0,25319000000.0,1000000.0,78132000000.0,84432000000.0,0.0,13314000000.0,26423920000.0,32011920000.0,43.3099555251454,1.2798853222751242e-05,1.4643649815043156,0.23452742999328569,0.0,43.3099555251454,0.03163632054978475,4.551924203273041,8.247166042446942,1.0436399541846044,0.22347066167290885,0.0,0.006774165226052758,1.4315659679408137,0.22879230020990118,0.19753390875462393,46.768,1.0,2.7777777777777777,10.451439511566095,0.8577356925030436,2.0236958507997094,-0.05532953620829943,2.7429906542056073,0.0,4.298491830349549,0.11202938739960103,0.3441757258891469,Insurance—Property & Casualty,Financial Services,TRV
2008Q3,2008,Q3,2008-10-22,2008-09-30,214000000.0,6145000000.0,0.0,0.36,6145000000.0,1.0,4469000000.0,24721000000.0,387000000.0,81643000000.0,87974000000.0,0.0,12690000000.0,26555000000.0,32496000000.0,42.07829787234043,0.004740149186090663,1.4159767285746252,0.255976699971684,0.0,42.07829787234043,0.008656607742405242,4.32139951179821,31.022196261682247,1.0741879373811738,0.8271028037383178,0.0,0.0066654114102805495,1.375027970463191,0.2275394093798611,0.0478854329827702,28.190021231422506,1.0,-0.7662337662337663,-0.6119148936170213,0.06179117485458792,0.5306081548968758,-0.023828435266084195,-0.772823779193206,0.0,0.5271741528762804,0.17579327684928914,0.2754185967017859,Insurance—Property & Casualty,Financial Services,TRV
2008Q2,2008,Q2,2008-07-23,2008-06-30,942000000.0,6295000000.0,0.0,1.54,6295000000.0,1.0,4441000000.0,25923000000.0,329000000.0,81366000000.0,87702000000.0,0.0,12655000000.0,25983580000.0,31984580000.0,43.298814097210624,0.004043457955411351,1.4253546498536365,0.24418470084480962,0.0,43.298814097210624,0.036338386760791576,4.127653693407466,6.895854564755838,1.0023369208810708,0.1910828025477707,0.0,0.006927451875376681,1.4174735419950462,0.23136199395324827,0.2121143886512047,36.908494318181816,1.0,0.0,0.6763423554773661,0.10423497802739642,0.573247747277135,0.010109114249037227,-0.025853154084798345,0.0,-0.014595546352925854,0.16604653243642375,0.29592543422068557,Insurance—Property & Casualty,Financial Services,TRV
2008Q1,2008,Q1,2008-04-24,2008-03-31,967000000.0,6232000000.0,0.0,1.54,6232000000.0,1.0,4452000000.0,26388000000.0,308000000.0,81915000000.0,87756000000.0,0.0,11896000000.0,29485170000.0,39887170000.0,42.82375851996105,0.0037599951168894585,1.3119946091644206,0.2213506139154161,0.0,42.82375851996105,0.036645444899196605,4.7312532092426185,7.622846432264737,1.1173703956343792,0.18510858324715615,0.0,0.006070848497736319,1.3998203054806828,0.22058231093206374,0.21720575022461816,31.807087378640777,1.0,-0.0887573964497041,0.9681222104468485,0.08650595462195759,0.6476259633951117,-0.039901401941149287,-0.09031044214487301,0.0,3.9455021035806803,0.10678064095785628,0.38001895944366093,Insurance—Property & Casualty,Financial Services,TRV
2007Q4,2007,Q4,2008-02-21,2007-12-31,1063000000.0,6491000000.0,0.0,1.69,6491000000.0,1.0,4181000000.0,26616000000.0,1000000.0,82366000000.0,88608000000.0,0.0,11110000000.0,33151560000.0,44308560000.0,43.193768257059396,1.2140931937935557e-05,1.4929442717053336,0.23452058911932672,0.0,43.193768257059396,0.03993838292756237,5.107311662301648,7.796698024459078,1.2455500450856627,0.17403574788334902,0.0,0.005580431207460524,1.5524994020569243,0.222118349804531,0.2542453958383162,24.61140311804009,1.0,-0.06629834254143652,0.6048986117983837,0.18846882999310197,0.7064019133923569,-0.005363162733680662,-0.11268781302170283,0.0,2.8037364106420384,0.10568897428503447,0.3611507274440538,Insurance—Property & Casualty,Financial Services,TRV
2007Q3,2007,Q3,2007-10-25,2007-09-30,1198000000.0,6526000000.0,0.0,1.81,6526000000.0,1.0,4605000000.0,26307000000.0,391000000.0,83094000000.0,89337000000.0,0.0,10235000000.0,33606572000.0,44334572000.0,40.57217766810611,0.004705514236888343,1.355700325732899,0.23731326262971833,0.0,40.57217766810611,0.04553921009617212,5.1496432730616,7.013057595993322,1.2774764131219827,0.15776293823038398,0.0,0.005623899991942053,1.417155266015201,0.22020843863576192,0.26015200868621063,16.678199503722084,1.0,-0.026881720430107548,5.481350919969056,-0.027834249341035358,0.6261246399440423,-0.007150464019473604,-0.044657097288676235,0.0,2.618627753383895,0.07045736456335311,0.29336076926573107,Insurance—Property & Casualty,Financial Services,TRV
2007Q2,2007,Q2,2007-07-26,2007-06-30,1254000000.0,6573000000.0,0.0,1.86,6573000000.0,1.0,4812000000.0,25322000000.0,562000000.0,83306000000.0,90039000000.0,0.0,9228000000.0,35235100000.0,45886100000.0,38.44822350440328,0.0067462127577845536,1.3992103075644222,0.265895268936103,0.0,38.44822350440328,0.04952215464813206,5.360581165373498,7.024541467304625,1.3914817155043044,0.15390749601275916,0.0,0.005477492613899209,1.3659600997506234,0.21928792643987227,0.26059850374064836,33.33500473036897,1.0,0.19230769230769232,2.7759645068558254,-0.10289787325515133,0.6049027671916279,0.022716664073440175,0.15469613259668508,0.0,5.602927421803827,0.0734310983970598,0.2825077263285149,Insurance—Property & Casualty,Financial Services,TRV
2007Q1,2007,Q1,2007-05-02,2007-03-31,1086000000.0,6427000000.0,0.0,1.56,6427000000.0,1.0,4735000000.0,25357000000.0,378000000.0,82641000000.0,88764000000.0,0.0,8167000000.0,34680723000.0,45311723000.0,37.851918196745785,0.00457400079863506,1.2931362196409715,0.24147178293962218,0.0,37.851918196745785,0.042828410300903105,5.396098179555002,7.98359185082873,1.3676981898489569,0.16114180478821363,0.0,0.005046030903104298,1.3573389651531151,0.19964666448857105,0.2293558606124604,40.0008339100346,1.0,-0.08235294117647053,1.4258747950139665,-0.1387373311085602,0.5413467080898833,-0.00649250270520946,-0.08662741799831791,0.0,0.19984051464836958,0.01018510858315368,0.2979882630549415,Insurance—Property & Casualty,Financial Services,TRV
