Quarters,Year,Quarter,FillingDate,Date,NetIncome,Revenue,OperatingIncome,EPSDiluted,GrossProfit,GrossProfitRatio,TotalAssets,CommonStockEquity,CurrentAssets,CurrentLiability,TotalLiability,Inventory,RetainedEarnings,MarketCap,EnterpriseValue,bookValuePerShare,currentRatio,debtToAssets,debtToEquity,roic,shareholdersEquityPerShare,roe,priceToSalesRatio,peRatio,pbRatio,payoutRatio,inventoryTurnover,dividendYield,assetTurnover,quickRatio,returnOnAssets,priceToFreeCashFlowsRatio,grossProfitMargin,epsdilutedGrowth,fiveYNetIncomeGrowthPerShare,fiveYRevenueGrowthPerShare,fiveYShareholdersEquityGrowthPerShare,grossProfitGrowth,netIncomeGrowth,operatingIncomeGrowth,threeYNetIncomeGrowthPerShare,threeYRevenueGrowthPerShare,threeYShareholdersEquityGrowthPerShare,Industry,Sector,Symbol
2023Q2,2023,Q2,2023-05-09,2023-03-31,126258000.0,3490172000.0,197430000.0,0.9,228094000.0,0.0653532261,11529061000.0,2594340000.0,6039143000.0,5537265000.0,8792186000.0,110574000.0,-662891000.0,11714324640.0,13453156640.0,18.674123820423677,1.0906364423591792,0.24393547748598085,1.0840317768681051,0.024782868243443692,18.674123820423677,0.04866671292120539,3.3563745970112646,23.195212659791853,4.515339022641596,0.20134169715978392,29.501311339012787,0.0021700781548427365,0.30272821004243106,0.9343072798574747,0.010951282155589255,-557.5860174211052,0.06535322614472869,0.4285714285714286,2.2106133441169056,-0.16364774365742343,-0.26290220762410693,0.0609615420395557,0.43564727954971855,0.30105571151793126,2.6730318807374327,0.22719363046704236,-0.1616081962495918,Engineering & Construction,Industrials,ACM
2023Q1,2023,Q1,2023-02-07,2022-12-31,87945000.0,3382355000.0,151746000.0,0.63,214988000.0,0.0635616309,11542929000.0,2555634000.0,6027467000.0,5557718000.0,8850036000.0,72588000.0,-689111000.0,11778686910.0,13432889910.0,18.42735079711869,1.0845219206875916,0.24383351920470098,1.1013130205655426,0.02006638194014589,18.42735079711869,0.03441220456450337,3.482392271065574,33.48310566263006,4.608909926069226,0.2364659730513389,43.634857001157215,0.001765561828657181,0.2930239803086374,0.9302492497820148,0.0076189500949022555,140.81758515153328,0.06356163087552903,-0.16,-0.10043511634735015,-0.21578482849118172,-0.2910372978106463,-0.010493952169670638,-0.16732943248309948,-0.17543688054251436,1.457104592955954,0.18588978532600878,-0.21066964961841073,Engineering & Construction,Industrials,ACM
2022Q4,2022,Q4,2022-11-17,2022-09-30,105618000.0,3426113000.0,184032000.0,0.75,217268000.0,0.0634153047,11268040000.0,2476654000.0,5822810000.0,5404171000.0,8662661000.0,838402000.0,-701654000.0,9546229620.0,11174620620.0,17.737770902267485,1.07746590550151,0.24854366864157387,1.13079986142594,0.024644977727427242,17.737770902267485,0.0426454401785635,2.7863148763628054,22.596123814122596,3.8544865855303168,0.1982143195288682,3.827334619907872,0.0021930124073424495,0.30405580739862476,0.9223238864943393,0.009373236161745964,38.33134421490092,0.06341530474914284,0.041666666666666706,0.34662843168338286,-0.20405597852771945,-0.30076946711307534,-0.014880979369757425,0.036608825376884424,0.005589889021851384,1.2515999404651328,-0.24352495418955442,-0.24201368262685752,Engineering & Construction,Industrials,ACM
2022Q3,2022,Q3,2022-08-10,2022-06-30,101888000.0,3241695000.0,183009000.0,0.72,220550000.0,0.0680353951,11375181000.0,2451010000.0,5795787000.0,5464939000.0,8797337000.0,862767000.0,-731265000.0,9170453760.0,10976798760.0,17.431511720527993,1.0605401084989239,0.2476503011248788,1.1493494518586216,0.02246598107496189,17.431511720527993,0.04156980183679381,2.828907025491294,22.501309673366833,3.7414999367607638,0.2076299466080402,3.5016928092984547,0.0023068651294306294,0.28497964120307184,0.9026600296910908,0.008957044287910672,50.15699269833456,0.06803539506338505,0.894736842105263,0.11391518662056385,-0.21273329251888737,-0.2678716006543133,0.05047820454199055,0.8651923992238129,0.6416160601358079,0.36230753674086713,-0.2712144983433544,-0.36225356549726623,Engineering & Construction,Industrials,ACM
2022Q2,2022,Q2,2022-05-11,2022-03-31,54626000.0,3213658000.0,111481000.0,0.38,209952000.0,0.0653311584,11314274000.0,2531442000.0,5697176000.0,5283478000.0,8664621000.0,831389000.0,-706783000.0,10834818600.0,12715094600.0,17.945852828583583,1.0783003165717733,0.25148286138377063,1.1240020510049213,0.011173823229123098,17.945852828583583,0.021579005167805542,3.3714908680388516,49.58636272104858,4.28009750964075,0.0,3.6128767640659185,0.0,0.2840357233703196,0.9209467702903277,0.0048280605543051195,-620.8709300326628,0.0653311584493434,-0.5529411764705883,-0.41241795841453044,-0.20049199488464672,-0.21335581093577777,0.048690335857425424,-0.5566683168718602,0.9072882805816938,-0.22086127481403764,-0.2920324732802334,-0.3307761318587737,Engineering & Construction,Industrials,ACM
2022Q1,2022,Q1,2022-02-09,2021-12-31,123217000.0,3266716000.0,58450000.0,0.85,200204000.0,0.0612860132,11443018000.0,2626239000.0,5930268000.0,5513463000.0,8816779000.0,0.0,-676902000.0,10966528300.0,13470908300.0,18.523600276488594,1.075597677902255,0.30343122767088193,1.3221070131088601,0.008101428026927437,18.523600276488594,0.04691766438621923,3.3570498016968724,22.250436830956765,4.175754110726404,0.0,0.0,0.0,0.28547678593182324,0.6437872168544525,0.010767876097022656,67.6153172205438,0.06128601323163691,0.2878787878787878,1.8415303806578496,-0.18450785882213414,-0.15423071109134737,-0.0784965340746946,0.2812815206879699,-0.6566289124917756,1.63861201663213,-0.2845668139135898,-0.28947288713344455,Engineering & Construction,Industrials,ACM
2021Q4,2021,Q4,2021-11-17,2021-09-30,96167000.0,3353767000.0,170224000.0,0.66,217258000.0,0.06478029034217345,11733954000.0,2712470000.0,5217718000.0,4400.0,9021484000.0,0.0,347433.0,9086042160.0,7861268060.0,18.861221594859956,1185845.0,0.0003768465429470748,0.0016302115783769038,0.043376065960999965,18.861221594859956,0.03545366400365718,2.709204950731521,23.62047833456383,3.3497300099171605,0.0,0.0,0.0,0.2858172956873702,1185845.0,0.00819561760681864,30.860503968779614,0.06478029034217345,7.250000000000001,13.51014606598259,-0.15674790725977347,-0.12430788851044963,0.07802157452340548,7.33986644696904,0.06063192787224365,0.26295378994634155,-0.3028926411858877,-0.2690826159596257,Engineering & Construction,Industrials,ACM
2021Q3,2021,Q3,2021-08-11,2021-06-30,11531000.0,3408357000.0,160493000.0,0.08,201534000.0,0.05912936937063811,11963125000.0,2708037000.0,6248493000.0,5680031000.0,9146113000.0,0.0,-483362000.0,9251621880.0,11123131880.0,18.534361332977436,1.10008079181258,0.2441285199310381,1.0784712321138892,0.05380649528632762,18.534361332977436,0.004258065897917938,2.7143934394196383,200.58151678085162,3.4163572654287955,0.0,0.0,0.0,0.2849052400606029,0.9250493527236031,0.0009638785852358811,31.36185534719115,0.05912936937063811,-0.6923076923076923,-0.8187977846705663,-0.18065595196986933,-0.19194521571223547,0.032136802913053944,-0.7070301582865418,0.01794967747664322,-0.792177660167864,-0.27317953721094773,-0.2709626611059982,Engineering & Construction,Industrials,ACM
2021Q2,2021,Q2,2021-05-12,2021-03-31,39359000.0,3265573000.0,157663000.0,0.26,195259000.0,0.05979318177851176,11983842000.0,2822969000.0,6258426000.0,5601897000.0,9057133000.0,0.0,-336852000.0,9473534700.0,11376473700.0,19.103803207687623,1.1171976207345475,0.23680594253495665,1.0052696292449546,0.017902086916895373,19.103803207687623,0.0139424131118691,2.901032896830051,60.1738782743464,3.3558762777770497,0.0,0.0,0.0,0.2724980018928821,0.9433577589877143,0.003284339029169443,3399.187190527449,0.05979318177851176,0.5294117647058822,-0.017477429376266135,-0.22174417307804545,-0.147702051812331,0.05906058469382221,0.5063916105327618,0.11680703817302175,1.3548060291562276,-0.2642975814332808,-0.24594206904800453,Engineering & Construction,Industrials,ACM
2021Q1,2021,Q1,2021-02-10,2020-12-31,26128000.0,3313155000.0,141173000.0,0.17,184370000.0,0.0556478643468235,12504552000.0,2908204000.0,6900892000.0,6001596000.0,9484378000.0,0.0,-254639000.0,7537886720.0,8561774720.0,19.20570054945055,1.149842808479611,0.16543063677931044,0.7113104857843535,0.019124114697812274,19.20570054945055,0.008984239069886431,2.275138567317255,72.12460502143296,2.59193877733474,0.0,0.0,0.0,0.26495591365448357,0.9156284428342061,0.0020894790952926583,-316.74454660055466,0.0556478643468235,1.1180555555555556,2.301455500982167,-0.21790262418491577,-0.1098843224208296,-0.02895695957191312,1.1135077132939741,1.160789175620657,-0.7552241613365137,-0.2964437168269533,-0.26109154219243275,Engineering & Construction,Industrials,ACM
2020Q4,2020,Q4,2020-11-19,2020-09-30,-230187000.0,3568950000.0,65334000.0,-1.44,189868000.0,0.053199960772776306,12998962000.0,3292558000.0,7530366000.0,6090454000.0,9585407000.0,0.0,174248000.0,6695236800.000001,7048914800.000001,20.57591551056118,1.236421127226312,0.1586288197472998,0.6262638349878726,0.002163535314694247,20.57591551056118,-0.06991129693083614,1.8759682259488086,-7.271519243050217,2.03344536375669,0.0,0.0,0.0,0.2745565376681615,1.0091625353380882,-0.017708106231866822,10.833243207821019,0.053199960772776306,-3.6181818181818177,-210.47858951934984,-0.273916254930875,-0.07148541755476413,0.025875436975561786,-3.576556710954902,-0.45037435854294605,-3.560841289816058,-0.27654197845585893,-0.18888858998360103,Engineering & Construction,Industrials,ACM
2020Q3,2020,Q3,2020-08-05,2020-06-30,89339000.0,3189679000.0,118870000.0,0.55,185079000.0,0.058024334110109516,13045058000.0,3744894000.0,7290362000.0,5751671000.0,9159184000.0,0.0,540703000.0,6017272020.0,6758690020.0,23.38819253180447,1.2675206909435537,0.15888668337082135,0.5534698712433516,0.01963052438411466,23.38819253180447,0.023856215956980356,1.8864820002263551,16.83831255106952,1.6067936822777893,0.0,0.0,0.0,0.24451244294965957,1.021933973622622,0.006848493889410074,40.351607218299236,0.058024334110109516,2.0185185185185186,5.9232150612615415,-0.33578299964880093,0.02100611193140992,0.09635513852606138,2.0373058077700112,0.07996874659301523,-0.1422961957851184,-0.31975732198901263,-0.017689329736451695,Engineering & Construction,Industrials,ACM
2020Q2,2020,Q2,2020-05-06,2020-03-31,-86126000.0,3245737000.0,110068000.0,-0.54,168813000.0,0.05201068355199451,13115055000.0,3531502000.0,7378257000.0,5987541000.0,9449823000.0,0.0,451364000.0,4732717500.0,5729156500.0,22.27374329864396,1.232268305135614,0.16252314610956645,0.603567547179642,0.012267597080044742,22.27374329864396,-0.0243879233255425,1.4581333915840995,-13.737772275503332,1.3401429476749553,0.0,0.0,0.0,0.24748176809018338,0.9773222429708623,-0.006566956829384246,-15.09191053371727,0.05201068355199451,-3.16,-309.47200019917346,-0.31377543452313655,-0.018967774506208457,0.018172496984318456,-3.1211210718155846,0.26240695500579203,-1.8242159680605825,-0.2815871049624354,-0.023645691182826983,Engineering & Construction,Industrials,ACM
2020Q1,2020,Q1,2020-02-05,2019-12-31,40604000.0,3235610000.0,87189000.0,0.25,165800000.0,0.05124226961840271,15229385000.0,3673002000.0,7466933000.0,6461458000.0,11369955000.0,0.0,537490000.0,6785729160.0,9530109160.0,23.34554953855541,1.1556111639199698,0.22783690871299137,0.9446812171624192,0.00759395659306256,23.34554953855541,0.011054717639685466,2.097202431689851,41.779930302433264,1.8474613299965534,0.0,0.0,0.0,0.2124583494343337,0.8191149737412207,0.0026661615029103278,-28.44883181566635,0.05124226961840271,1.0830564784053156,1.3537991034459989,-0.30290148021266294,-0.06694607232095358,-0.3040222309907399,1.0856349862491352,1.207729859931431,-0.15619465050477005,-0.27212575659533417,0.06593472854558179,Engineering & Construction,Industrials,ACM
2019Q4,2019,Q4,2019-11-13,2019-09-30,-474152000.0,5115608000.0,-419723000.0,-3.01,238226000.0,0.04656846263435353,14461574000.0,3690576000.0,7534645000.0,6461754000.0,10562241000.0,0.0,599548000.0,5923550040.0,8246136040.0,23.401175582877325,1.166037116238099,0.23530910259146065,0.922062030425603,-0.0561521600669809,23.401175582877325,-0.1284764221086356,1.1579366597284233,-3.123233709865191,1.605047569810241,0.0,0.0,0.0,0.3537379817715554,1.0689238556590053,-0.03278702581060679,7.688887960083281,0.04656846263435353,-6.788461538461537,-5.606857026906927,0.24185813505439793,0.04998915302709552,0.13850815316090306,-6.6623277365115,-3.1762076850089955,-66.23819717595761,0.17289854232286544,0.0864738932441194,Engineering & Construction,Industrials,ACM
2019Q3,2019,Q3,2019-08-07,2019-06-30,83738000.0,4980204000.0,192869000.0,0.52,209244000.0,0.0420151463674982,14795199000.0,4303004000.0,7271825000.0,5940705000.0,10298200000.0,0.0,1088824000.0,5947667620.0,8967026620.0,27.33298185213652,1.2240676822027015,0.25771373538132203,0.8861079376175341,0.01763820886755825,27.33298185213652,0.019460358391486507,1.1942618454986984,17.756775955957867,1.382212895921082,0.0,0.0,0.0,0.33660946365101274,1.1218118051645385,0.00565980896911221,120.62032529558499,0.0420151463674982,0.06122448979591842,-0.25112441140100894,0.5668664594288542,0.2125080863685042,0.07105783110328519,0.07570171494636778,0.1478657810788935,0.2212690365662146,0.11111904074387359,0.1916540504242713,Engineering & Construction,Industrials,ACM
2019Q2,2019,Q2,2019-05-08,2019-03-31,77845000.0,5040022000.0,168024000.0,0.49,195362000.0,0.038762132387517356,14737015000.0,4199936000.0,7240640000.0,5890187000.0,10342149000.0,0.0,1005086000.0,4798867440.0,7863943440.0,26.815918682679843,1.2292716682848948,0.26409378018547175,0.9266698349689139,0.01696523473940329,26.815918682679843,0.018534806244666586,0.9521520818758331,15.4116110219025,1.1426048968365232,0.0,0.0,0.0,0.34199748049384493,1.119389248592617,0.005282277313282235,59.10153626365506,0.038762132387517356,0.5312499999999999,0.19968318244269082,0.6674395164328015,0.23868180589658217,0.14505928622086242,0.51099594324424,1.0023118631948995,0.8334348571408451,0.13326557723571353,0.19636661996278285,Engineering & Construction,Industrials,ACM
2019Q1,2019,Q1,2019-02-06,2018-12-31,51519000.0,5037495000.0,83915000.0,0.32,170613000.0,0.03386861922443595,14767639000.0,4077800000.0,7249734000.0,6040897000.0,10517221000.0,0.0,957230000.0,4145024000.0,7227012000.0,26.070222995090017,1.2001088580056902,0.2654649128408407,0.9613737799794007,0.02168819467497576,26.070222995090017,0.012634018343224288,0.822834365096144,20.114055008831695,1.0164853597528078,0.0,0.0,0.0,0.34111715488169775,1.0775811936538564,0.003488641616984272,-18.508041686387624,0.03386861922443595,-0.38461538461538464,-0.4375638148614358,0.5873473931018672,0.23295022107777613,-0.09270604001148655,-0.3865105921859557,-0.5259494850777044,3.4843004577766594,0.15119061784082152,0.20826179426079294,Engineering & Construction,Industrials,ACM
2018Q4,2018,Q4,2018-09-30,2018-09-30,83977000.0,5305850000.0,177017000.0,0.52,188046000.0,0.03544125823383624,14681177000.0,4092780000.0,7127322000.0,6129677000.0,10402757000.0,0.0,948148000.0,5199071900.0,7939135900.0,25.804861133003374,1.1627565367636827,0.24703720961882006,0.886145114078939,0.019470559107757513,25.804861133003374,0.02051832739604865,0.9798754016792786,15.477666206223132,1.270303290184178,0.0,0.0,0.0,0.3614049473008874,1.0575351686557057,0.005720045470468751,10.247283295326207,0.03544125823383624,0.4054054054054055,-0.3221301461723413,0.5773046111992224,0.25138276327655773,0.015482317109391453,0.37870628796585126,0.10130401781825873,76.10394439851049,0.08907706035613898,0.16447746141208963,Engineering & Construction,Industrials,ACM
2018Q3,2018,Q3,2018-06-30,2018-06-30,60910000.0,5147920000.0,160734000.0,0.37,185179000.0,0.03597161572052402,14727432000.0,4077732000.0,7043842000.0,5890070000.0,10467283000.0,0.0,1014131000.0,5297846850.0,8376699850.0,25.423061816141402,1.1958842594400405,0.2634724098539379,0.9515760231422762,0.014017358457544454,25.423061816141402,0.014937224908355919,1.0291237723196942,21.74456924150386,1.2992140851826457,0.0,0.0,0.0,0.34954634317781946,1.0744758551256606,0.004135819469409195,136.5741241525096,0.03597161572052402,1.4933333333333334,-0.46727658855961623,0.5408440668352754,0.2707754058632076,0.310797610283708,1.5087152247083093,4.646002041510718,4.3507988929610155,0.07015538290347689,0.10983785784184119,Engineering & Construction,Industrials,ACM
2018Q2,2018,Q2,2018-03-31,2018-03-31,-119733000.0,4790910000.0,-44085000.0,-0.75,141272000.0,0.029487508636146367,14617317000.0,4040752000.0,6923960000.0,5641841000.0,10352707000.0,0.0,953221000.0,5682806850.0,8764296850.0,25.33466252860591,1.2272518846241856,0.27013952013218295,0.9772228040721133,-0.0044991126788871145,25.33466252860591,-0.0296313656467905,1.1861643925684264,-11.86558185713212,1.4063735784824212,0.0,0.0,0.0,0.3277557707751703,1.0915913794805632,-0.008191174892081769,61.63297525053143,0.029487508636146367,-2.0869565217391304,-2.4010679260997443,0.5162073202787442,0.24969862545138805,0.037605029672718726,-2.0756328943349445,-1.3360085974299172,-427.2991921871829,0.006908762948655609,0.11584837938244351,Engineering & Construction,Industrials,ACM
2018Q1,2018,Q1,2017-12-31,2017-12-31,111314000.0,4910832000.0,131202000.0,0.69,136152000.0,0.027724833592352578,14622992000.0,4104369000.0,6842040000.0,5676057000.0,10292170000.0,0.0,1072954000.0,5866319350.0,8955329350.0,25.99198905698852,1.2054212986233226,0.26685209155554485,0.9507371291421409,0.026367516322604586,25.99198905698852,0.02712085584897459,1.1945673054993533,13.175160694072623,1.4292865358840785,0.0,0.0,0.0,0.3358294937178383,1.0861619254352097,0.0076122588318450835,255.9699515664543,0.027724833592352578,0.25454545454545435,0.9377899410708738,0.6150094857042032,0.3285861411942319,-0.19970375072739777,0.2579558810234156,-0.18941060175460275,1.9663798774925665,0.05415202869788882,0.038824442224486055,Engineering & Construction,Industrials,ACM
2017Q4,2017,Q4,2017-09-30,2017-09-30,88488000.0,4856388000.0,161860000.0,0.55,170127000.0,0.03503159138026039,14397003000.0,3996126000.0,6682222000.0,5578379000.0,10182270000.0,0.0,961640000.0,5798642490.0,8840389490.0,25.367557719531007,1.1978788103138922,0.2670075848424842,0.9619589072016248,0.01948986498726449,25.367557719531007,0.022143445927380666,1.1940237250400916,16.382567382017903,1.4510659799015346,0.0,0.0,0.0,0.3373193712608103,1.0729749627983327,0.0061462791943573255,25.253211784687746,0.03503159138026039,-0.14062499999999994,1.274642271797044,0.6275141680211438,0.2857864347853058,-0.028822441430332923,-0.12670857718081063,-0.2206654148009052,-0.13926891306444372,0.18027733642329621,0.13821890485645827,Engineering & Construction,Industrials,ACM
2017Q3,2017,Q3,2017-08-09,2017-06-30,101327000.0,4561467000.0,207690000.0,0.64,175176000.0,0.03840343468449953,13836248000.0,3708618000.0,6333291000.0,5189602000.0,9919893000.0,0.0,873152000.0,5035817790.0,8134302790.0,23.809364226420907,1.2203808692843883,0.2826592874021917,1.0545556323137082,0.025013881149828908,23.809364226420907,0.0273220374813475,1.103990841104408,12.424669115832897,1.3578691011045085,0.0,0.0,0.0,0.32967514025478584,1.081906666445712,0.00732330036293076,12.804467461338568,0.03840343468449953,-0.015384615384615398,0.03296216261628211,0.5406072854378254,0.0686315522346896,0.039965804659115194,-0.01043986093206766,0.4738881437482702,-0.08413237319730359,0.45047357879188,0.05619821547467743,Engineering & Construction,Industrials,ACM
2017Q2,2017,Q2,2017-05-10,2017-03-31,102396000.0,4427198000.0,140913000.0,0.65,168444000.0,0.038047541582734726,13641051000.0,3544392000.0,6166308000.0,5064092000.0,9912851000.0,0.0,771825000.0,5529475940.000001,9007223940.0,22.81317662809109,1.2176532337880117,0.30816687071985877,1.186020056472309,0.02621872836202254,22.81317662809109,0.028889581062139853,1.2489786858414738,13.50022447165905,1.5600633169243132,0.0,0.0,0.0,0.3245496259782329,1.0816930261140596,0.007506459729532571,-83.11376903305327,0.038047541582734726,1.1666666666666667,0.5248014505068554,0.6062038396321925,0.062489655048783635,-0.008995546351479353,1.1703724114542486,-0.017295125982439867,0.5907899820649509,0.47652434103322344,0.05378701204718849,Engineering & Construction,Industrials,ACM
2017Q1,2017,Q1,2016-12-31,2016-12-31,47179000.0,4358349000.0,143393000.0,0.3,169973000.0,0.038999400919935506,13509011000.0,3378413000.0,5985101000.0,5165328000.0,9949109000.0,0.0,669429000.0,5608711800.0,9021065800.0,21.901481313409615,1.1587068623715666,0.3042466247159026,1.216568548605514,0.013899840658485823,21.901481313409615,0.013964840888310577,1.2868890949302132,29.72038300938977,1.6601616794631087,0.0,0.0,0.0,0.32262532023994944,1.0216905877032398,0.0034924096219923133,104.01334866383547,0.038999400919935506,5.0,-0.27278222390338874,0.5868419591072799,0.03469556427863078,0.15487263808016088,5.549000555247085,1.0759631114907418,-0.47772830908400393,0.392583625922562,0.03579613539879997,Engineering & Construction,Industrials,ACM
2016Q4,2016,Q4,2016-11-16,2016-09-30,7204000.0,4323096000.0,69073000.0,0.05,147179000.0,0.034044814179467676,13726714000.0,3366921000.0,6000771000.0,5304756000.0,10174256000.0,0.0,618445000.0,4647393600.0,8080538600.0,21.538645087001022,1.1312058462255379,0.3005300467395183,1.2252411030731045,-0.08262115493934472,21.538645087001022,0.002139640342021687,1.0750151280471218,161.27823431426984,1.3803096657153524,0.0,0.0,0.0,0.3149403418764316,0.9935819856747417,0.0005248160630432017,14.841359400647638,0.034044814179467676,-0.8837209302325582,-0.9398959548671433,0.48804698855747747,0.04912601912803389,-0.14102706267545218,-0.8931854575647945,-0.37385668313465986,-0.940998643494769,0.30394061399280675,0.04449658020955134,Engineering & Construction,Industrials,ACM
2016Q3,2016,Q3,2016-06-30,2016-06-30,67444000.0,4408782000.0,110315000.0,0.43,171343000.0,0.0388640218545621,13878278000.0,3551842000.0,6171895000.0,5286219000.0,10119120000.0,0.0,611241000.0,4919648040.0,8586868040.0,22.93701082323767,1.1675443261052938,0.3094920709903635,1.209292812011345,0.024066821232272946,22.93701082323767,0.018988457256826175,1.115874642928591,18.236047832275666,1.3850976591864166,0.0,0.0,0.0,0.317675002619201,1.0062617534385163,0.0048596807183139005,26.472777580473316,0.0388640218545621,0.5925925925925924,-0.3043324154161739,0.6404914658343503,0.09015300805061244,-0.06596563528924358,0.6124127378789328,-0.21627900368007502,-0.3890150534439149,0.3668458328775171,0.14650978898546205,Engineering & Construction,Industrials,ACM
2016Q2,2016,Q2,2016-03-31,2016-03-31,41828000.0,4381296000.0,140758000.0,0.27,183444000.0,0.04186980290763281,13989215000.0,3458440000.0,6285936000.0,5260488000.0,10324864000.0,0.0,543797000.0,4750743050.0,8553565050.0,22.41446579604005,1.194934006122626,0.3197177254048923,1.2932420397635929,0.015002255576144135,22.41446579604005,0.012094470339228091,1.0843236909809335,28.394514738930862,1.3736664652270967,0.0,0.0,0.0,0.3131909831966983,1.048290006554525,0.002990017667181468,101.98885919151586,0.04186980290763281,3.076923076923077,-0.4491141555483894,0.7198319977432791,0.1028707441830173,0.30233284584475145,3.053714341827466,0.4594790759404421,-0.49404994622971077,0.43330426061750404,0.10565226846460711,Engineering & Construction,Industrials,ACM
2016Q1,2016,Q1,2015-12-31,2015-12-31,-20367000.0,4297651000.0,96444000.0,-0.13,140858000.0,0.03277557903142903,13529372000.0,3314581000.0,5896574000.0,4755094000.0,10010508000.0,0.0,501969000.0,4613178570.0,8477990570.0,21.576634400692623,1.240054139834039,0.3342990347223803,1.364533254731141,0.004570634142623047,21.576634400692623,-0.00614466805910008,1.073418611702067,-56.625651421417,1.3917833264596642,0.0,0.0,0.0,0.31765339884216354,1.158858058326502,-0.0015053913810633634,59.74691200849609,0.03277557903142903,-20.109876893939393,-1.2751058735278982,0.7050043690248821,0.13835513005406383,-0.1744731228168882,-20.286931818181817,0.0126417471650567,-1.3644566853198847,0.4528242980832006,0.10289433315482763,Engineering & Construction,Industrials,ACM
2015Q4,2015,Q4,2015-09-30,2015-09-30,1056000.0,4723637000.0,95240000.0,0.006802764911647803,170628000.0,0.03612216603435023,14014238000.0,3407748000.0,6246085000.0,4836052000.0,10383355000.0,0.0,522336000.0,4230460290.0000005,8153505290.0,22.160034855214302,1.2915669641269365,0.3287326788655937,1.3519010208501332,0.007374627342875006,22.160034855214302,0.00030988206874451983,0.8955938591386257,1001.529424715909,1.241424040157899,0.0,0.0,0.0,0.3370598529866554,1.1593245895618989,7.53519385071097e-05,15.793608913644867,0.03612216603435023,1.0618433173786164,-0.988043902301254,0.9821324922785738,0.25114414316766737,0.34864604246036135,1.0614239181014424,1.3015393538097195,1.0033574565837995,0.6216286179489399,0.12320912112350112,Engineering & Construction,Industrials,ACM
2015Q3,2015,Q3,2015-08-12,2015-06-30,-17192000.0,4549578000.0,41381000.0,-0.11,126518000.0,0.027808733029744737,14236124000.0,3474924000.0,6227370000.0,4767207000.0,10496059000.0,0.0,521280000.0,5018136760.0,9185294760.0,22.907005412104393,1.306293181730938,0.3352779169386274,1.3735719112130222,0.00014225980743843197,22.907005412104393,-0.004947446332639218,1.1029894992458642,-72.97197475570032,1.4440997155621245,0.0,0.0,0.0,0.3195798238340717,1.1936108501267093,-0.0012076320773828607,33.424608580392054,0.027808733029744737,-64.18207926479036,-1.20019185121699,1.1007827697683767,0.3313814792641705,0.2246205668266997,-65.63157894736842,5.323502444987775,-1.1799587394540898,0.5777777820431423,0.02813113856359909,Engineering & Construction,Industrials,ACM
2015Q2,2015,Q2,2015-03-31,2015-03-31,266000.0,4506197000.0,6544000.0,0.001741,103312000.0,0.022926649678209808,14016005000.0,3429567000.0,5985183000.0,4461104000.0,10295160000.0,0.0,538472000.0,4655453460.0,8910753460.0,22.704395146074557,1.341637182186293,0.3473098789562361,1.4193911359655607,-0.00029461090505712706,22.704395146074557,7.756081161266131e-05,1.0331224888747652,4375.426184210526,1.3574464239946327,0.0,0.0,0.0,0.32150366670103214,1.2311190234524907,1.897830373205489e-05,193.12426200945822,0.022926649678209808,1.0023849315068494,-0.9965737096448112,1.1202669214321956,0.35188823591931445,-0.3709041973414199,1.002569973817184,-0.573569659846214,-0.9959258353989399,0.6815450925292191,0.05742331986944164,Engineering & Construction,Industrials,ACM
2015Q1,2015,Q1,2014-12-31,2014-12-31,-103503000.0,4186035000.0,15346000.0,-0.73,164223000.0,0.03923115788568419,14253309000.0,3550220000.0,6100785000.0,4413077000.0,10413957000.0,0.0,573678000.0,4309260040.0,8552436040.0,25.020579031939786,1.3824333905798607,0.34923988527856936,1.4021170519010089,0.0014344299378659929,25.020579031939786,-0.029153967923114622,1.029437173841117,-10.408538979546487,1.213800846144746,0.0,0.0,0.0,0.2936886445105484,1.2760074206726961,-0.007261682182011208,17.038776951393583,0.03923115788568419,-2.140625,-2.8028780008177785,1.2543394163884418,0.5387599057124965,0.27274065922142743,-2.6165776403336145,-0.8503121342177136,-2.7344030658687206,0.6568983545401157,0.1820516507337865,Engineering & Construction,Industrials,ACM
2014Q4,2014,Q4,2014-11-17,2014-09-30,64026000.0,2562529000.0,102520000.0,0.64,129031000.0,0.0503529911271248,6123360000.0,2186517000.0,3434113000.0,2455769000.0,3850897000.0,0.0,677181000.0,3311111250.0,3740901250.0,22.28706412386476,1.3983860045468446,0.16395867628230254,0.459167708277594,0.02202639558845899,22.28706412386476,0.02928218714969973,1.2921263525212787,12.928776005060445,1.5143313543869086,0.0,0.0,0.0,0.41848413289435865,1.315567140068956,0.010456024143607431,20.484225943752243,0.0503529911271248,-0.08571428571428563,0.36065061143111266,0.7848568184455633,0.4579533581818938,0.18878754376266815,-0.07530329289428077,0.12004544858628677,-0.14886016115794204,0.4054166853048341,0.08558076740086579,Engineering & Construction,Industrials,ACM
2014Q3,2014,Q3,2014-08-06,2014-06-30,69240000.0,1968155000.0,91532000.0,0.7,108540000.0,0.05514809555141745,5753725000.0,2197512000.0,3121810000.0,2053860000.0,3470269000.0,0.0,613155000.0,3138952600.0000005,3672230600.0000005,22.54251510519783,1.5199721500004868,0.18134773559737388,0.4748210703741322,0.023575581804019318,22.54251510519783,0.03150836036390245,1.594870627567443,11.333595465049106,1.4284120405258312,0.0,0.0,0.0,0.3420662266618582,1.4368077668390251,0.012033943228082676,49.58694196075954,0.05514809555141745,0.7073170731707317,0.5265669743258716,0.44797743837072923,0.48640084812905693,0.24177697438420265,0.7227308917197452,0.33830452963710267,0.13449722988630952,0.16332907179007777,0.07140336813465085,Engineering & Construction,Industrials,ACM
2014Q2,2014,Q2,2014-05-07,2014-03-31,40192000.0,1872224000.0,68394000.0,0.41,87407000.0,0.04668618712290837,5645257000.0,2100189000.0,3023901000.0,2001685000.0,3454841000.0,0.0,543916000.0,3120876040.0,3709510040.0,21.648754793221457,1.5106777539922616,0.193290934318845,0.5195613347179706,0.01578360136313269,21.648754793221457,0.01913732525977424,1.6669351744235732,19.412296228105095,1.4859977078253435,0.0,0.0,0.0,0.3316454857591072,1.4236330891224143,0.007119605006468262,-71.27403201863567,0.04668618712290837,-0.29310344827586204,0.01636874794195037,0.3709060537383823,0.48558599714484213,0.11776516023427709,-0.28732534222285266,-0.24373037286036534,-0.1580999681377953,0.16887382268628998,0.06519506316558873,Engineering & Construction,Industrials,ACM
2014Q1,2014,Q1,2014-02-05,2013-12-31,56396000.0,1953875000.0,90436000.0,0.58,78198000.0,0.040022007549101145,5837468000.0,2036266000.0,3248847000.0,2159670000.0,3714462000.0,0.0,503724000.0,2834167860.0,3356509860.0,21.144586820626778,1.5043256608648543,0.2062683684090431,0.5913200927580189,0.019718853682099417,21.144586820626778,0.027695792200036734,1.4505369381357558,12.563691839846797,1.3918455938467764,0.0,0.0,0.0,0.33471275559883157,1.4363073988155597,0.009661037970572172,24.303422000411608,0.040022007549101145,-0.24675324675324684,0.4964885347194629,0.45846371225048504,0.5477326009816935,-0.442291370985572,-0.26345209486991955,-0.2630944232586943,0.21515234190351468,0.23651888775495872,0.11556086241890334,Engineering & Construction,Industrials,ACM
2013Q4,2013,Q4,2013-11-13,2013-09-30,76568000.0,2079087000.0,122724000.0,0.77,140213000.0,0.06743969829064392,5665602000.0,2021443000.0,3131602000.0,2053549000.0,3591529000.0,0.0,472155000.0,3065335560.0,3637983560.0,20.621077651283308,1.5249706727231733,0.20709626267429304,0.5804393198324167,0.02636858282253946,20.621077651283308,0.03787789217900282,1.4743661809246078,10.008539990596594,1.5164095945322227,0.0,0.0,0.0,0.3669666524404644,1.4331174956136912,0.01351453914341318,21.126112600536192,0.06743969829064392,0.10000000000000009,0.8790752657362921,0.36101452525906114,0.5147654456564389,0.06371857314094102,0.0821567380397145,0.0967488248226063,0.35993994567229387,0.3685974241119373,0.1642554128536494,Engineering & Construction,Industrials,ACM
2013Q3,2013,Q3,2013-08-07,2013-06-30,70755000.0,2067490000.0,111898000.0,0.7,131814000.0,0.06375556834615886,5539374000.0,1985730000.0,3049684000.0,1941556000.0,3497503000.0,0.0,457249000.0,3145454330.0,3786582330.0,20.005944165147042,1.5707422294283555,0.2073734324492262,0.5784870047790989,0.025073810463321213,20.005944165147042,0.035631732410750704,1.5213879293249302,11.113894177089959,1.5840292134378793,0.0,0.0,0.0,0.37323531503740315,1.4672206209864664,0.012773103964455189,37.5881830023183,0.06375556834615886,0.32075471698113195,0.891210140399181,0.6084147271503862,0.40880415180269164,0.320212733992368,0.3148798572782517,0.3911432691829529,0.25919495751835314,0.4590470494499719,0.16276846569369838,Engineering & Construction,Industrials,ACM
2013Q2,2013,Q2,2013-05-08,2013-03-31,53811000.0,1989646000.0,80436000.0,0.53,99843000.0,0.05018128853072355,5685132000.0,2035979000.0,3161809000.0,2030958000.0,3592553000.0,0.0,460197000.0,3211751400.0,3875092400.0,20.27261774370208,1.556806689256991,0.22709639811353544,0.6341288392463773,0.019265958390857842,20.27261774370208,0.026430036852050046,1.6142325820774148,14.921444500195127,1.5774973121039066,0.0,0.0,0.0,0.3499735802088676,1.4634216955742068,0.00946521558338487,43.67471783295711,0.05018128853072355,0.4722222222222224,0.503992538189778,0.7115397705960718,0.46981586482517385,0.2781049182006708,0.41202865464850824,0.2988002777284397,0.042508206352139366,0.4080629439170345,0.20709286737983745,Engineering & Construction,Industrials,ACM
2013Q1,2013,Q1,2013-02-06,2012-12-31,38109000.0,2017272000.0,61931000.0,0.36,78118000.0,0.03872457457397912,5808066000.0,2049468000.0,3258532000.0,2233124000.0,3697899000.0,0.0,471199000.0,2493264200.0,3135206200.0,19.56364608291412,1.459180950095024,0.2123319535280763,0.6017356699397112,0.014228684397392869,19.56364608291412,0.018594581618254103,1.2359583635721905,16.356137657771132,1.216542146547299,0.0,0.0,0.0,0.34732249943440724,1.3814781445186206,0.006561392380871705,46.03175910198656,0.03872457457397912,1.175609756097561,0.22904677320759348,0.7762332456130855,0.4699261947474262,-0.45810846432386687,1.1694448767257286,1.3110766201541042,-0.10090098795666881,0.4714566633788445,0.20315977354116851,Engineering & Construction,Industrials,ACM
2012Q4,2012,Q4,2012-11-19,2012-09-30,-224905000.0,2082911000.0,-199086000.0,-2.05,144158000.0,0.06920987022489199,5664568000.0,2169464000.0,3147293000.0,2078402000.0,3440080000.0,0.0,606089000.0,2320198200.0,2796154200.0,19.72921554718903,1.5142850131976393,0.1888461750304701,0.49308584977671904,-0.06326344267661495,19.72921554718903,-0.10366846373113359,1.1139209500549951,-2.5790869478224145,1.0694799268390718,0.0,0.0,0.0,0.36770871141453326,1.4384402055040362,-0.03970382207434,10.979548551959114,0.06920987022489199,-4.253968253968253,-7.933914695893807,0.6937732923637053,0.5376777623390994,0.2959420341969471,-4.240099116880123,-2.935937454418157,-5.264289950900544,0.29438261918990566,0.2906265222487597,Engineering & Construction,Industrials,ACM
2012Q3,2012,Q3,2012-08-08,2012-06-30,69413000.0,2095138000.0,102837000.0,0.63,111238000.0,0.05309340005288434,5863640000.0,2455750000.0,3046926000.0,2005151000.0,3351830000.0,0.0,893311000.0,1813135450.0,2485008450.0,22.280236978434235,1.5195494005189634,0.18252604184431515,0.43582082866741323,0.022344592161873858,22.280236978434235,0.028265499338287692,0.865401443723516,6.530244514716263,0.7383224880382775,0.0,0.0,0.0,0.3573101350014667,1.4436010056100512,0.01183786862767837,9.72894830037829,0.05309340005288434,0.4651162790697675,1.1068880400741492,0.39741602728472936,0.40415792064833944,0.46140809543203226,0.41676531820222884,0.4056835889444763,0.3535183790178944,0.36326306963206345,0.4691068404175033,Engineering & Construction,Industrials,ACM
2012Q2,2012,Q2,2012-05-07,2012-03-31,48994000.0,2010951000.0,73158000.0,0.43,76117000.0,0.03785124550523608,6013232000.0,2433830000.0,3167476000.0,1936254000.0,3522930000.0,0.0,849169000.0,2535684240.0,3330990240.0,21.471434116733715,1.6358783506709347,0.20969887740902063,0.5181002781624025,0.014801689635828171,21.471434116733715,0.02013041173787816,1.2609378547761732,12.938748826386906,1.0418493649926248,0.0,0.0,0.0,0.3344209902428511,1.5754012645035207,0.00814769827606851,-1015.4922867440929,0.03785124550523608,0.023809523809523832,0.14859331355630068,-0.07783829730461435,5.05638102326067,-0.15749452106346712,0.0221777137969164,-0.04614261314001852,0.06035393773563487,0.2602237073957197,0.47341785553528765,Engineering & Construction,Industrials,ACM
2012Q1,2012,Q1,2012-02-06,2011-12-31,47931000.0,2029180000.0,76697000.0,0.42,90346000.0,0.04452340354231759,5994615000.0,2412306000.0,3187915000.0,1882957000.0,3520640000.0,0.0,867605000.0,2344260050.0,3078309050.0,21.167077611547406,1.6930365377435597,0.20710837977084434,0.5146672934528207,0.014947470574914641,21.167077611547406,0.019869369806318104,1.1552745690377393,12.227264453067951,0.97179215655062,0.0,0.0,0.0,0.3385004708392449,1.6335821795187038,0.007995676119317088,-94.87090449210845,0.04452340354231759,-0.4473684210526316,-0.5253682213108655,-0.45363280593069516,2.878671011561385,-0.35647788707414185,-0.4514836982021675,-0.42621699870575824,0.07474490194599243,0.27992121271161247,0.5493788724659753,Engineering & Construction,Industrials,ACM
2011Q4,2011,Q4,2011-11-21,2011-09-30,87383000.0,2118045000.0,133669000.0,0.76,140393000.0,0.0662842385312871,5789328000.0,2339711000.0,2990066000.0,1814446000.0,3394191000.0,0.0,826946000.0,2013761550.0000002,2719290550.0,20.530083797657177,1.6479222859208817,0.20079515273620704,0.4968429861636758,0.027039030401729218,20.530083797657177,0.037347775002981136,0.9507642897105587,5.761308120572652,0.8606881576399821,0.0,0.0,0.0,0.36585334256411106,1.5885620183791638,0.015093807087800172,8.701460281383412,0.0662842385312871,0.22580645161290325,0.5311666186005243,-0.41044168340965137,3.032583736249378,0.15798546672275424,0.1835062437359482,0.21597969561618166,0.8446011314014047,0.19262505106765285,0.5080812971569834,Engineering & Construction,Industrials,ACM
2011Q3,2011,Q3,2011-08-05,2011-06-30,73834000.0,2046725000.0,109927000.0,0.62,121239000.0,0.05923560810563217,5886631000.0,2481310000.0,3092385000.0,1818233000.0,3350405000.0,0.0,839520000.0,3224260880.0,4038784880.0,21.040175694467997,1.700763873496961,0.20317071003771087,0.48199983073457164,0.022576855225470194,21.040175694467997,0.029756056276724795,1.57532686609095,10.917263320421485,1.2994188070011405,0.0,0.0,0.0,0.3476903852135457,1.6293483838429947,0.012542658101042855,4386.74949659864,0.05923560810563217,0.2653061224489796,0.19067540563475555,-0.4756852356735179,0.0,0.21561137013084675,0.2792861474486702,0.2569262609053592,0.6609957861546516,0.3401197221262012,0.48163398979508915,Engineering & Construction,Industrials,ACM
2011Q2,2011,Q2,2011-05-06,2011-03-31,57715000.0,1936421000.0,87457000.0,0.49,99735000.0,0.05150481222833258,5665358000.0,2383630000.0,2964656000.0,1747667000.0,3229256000.0,0.0,765686000.0,3252257590.0,4018014590.0,20.323746834579605,1.6963506205701657,0.2063666585589119,0.4904876176252187,0.018613974339462824,20.323746834579605,0.024213069981498806,1.679519892626655,14.087575110456553,1.3644137680764215,0.0,0.0,0.0,0.34180028870196727,1.6230569095828897,0.010187352679212858,188.8431999767739,0.05150481222833258,0.020833333333333353,1.2220893361270142,0.03177996377829342,0.0,-0.05316371576399108,0.014894140817331364,-0.030087612287900634,0.38131177853140996,0.4263935364795092,0.4735228527374388,Engineering & Construction,Industrials,ACM
2011Q1,2011,Q1,2011-02-09,2010-12-31,56868000.0,1936183000.0,90170000.0,0.48,105335000.0,0.05440343190700466,5620040000.0,2236617000.0,2984264000.0,1755065000.0,3330644000.0,0.0,707971000.0,3300487970.0,4085733970.0,18.954220726942992,1.7003723508815913,0.21467534038903638,0.5394236026999706,0.019686955981468537,18.954220726942992,0.025425899919387183,1.7046363747641622,14.509425203981149,1.4756607724970345,0.0,0.0,0.0,0.344514095985082,1.6282337121417156,0.010118789190112526,-16.894043784934787,0.05440343190700466,-0.15789473684210523,-0.00883884142161548,-0.41459345290114075,0.0,-0.15280615117345214,-0.16091716587481925,-0.09082659460767509,0.6282251895320421,0.5135180092035393,0.4241366578334668,Engineering & Construction,Industrials,ACM
2010Q4,2010,Q4,2010-11-22,2010-09-30,67774000.0,1828658000.0,99178000.0,0.57,124334000.0,0.06799193725672051,5242909000.0,2090012000.0,2946499000.0,1852260000.0,3104440000.0,0.0,651105000.0,2862704260.0,3180974260.0,17.71181600155931,1.5907588567479727,0.17759739869602925,0.4455127530368247,0.022553817886288886,17.71181600155931,0.03242756500919612,1.5654672770961,10.55974363325169,1.3697070925908559,0.0,0.0,0.0,0.348786904369311,1.502513146102599,0.012926793121909993,35.09334175104813,0.06799193725672051,0.017857142857142672,0.13751652204739734,-0.3104924087671132,2.967282217205807,0.0805544692130535,0.04521760587273681,0.07012376050669515,0.9471501600119765,0.3857152606671246,0.3804434104892711,Engineering & Construction,Industrials,ACM
2010Q3,2010,Q3,2010-08-06,2010-06-30,64842000.0,1635183000.0,92679000.0,0.56,115065000.0,0.07036827070731533,3999840000.0,1970694000.0,2377945000.0,1566483000.0,1984241000.0,0.0,583355000.0,2641269340.0,2536178340.0,17.20544094151337,1.5180151971007665,0.04719963798551942,0.09579924635686718,0.03226309358407761,17.20544094151337,0.03290312955740465,1.6152744616351808,10.183481925295332,1.3402737005339236,0.0,0.0,0.0,0.4088121024840994,1.4021952360798042,0.016211148445937837,21.558038671552982,0.07036827070731533,0.09803921568627459,0.09149452884046783,-0.38159104126922505,0.0,0.0664534964548867,0.10861871463010139,0.11061978717285016,0.8939477983630513,0.04951925151401193,0.08433120346330483,Engineering & Construction,Industrials,ACM
2010Q2,2010,Q2,2010-05-07,2010-03-31,58489000.0,1601166000.0,83448000.0,0.51,107895000.0,0.06738526798595523,3939343000.0,1911240000.0,2348566000.0,1562260000.0,1985928000.0,0.0,518547000.0,3228534370.0,3222708370.0,16.794580012477923,1.503313148899671,0.05095342040538232,0.10502239383855508,0.029479124423586654,16.794580012477923,0.03060264540298445,2.016364555580121,13.799750252184172,1.6892354544693498,0.0,0.0,0.0,0.4064550865461576,1.3808162533765187,0.01484739968060664,-49.78080903554082,0.06738526798595523,0.27499999999999997,-0.00906158149599539,-0.3905289556230594,0.0,0.3003000831555732,0.2775544974007252,0.27420980302336234,0.3657798184028907,-0.2686503430245571,4.172830249058918,Engineering & Construction,Industrials,ACM
2010Q1,2010,Q1,2010-02-10,2009-12-31,45782000.0,1480784000.0,65490000.0,0.4,82977000.0,0.05603585668132557,3833525000.0,1839893000.0,2231800000.0,1572668000.0,1960920000.0,0.0,460092000.0,3111707500.0,3045517500.0,16.260222884059637,1.4191170673021896,0.04871730326527152,0.10150535927904503,0.024279581274430664,16.260222884059637,0.024882968737855952,2.101391897805487,16.99198101874099,1.691243729934295,0.0,0.0,0.0,0.3862721646526369,1.3017407361248527,0.011942533308117204,-63.38393457315707,0.05603585668132557,-0.14893617021276587,-0.2199054628364356,-0.43312352218058253,0.0,-0.12881380845389834,-0.1564342570754717,-0.13101746191815722,-0.5433951649841213,-0.598430077455495,2.4431661249800998,Engineering & Construction,Industrials,ACM
2009Q4,2009,Q4,2009-11-27,2009-09-30,54272000.0,1655890000.0,75364000.0,0.47,95246000.0,0.05751952122423591,3789881000.0,1729718000.0,2214535000.0,1556739000.0,2035476000.0,0.0,414345000.0,3070972420.0,2951404420.0,15.286541231783515,1.4225473891256017,0.04517529706077843,0.09898087433905411,0.028880956734136497,15.286541231783515,0.031376212769942846,1.8545751348217574,14.146209924086085,1.775417969865608,0.0,0.0,0.0,0.43692400895964806,1.2999841334995783,0.014320238551025745,35.33061538638534,0.05751952122423591,0.021739130434782507,-0.0500734279833106,-0.34888506057900287,2.697902729185054,0.09331129400691025,0.06163807437256705,0.029576906788344102,-0.04219577160571491,-0.5357750344266191,2.5134460919625883,Engineering & Construction,Industrials,ACM
2009Q3,2009,Q3,2009-08-07,2009-06-30,51121000.0,1531989000.0,73199000.0,0.46,87117000.0,0.05686529080822382,3735197000.0,1666301000.0,2245115000.0,1518213000.0,2041421000.0,0.0,354135000.0,3515904000.0,3481911000.0,15.165838430173293,1.4787878907636807,0.06452484300024872,0.14463953391374068,0.027016222837529826,15.165838430173293,0.030679331045231323,2.2949929797146065,17.19402985074627,2.1100053351705363,0.0,0.0,0.0,0.4101494512873083,1.2907325915401857,0.013686292851488155,39.33878601398602,0.05686529080822382,0.15,-0.10292065143782096,-0.3960076845801329,0.0,-0.028080862172836202,0.17795750956265266,0.03671024119421587,-0.11512696651720365,-0.57875682870026,0.0,Engineering & Construction,Industrials,ACM
2009Q2,2009,Q2,2009-05-08,2009-03-31,43398000.0,1498758000.0,70607000.0,0.4,89634000.0,0.059805518969706914,3559499000.0,1551465000.0,2085847000.0,1396645000.0,1957025000.0,0.0,303162000.0,2776607200.0,2825829200.0,14.572535575071619,1.493469707763963,0.08159097670767712,0.18719275007815195,0.026833887253654407,14.572535575071619,0.027972271369318676,1.8526054239577037,15.995018203603852,1.7896679589935964,0.0,0.0,0.0,0.42105869393417444,1.3580387285244282,0.012192165245726997,257.4269608752086,0.059805518969706914,0.05263157894736847,-0.21407445402184477,-0.39019995504813065,0.0,0.10377184232886327,0.060946094609460946,0.01305651606238432,0.8406479800506887,-0.1202748086610993,0.0,Engineering & Construction,Industrials,ACM
2009Q1,2009,Q1,2009-02-10,2008-12-31,40905000.0,1454128000.0,69697000.0,0.38,81207000.0,0.055845840256153516,3535325000.0,1428039000.0,2089611000.0,1429881000.0,2059781000.0,0.0,259893000.0,3212176170.0,3404655170.0,13.661653703756851,1.4613880455786181,0.11078302560584953,0.27426001670822714,0.02681073003085263,13.661653703756851,0.02864417568427753,2.209005101339084,19.631928676200953,2.2493616560892247,0.0,0.0,0.0,0.41131381131861994,1.2912536078177135,0.011570364817944602,-101.41045524861879,0.055845840256153516,-0.07317073170731701,-0.2455019012187613,-0.3974006794509979,0.0,1.0984551631159585,-0.05857307249712313,-0.02020131020327832,-0.1951747206161468,-0.5036789421478377,0.0,Engineering & Construction,Industrials,ACM
2008Q4,2008,Q4,2008-12-01,2008-09-30,43450000.0,1628908000.0,71134000.0,0.41,-824812000.0,-0.5063588612739333,3596190000.0,1422993000.0,2105250000.0,1474079000.0,2122447000.0,0.0,221377000.0,2554688760.0,2781826760.0,13.613380018942111,1.428179900805859,0.1106751867949135,0.27969849465176566,0.026493859590755377,13.613380018942111,0.030534233126937378,1.5683444123302237,14.699014729574223,1.795292569956423,0.0,0.0,0.0,0.45295382057121564,1.2829258133383625,0.012082231472753108,61.46397748051198,-0.5063588612739333,0.10810810810810806,-0.17674710246993772,-0.30665081396737065,2.512061802413253,-2.982621069609467,0.129921464607063,0.10831697360630707,-0.17674710246993772,-0.30665081396737065,2.512061802413253,Engineering & Construction,Industrials,ACM
2008Q3,2008,Q3,2008-08-08,2008-06-30,38454000.0,1321203000.0,64182000.0,0.37,416021000.0,0.31488045364716855,2920991000.0,1448751000.0,1659162000.0,1197422000.0,1450762000.0,0.0,178015000.0,3318710600.0,3234442600.0,14.20065673397373,1.3856117559223065,0.030414335408770518,0.06132178683569502,0.02680690368427867,14.20065673397373,0.026542863473433324,2.511885455906473,21.57584776616217,2.2907391263232952,0.0,0.0,0.0,0.4523132731323034,1.3182453637898752,0.013164710195957469,51.2020272772155,0.31488045364716855,0.0571428571428572,-0.2732672178964259,-0.439020452027232,0.0,0.12622260723615641,0.07326467386753747,0.08858698417544396,-0.2732672178964259,-0.439020452027232,0.0,Engineering & Construction,Industrials,ACM
2008Q2,2008,Q2,2008-05-09,2008-03-31,35829000.0,1164121000.0,58959000.0,0.35,369395000.0,0.3173166706897307,2701933000.0,1387138000.0,1609214000.0,1062660000.0,1288511000.0,0.0,139631000.0,2615851710.0,2449724710.0,13.79262411629595,1.5143263132140101,0.019078193278663832,0.03716140715631754,0.02649954799360184,13.79262411629595,0.02582944162729303,2.2470616971947073,18.25233546847526,1.8857905341790075,0.0,0.0,0.0,0.4308474710512807,1.4613008864547457,0.01326050645963464,100.28183668775158,0.3173166706897307,0.20689655172413793,-0.3131206391998197,-0.4985955875984631,0.0,0.13105954830491867,0.2148306377784559,0.3239692805173808,-0.3131206391998197,-0.4985955875984631,0.0,Engineering & Construction,Industrials,ACM
2008Q1,2008,Q1,2008-02-13,2007-12-31,29493000.0,1080250000.0,44532000.0,0.29,326592000.0,0.3023300161999537,2531155000.0,1326189000.0,1569274000.0,946901000.0,1182722000.0,0.0,104000000.0,2846829080.0,2567684080.0,13.309271004777006,1.6572735692538079,0.018936809480257038,0.03614266141552976,0.021389207480924398,13.309271004777006,0.022238911648339715,2.6353428187919463,24.13139626352016,2.146623957822,0.0,0.0,0.0,0.4267814495753915,1.5823227560220128,0.0116519928649174,-61.0579963538874,0.3023300161999537,0.0,-0.4293282868041892,-0.5303915335104532,0.0,0.03092536182704904,0.0034363091997822535,0.05266641452344932,-0.4293282868041892,-0.5303915335104532,0.0,Engineering & Construction,Industrials,ACM
2007Q4,2007,Q4,2007-12-13,2007-09-30,29392000.0,1114356000.0,42304000.0,0.29,316795000.0,0.28428527328789005,2491821000.0,1278485000.0,1576463000.0,978808000.0,1192247000.0,0.0,74563000.0,3591169760.0,3224604760.0,12.830526674962869,1.6105947233778228,0.019242955252403764,0.037505328572490094,0.022723728433666414,12.830526674962869,0.02298971047763564,3.222641382107693,30.545469515514426,2.808926002260488,0.0,0.0,0.0,0.44720547743999267,1.5420552345301632,0.011795389797260717,33.60567610563156,0.28428527328789005,0.11538461538461527,-0.4158044174464692,-0.5024175522892508,2.4251089195380655,0.015072526923237134,0.21524849086248243,-0.07394597434438072,-0.4158044174464692,-0.5024175522892508,2.4251089195380655,Engineering & Construction,Industrials,ACM
2007Q3,2007,Q3,2007-08-09,2007-06-30,24186000.0,1100656000.0,45682000.0,0.26,312091000.0,0.28354999200476805,2437189000.0,1283905000.0,1474503000.0,892940000.0,1135466000.0,0.0,45301000.0,2007501150.0,1727910150.0,15.867329914107396,1.6512901202768384,0.026047220794119783,0.049444468243366915,0.023068856558702038,15.867329914107396,0.01883784236372629,1.823913329868733,20.75065275365914,1.563590102071415,0.0,0.0,0.0,0.451608800138192,1.5616805160481106,0.009923727704334789,-42.0948028936884,0.28354999200476805,-0.03703703703703707,-0.42369344615313465,-0.41076930428987113,0.0,0.09941135233961905,0.14095669402773847,0.20393211047860005,-0.42369344615313465,-0.41076930428987113,0.0,Engineering & Construction,Industrials,ACM
2007Q2,2007,Q2,2007-05-07,2007-03-31,21198000.0,1083709000.0,37944000.0,0.27,283871000.0,0.2619439351338782,2076196000.0,-298174000.0,1213008000.0,1021564000.0,2357466000.0,0.0,21111000.0,1188584100.0,1258696100.0,-5.293248832791891,1.1874028450493557,0.08976801804839235,-0.6250578521266107,-0.22435310796147304,-5.293248832791891,-0.07109271767491465,1.0967742262913753,14.017644353240874,-3.98620972988926,0.0,0.0,0.0,0.5219685424690155,1.131933975746992,0.010210018707289678,785.581031064111,0.2619439351338782,-0.5846153846153846,-0.27445229080717887,-0.16664889555365542,0.0,0.14271050120964981,-0.16935736677115987,0.2644628099173554,-0.27445229080717887,-0.16664889555365542,0.0,Engineering & Construction,Industrials,ACM
2007Q1,2007,Q1,2006-12-31,2006-12-31,25520000.0,938549000.0,30008000.0,0.65,248419000.0,0.26468410280123894,1878630000.0,-324491000.0,1124828000.0,946732000.0,2185212000.0,0.0,0.0,,,,,,,,,,,,,,,,,,,,,,,,,,,,,,,Engineering & Construction,Industrials,ACM
