Quarters,Year,Quarter,FillingDate,Date,NetIncome,Revenue,OperatingIncome,EPSDiluted,GrossProfit,GrossProfitRatio,TotalAssets,CommonStockEquity,CurrentAssets,CurrentLiability,TotalLiability,Inventory,RetainedEarnings,MarketCap,EnterpriseValue,bookValuePerShare,currentRatio,debtToAssets,debtToEquity,roic,shareholdersEquityPerShare,roe,priceToSalesRatio,peRatio,pbRatio,payoutRatio,inventoryTurnover,dividendYield,assetTurnover,quickRatio,returnOnAssets,priceToFreeCashFlowsRatio,grossProfitMargin,epsdilutedGrowth,fiveYNetIncomeGrowthPerShare,fiveYRevenueGrowthPerShare,fiveYShareholdersEquityGrowthPerShare,grossProfitGrowth,netIncomeGrowth,operatingIncomeGrowth,threeYNetIncomeGrowthPerShare,threeYRevenueGrowthPerShare,threeYShareholdersEquityGrowthPerShare,Industry,Sector,Symbol
2023Q1,2023,Q1,2023-05-15,2023-03-31,78752.0,0.0,-425686.0,0.0266,-425686.0,0.0,51933190.0,41100735.0,84618.0,2782455.0,10832455.0,0.0,-10648412.0,651636.9600000001,873385.9600000001,8.199497385783642,0.030411273497684597,0.005899252481890676,0.007454051612458998,-0.006991756842134168,8.199497385783642,0.0019160727904257674,0.0,2.0686362251117436,0.015854630336902736,0.0,0.0,0.0,0.0,18.664521079406494,0.001516409833480285,-1.6298054398799477,0.0,-0.991890243902439,1.0208574980768432,-1.0,2.505145039937941,0.8103148956497096,-0.9294126293956888,0.3701546774618337,0.0,0.0,794.6475554925657,Shell Companies,Financial Services,BHACW
2022Q4,2022,Q4,2023-03-31,2022-12-31,1115667.0,-60700.0,-675858.0,3.28,-2244172.0,36.9715321252,51353729.0,40794559.0,13715.0,2509170.0,10559170.0,0.0,-9331936.0,253497.419,539782.419,19.08593277393487,0.005465950892127675,0.0058418347769837705,0.007353921879631056,-0.015267337551789672,19.08593277393487,0.027348426538941137,-4.176234250411862,0.056804005809977354,0.006214000720047004,0.0,0.0,0.0,-0.0011819979032097162,0.005465950892127675,0.021725140933777174,-0.251792781866762,36.97153212520593,2.2156862745098036,1.00057764499023,-1.0294712841905738,7.158910168217967,0.0,-0.49075764194232613,-0.5166314731246255,0.0,0.0,0.0,Shell Companies,Financial Services,BHACW
2022Q3,2022,Q3,2022-11-14,2022-09-30,2190837.0,0.0,-445631.0,1.02,0.0,0.0,234319648.0,223522948.0,381351.0,2746700.0,10796700.0,0.0,-8200563.0,320612.25,-45129.75,104.57629800483294,0.13883969854734773,0.0,0.0,-0.0033133768690173228,104.57629800483294,0.009801396320166644,0.0,0.036585589206317035,0.0014343594376716971,0.0,0.0,0.0,0.0,0.1331568791640878,0.00934977932366986,10.15077568466044,0.0,-0.7633410672853828,-0.9614899455088769,-1.0,43.704580659083874,0.0,-0.7620757443858296,0.18112943355592226,0.0,0.0,40289.92357606344,Shell Companies,Financial Services,BHACW
2022Q2,2022,Q2,2022-08-12,2022-06-30,9208128.0,0.0,-544202.0,4.31,0.0,0.0,233348811.0,222204714.0,821750.0,3094097.0,11144097.0,0.0,-7795861.0,362719.3255,-256258.67450000002,103.95955581859396,0.26558637301933324,0.0,0.0,-0.004624873093661136,103.95955581859396,0.04143984092074662,0.0,0.009847803090378414,0.0016323655739364736,0.0,0.0,0.0,0.0,75.35188424926562,0.03946078816746146,-1.2054240377393604,0.0,6.69642857142857,-0.9405446918976816,-1.0,43.440933911813225,0.0,6.650997075245945,-0.19060297846552363,361.0441055718475,0.0,40052.31831290555,Shell Companies,Financial Services,BHACW
2022Q1,2022,Q1,2022-05-12,2022-03-31,1203520.0,60700.0,-457081.0,0.56,0.0,0.0,233559692.0,217328549.0,1240075.0,8181143.0,16231143.0,0.0,-12672026.0,961623.0085,1081514.0085,101.67821831511428,0.15157723071213888,0.0041546809369829105,0.0044649725241574225,-0.007082618380866808,101.67821831511428,0.0055377906194919654,15.842224192751235,0.1997521870222348,0.004424743150058946,0.0,0.0,0.0,0.0002598907349132829,1142.4856496213304,0.005152943942056577,-3.425962044911236,0.0,0.0,1.051150495133665,-0.41478746276139333,42.46570110685978,0.0,0.0,0.0,0.0,0.0,9865.461569891497,Shell Companies,Financial Services,BHACW
2021Q3,2021,Q3,2021-11-12,2021-09-30,0.0,0.0,0.0,0.0,0.0,0.0,346277.0,-5548.0,17157.0,351825.0,351825.0,0.0,-30548.0,1111455.8,1255298.8,-0.002595658774734902,0.04876572159454274,0.41873991053405224,-26.13554434030281,,-0.002595658774734902,0.0,0.0,0.0,-200.3344989185292,0.0,0.0,,0.0,0.0032885667590421374,0.0,0.0,0.0,1.0,1.0,-1.0,-1.0011095997780801,0.0,1.0,1.0,0.0,0.0,0.0,Shell Companies,Financial Services,BHACW
2021Q2,2021,Q2,2021-06-30,2021-06-30,-25575.0,0.0,-25575.0,-0.012,0.0,0.0,321277.0,-5548.0,22250.0,206825.0,326825.0,0.0,-30548.0,1111455.8,1225205.8,-0.002595658774734902,0.1075788710262299,0.37350946379603894,-21.629416005767844,-0.22345612134344528,-0.002595658774734902,4.609769286229271,0.0,-10.864670576735092,-200.3344989185292,,0.0,,0.0,0.030218783996131995,-0.0796042044715308,0.0,0.0,0.0,0.9998318064936175,-1.0,-1.0011095997780801,0.0,0.0,0.0,0.0,0.0,0.0,Shell Companies,Financial Services,BHACW
2021Q1,2021,Q1,2021-02-28,2021-02-28,0.0,0.0,0.0,0.0,0.0,0.0,129500.0,22027.0,32000.0,107473.0,107473.0,0.0,-2973.0,1111455.8,1086455.8,0.010305439046698932,0.2977492021251849,0.0,0.0,,0.010305439046698932,0.0,0.0,0.0,50.45879148317974,0.0,0.0,,0.0,0.23261656416030072,0.0,0.0,0.0,0.0,1.0,-1.0,-0.9955946017621593,0.0,0.0,0.0,1.0,-1.0,-0.9955946008810799,Shell Companies,Financial Services,BHACW
2018Q1,2018,Q1,2018-06-15,2018-03-31,-1610000.0,60700.0,-60700000.0,-0.75,0.0,0.0,9481217.0,5000001.0,135229.0,3366934.0,4481216.0,0.0,-2863148.0,1111455.8,1953009.8,2.3392747781783134,0.040163840455441066,0.10234614396021101,0.19407316118536777,-0.5253948160321963,2.3392747781783134,-0.3219999356000129,18.3106392092257,-0.1725863043478261,0.2222911155417769,0.0,0.0,0.0,0.006402131709463036,2775.8538813056625,-0.1698094242542914,-16.189943336586502,0.0,0.999248391557934,0.9879205305963206,-0.6289141306075539,-1.999999199565572e-07,0.0,0.9991664103766893,0.9735679212977236,0.9879205305963206,-0.6289141306075539,-1.999999199565572e-07,Shell Companies,Financial Services,BHACW
2017Q4,2017,Q4,2018-06-15,2017-12-31,-1931406000.0,2059632.0,-2296452000.0,-997.86,0.0,0.0,14850118.0,5000001.0,3653.0,3069301.0,9850117.0,0.0,-2831993.0,1111455.8,2079001.8,2.3392747781783134,0.0011901732674638296,0.06534399255278645,0.19407316118536777,-351.43055932121365,2.3392747781783134,-386.2811227437754,0.5396380518461551,-0.00014386615242988787,0.2222911155417769,0.0,0.0,0.0,0.1386946554902796,0.0009187759688606624,-130.05997662779515,-33.25223036649215,0.0,-34.48523489932886,-10.923510491841736,39.67444753836128,0.0,0.0,-34.949833011074006,-8.697035723334178,-10.923510491841736,39.67444753836128,0.0,Shell Companies,Financial Services,BHACW
2017Q3,2017,Q3,2017-11-15,2017-09-30,56890000.0,81953.0,-236820000.0,29.8,0.0,0.0,14731766.0,5000001.0,40363.0,926985.0,9731765.0,0.0,-808029.0,1111455.8,1790999.8,2.3392747781783134,0.0435422363900171,0.047516367012617494,0.1399999720000056,26.272765795607896,2.3392747781783134,11.377997724400455,13.562112430295414,0.004884231850940411,0.2222911155417769,0.0,0.0,0.0,0.005563012608264345,15848.609692713475,3.861723027639728,-17.564370486259264,0.0,-0.6344903716423402,1.3482535290588769,0.5465456398256308,0.0,0.0,-0.6326709969777908,-0.529183105503432,1.3482535290588769,0.5465456398256308,0.0,Shell Companies,Financial Services,BHACW
2017Q2,2017,Q2,2017-08-18,2017-06-30,154874784.0,51144.0,-154867000.0,81.53,0.0,0.0,35041072.0,5000001.0,41678.0,832390.0,30041071.0,0.0,-777798.0,1111455.8,1628763.8,2.3392747781783134,0.05007027955645791,0.01512510804463973,0.10599997880000424,-1114401.1658578485,2.3392747781783134,30.97495060500988,21.73189034881902,0.0017941200163352608,0.2222911155417769,0.0,0.0,0.0,0.001459544388368027,42046.88510433811,4.419807247906114,-24.907130692004305,0.0,7.553858520900322,2.0185311034677786,-0.08988344158732978,0.0,0.0,7.582293510136427,-0.493082537142196,2.0185311034677786,-0.08988344158732978,0.0,Shell Companies,Financial Services,BHACW
2017Q1,2017,Q1,2017-05-15,2017-03-31,-23529000.0,103723.0,-103723000.0,-12.44,0.0,0.0,34795113.0,5000001.0,48491.0,590323.0,29795112.0,0.0,-781690.0,1111455.8,1641403.8,2.3392747781783134,0.08214316569064732,0.015232024106373789,0.10599997880000424,-6.936153699947986,2.3392747781783134,-4.705799058840189,10.715615630091687,-0.01180942453992945,0.2222911155417769,0.0,0.0,0.0,0.0029809645969536007,58860.356198216905,-0.6762156513186205,-7.799908769368965,0.0,0.8570443576189382,0.8234671828576574,-0.3658955579737611,-1.999999199565572e-07,0.0,0.8547440163473945,0.6792703704734429,0.8234671828576574,-0.3658955579737611,-1.999999199565572e-07,Shell Companies,Financial Services,BHACW
2016Q4,2016,Q4,2017-03-31,2016-12-31,-161983000.0,50637.0,-323397000.0,-87.02,0.0,0.0,43953567.0,5000001.0,26177.0,379563.0,38953566.0,0.0,-718064.0,1111455.8,1549184.8,2.3392747781783134,0.0689661531814218,0.010465589743831258,0.09199998160000368,-39.53309544465751,2.3392747781783134,-32.39659352068129,21.949479629519917,-0.0017153895779186705,0.2222911155417769,0.0,0.0,0.0,0.001152056669257355,0.05867537141396817,-3.6853209205978663,-38.894729843225086,0.0,0.011473361354083894,0.0,0.0,0.0,0.0,0.008417096193636063,-0.1856467223933128,0.0,0.0,0.0,Shell Companies,Financial Services,BHACW
2016Q3,2016,Q3,2016-11-14,2016-09-30,-163358000.0,52991.0,-272760000.0,-88.03,0.0,0.0,43878328.0,5000001.0,76944.0,149693.0,38878327.0,0.0,-693433.0,1111455.8,1190608.8,2.3392747781783134,0.514012011249691,0.0029627382337813783,0.02599999480000104,-39.83177165441374,2.3392747781783134,-32.671593465681305,20.97442584589836,-0.0017009509788317684,0.2222911155417769,0.0,0.0,0.0,0.0012076804749716079,292608.4375822517,-3.72297686456968,-33.939654330035424,0.0,-0.07170684197711226,0.0,0.0,0.0,0.0,-0.07432081390531182,-0.24112135924538947,0.0,0.0,0.0,Shell Companies,Financial Services,BHACW
2016Q2,2016,Q2,2016-08-12,2016-06-30,-152057000.0,56195.0,-219769000.0,-82.14,0.0,0.0,43782422.0,5000001.0,101883.0,151641.0,38782421.0,0.0,-661287.0,1111455.8,152698860.8,2.3392747781783134,0.6718697449898114,3.4635132793704284,30.328193934361213,-1.1475130709616916,2.3392747781783134,-30.411393917721217,19.77855325206869,-0.0018273670399915822,0.2222911155417769,0.0,0.0,0.0,0.0012835059695875208,288052.6545920958,-3.473014809459376,-19.610003881576628,0.0,-0.1359424699211727,0.0,0.0,0.0,0.0,-0.1408496143573122,-0.34354481763605466,0.0,0.0,0.0,Shell Companies,Financial Services,BHACW
2016Q1,2016,Q1,2016-05-16,2016-03-31,-133284000.0,163574.0,-163574000.0,-72.31,0.0,0.0,43842580.0,5000002.0,180752.0,174315.0,38842578.0,0.0,-623803.0,1111455.8,175316182.8,2.3392752460331754,1.0369274015431833,3.9759293362753745,34.862986054805575,-0.819137682249646,2.3392752460331754,-26.656789337284266,6.794819470086933,-0.0020847509828636596,0.2222910710835716,0.0,0.0,0.0,0.003730939191990982,250477.22957289964,-3.040058317735863,-12.465437457241233,0.0,0.0,0.0,0.0,0.0,0.0,0.0,0.0,0.0,0.0,0.0,Shell Companies,Financial Services,BHACW
2021Q4,2021,Q4,2022-03-25,2021-12-31,,,,,,,233986926.0,216972753.0,1702156.0,8964173.0,17014173.0,0.0,-13027822.0,0.0,-1131162.0,0.0,0.18988433177271344,0.0,0.0,,0.0,,0.0,0.0,0.0,0.0,0.0,,,0.12618698902843575,,0.0,0.0,0.0,1.0,-1.0,-1.0,0.0,0.0,0.0,0.0,0.0,0.0,Shell Companies,Financial Services,BHACW
