Year,Date,FillingDate,NetIncome,Revenue,OperatingIncome,EPSDiluted,GrossProfit,GrossProfitRatio,TotalAssets,CommonStockEquity,CurrentAssets,CurrentLiability,TotalLiability,Inventory,RetainedEarnings,EnterpriseValue,bookValuePerShare,currentRatio,debtToAssets,debtToEquity,roic,shareholdersEquityPerShare,roe,priceToSalesRatio,peRatio,pbRatio,payoutRatio,inventoryTurnover,dividendYield,assetTurnover,quickRatio,returnOnAssets,priceToFreeCashFlowsRatio,grossProfitMargin,epsdilutedGrowth,fiveYNetIncomeGrowthPerShare,fiveYRevenueGrowthPerShare,fiveYShareholdersEquityGrowthPerShare,grossProfitGrowth,netIncomeGrowth,operatingIncomeGrowth,threeYNetIncomeGrowthPerShare,threeYRevenueGrowthPerShare,threeYShareholdersEquityGrowthPerShare,Industry,Sector,Price,MarketCap,AvgVolume,Symbol
2022,2022-12-31,2022-12-31,-7507653000.0,21899167000.0,-8357944000.0,-21.71,3849295000.0,0.1757735808,41830570000.0,15237828000.0,24452888000.0,17093404000.0,26590983000.0,437451000.0,-21479869000.0,61635627029.00688,44.06339494569921,1.4305452559361493,0.36586964987567705,1.0043777892754795,-0.2753484613717901,44.06339494569921,-0.49269836882264323,2.580174626231531,-7.52614366021004,3.7081187049103637,0.0,41.26147157053018,0.0,0.5235206453079649,1.3155666361129708,-0.1794776643014905,-8.497184235696693,0.17577358079419186,-0.21149553571428564,-27.01139654849001,5.082209211673114,4.033287764162129,-0.047945820421567656,-0.10264955081990954,-0.3000229893138576,-4.382010982058733,2.0192965727429986,1.0190901159301695,Electronic Gaming & Multimedia,Communication Services,15.25,6263205744,4876467,BILI
2021,2021-12-31,2021-12-31,-6808739000.0,19383684000.0,-6429074000.0,-17.92,4043147000.0,0.2085850657,52053151000.0,21703667000.0,36446856000.0,12071011000.0,30337085000.0,455767000.0,-13971304000.0,123815835100.63823,57.13022992287977,3.0193706227258015,0.3653227064006173,0.8761744271140909,-0.15931748484258,57.13022992287977,-0.313713760905012,5.79470574843452,-16.496849872001,5.175288816430801,0.0,33.65872693722889,0.0,0.37238252877333017,2.617717107539708,-0.13080358958480726,-17.732696101292113,0.20858506566656781,-1.0294450736126841,-5.810386564813093,32.717491274652545,11.84349772437036,0.4235550895437466,-1.229437164233205,-1.0468480526513684,-6.570518765990669,1.8798931649418165,0.9154739767055453,Electronic Gaming & Multimedia,Communication Services,15.25,6263205744,4876467,BILI
2020,2020-12-31,2020-12-31,-3054017000.0,11998976000.0,-3140963000.0,-8.83,2840176000.0,0.2367015319,23865608000.0,7600200000.0,15739547000.0,7391548000.0,16083404000.0,160006000.0,-7175339000.0,197102667053.85263,21.977581993070345,2.1293979285529905,0.3536856048251526,1.1106184047788217,-0.1974383398390936,21.977581993070345,-0.4018337675324334,16.1130294830036,-63.30673799584372,25.43878503905853,0.0,57.24035348674425,0.0,0.5027726928222402,1.8682186735444322,-0.12796728245934486,-130.11667980387094,0.2367015318640524,-1.1910669975186103,-4.634841609365539,61.79774776326477,5.127721413686543,1.3862032230230816,-1.3428101291069907,-1.1007326901533265,-10.394677038593795,2.332559743384057,1.5104623615114312,Electronic Gaming & Multimedia,Communication Services,15.25,6263205744,4876467,BILI
2019,2019-12-31,2019-12-31,-1303570000.0,6777922000.0,-1495175000.0,-4.03,1190249000.0,0.1756067715,15516567000.0,7052484000.0,10324064000.0,4272597000.0,7880107000.0,69914000.0,-4145606000.0,40366769857.2052,21.82339193186519,2.4163439706576586,0.2262439236720339,0.4977719906915067,-0.14424338573216464,21.82339193186519,-0.1848384200517151,6.184019505861118,-32.15385583988984,5.943267912015852,0.0,79.92208999628114,0.0,0.43681840190552457,2.0626501867599494,-0.08401149558404253,-30.5875343675945,0.17560677151492743,-0.5265151515151515,-1.573770830962134,36.95960676982597,5.084730617878233,0.3913913106502166,-1.3627383455375914,-1.0510704786048317,-0.5328043437519399,12.85998587352808,3.9061361208123158,Electronic Gaming & Multimedia,Communication Services,15.25,6263205744,4876467,BILI
2018,2018-12-31,2019-03-29,-551720000.0,4128931000.0,-728973000.0,-2.64,855438000.0,0.2071814714268657,10490036000.0,6950796000.0,6549997000.0,3298834000.0,3298834000.0,55032000.0,-2842690000.0,19845630623.806705,29.825636170290853,1.9855491364524556,0.0,0.0,-0.10993250801287015,29.825636170290853,-0.07937508164532522,5.663853821680892,-42.38682959437161,3.364458059739734,0.0,59.48344599505742,0.0,0.39360503624582416,1.7187991272067646,-0.05259467174373853,-39.21104220086469,0.2071814714268657,-2.406274230857143,-0.5105297232369836,31.06548358112428,7.315891597862833,0.5575847402077173,-2.002557823129252,-2.2503968395519727,-0.5105297232369836,31.06548358112428,7.315891597862833,Electronic Gaming & Multimedia,Communication Services,15.25,6263205744,4876467,BILI
2017,2017-12-31,2017-12-31,-183750000.0,2468449000.0,-224272000.0,-0.7750403581967855,549208000.0,0.2224911270194361,3473525000.0,2075531000.0,2153100000.0,1397994000.0,1397994000.0,9981000.0,-2222774000.0,16605540541.013206,8.75439613435936,1.5401353653878342,0.0,0.0,-0.11354299687519553,8.75439613435936,-0.08853156132093426,7.036168274496741,-94.52202743408549,8.368182667959768,0.0,192.28944995491435,0.0,0.710646677366652,1.2219401513883466,-0.052900151863020994,-104.4604045337239,0.2224911270194361,0.7054923771065968,0.5054847460546429,17.843697517481452,1.4408736444856838,3.201216823913235,0.7980915669852516,0.7493375000139709,0.5054847460546429,17.843697517481452,1.4408736444856838,Electronic Gaming & Multimedia,Communication Services,15.25,6263205744,4876467,BILI
2016,2016-12-31,2016-12-31,-910066000.0,523310000.0,-894717000.0,-2.631647869017336,-249502000.0,-0.47677667157134396,2166710000.0,1538253000.0,1400806000.0,628100000.0,628100000.0,6694000.0,-1777990000.0,26608989315.850952,4.448183131178974,2.230227670753065,0.0,0.0,-0.5836561613539047,4.448183131178974,-0.5916230945104609,51.58737137805689,-29.663988453420906,17.54990064433546,0.0,115.44846130863459,0.0,0.2415228618504553,1.9557841108103806,-0.4200220610972396,-55.39099731387731,-0.47677667157134396,-0.6791254809874536,-0.6791254809874536,1.738791158678381,0.24022865816262282,-0.44578494773196115,-1.4492055461063147,-1.4254763705565179,-0.6791254809874536,1.738791158678381,0.24022865816262282,Electronic Gaming & Multimedia,Communication Services,15.25,6263205744,4876467,BILI
2015,2015-12-31,2015-12-31,-371576000.0,130996000.0,-368883000.0,-1.5672729041487279,-172572000.0,-1.3173837369079973,1156943000.0,850323000.0,852554000.0,308202000.0,308202000.0,1124000.0,-655885000.0,16673436774.431568,3.5865830884515115,2.7662182594532156,0.00864346817431801,0.011760236992295869,-0.4315748307242053,3.5865830884515115,-0.436982182064933,132.47045539124528,-46.701347165671535,20.40765658982712,0.0,270.0782918149466,0.0,0.1132259756962962,2.4930532572793167,-0.32117053303403886,-51.53263578556622,-1.3173837369079973,0.0,0.0,0.0,0.0,0.0,0.0,0.0,0.0,0.0,0.0,Electronic Gaming & Multimedia,Communication Services,15.25,6263205744,4876467,BILI
TTM,,,,,,,,,,,,,,,,47720622667.8176,42.83829902666303,1.434978967777098,0.3126041905086731,0.7283231673289319,-0.2593877413141029,42.83829902666303,-0.3478795882804634,2.0593001917946228,-7.707580201128314,2.565049324941871,0.0,1200.3440518813754,0.0,0.5348014937372156,1.2370593102757808,-0.14283950588059643,-36.80185691029571,0.18918762168499023,,,,,,,,,,,Electronic Gaming & Multimedia,Communication Services,15.25,6263205744,4876467,BILI
