Quarters,Year,Quarter,FillingDate,Date,NetIncome,Revenue,OperatingIncome,EPSDiluted,GrossProfit,GrossProfitRatio,TotalAssets,CommonStockEquity,CurrentAssets,CurrentLiability,TotalLiability,Inventory,RetainedEarnings,MarketCap,EnterpriseValue,bookValuePerShare,currentRatio,debtToAssets,debtToEquity,roic,shareholdersEquityPerShare,roe,priceToSalesRatio,peRatio,pbRatio,payoutRatio,inventoryTurnover,dividendYield,assetTurnover,quickRatio,returnOnAssets,priceToFreeCashFlowsRatio,grossProfitMargin,epsdilutedGrowth,fiveYNetIncomeGrowthPerShare,fiveYRevenueGrowthPerShare,fiveYShareholdersEquityGrowthPerShare,grossProfitGrowth,netIncomeGrowth,operatingIncomeGrowth,threeYNetIncomeGrowthPerShare,threeYRevenueGrowthPerShare,threeYShareholdersEquityGrowthPerShare,Industry,Sector,Symbol
2023Q1,2023,Q1,2023-05-04,2023-03-31,2606000.0,82556000.0,4278000.0,0.0706,63701000.0,0.7716095741,288659000.0,71403000.0,66995000.0,38929000.0,218656000.0,4997000.0,26772000.0,256585579.2,393799579.2,2.2540795231098474,1.7209535307868171,0.6440575211581832,2.603714129658418,0.01078118474457697,2.2540795231098474,0.03649706594960996,3.1080185474102424,24.614886722947045,3.5934845762783074,0.0,3.773263958375025,0.0,0.2859983579240557,1.5321482699273035,0.009027953398300417,-49.05096142229019,0.7716095741072726,-0.5293333333333333,8.68248846727364,2.630447302270792,6.756377790790292,2.1368986063918847,-0.4868058290665616,-0.2698412698412698,1.5122489291099428,0.8328275146299222,1.1482528638339469,Restaurants,Consumer Cyclical,STKS
2022Q4,2022,Q4,2023-03-09,2022-12-31,5078000.0,88311000.0,5859000.0,0.15,20307000.0,0.229948704,291024000.0,69714000.0,78536000.0,45671000.0,222434000.0,5728000.0,24166000.0,202323599.1,330829599.1,2.17077099237901,1.7196032493267062,0.6309685799109351,2.634004647560031,0.015576832500405952,2.17077099237901,0.07284046246091172,2.2910350816999014,9.960791605947223,2.902194668215853,0.0,11.872206703910615,0.0,0.3034492000659739,1.5484005167392876,0.017448732750563526,-84.12623663201663,0.22994870401195774,12.513513513513512,12.906169961942705,2.3450582915040874,6.603422339046909,0.6112830278505118,12.46949602122016,10.932790224032587,-0.7722240050069902,0.5054950534408348,0.8079386471019917,Restaurants,Consumer Cyclical,STKS
2022Q3,2022,Q3,2022-11-03,2022-09-30,377000.0,73020000.0,491000.0,0.0111,12603000.0,0.1725965489,236383000.0,66904000.0,33569000.0,37289000.0,170505000.0,4988000.0,19087000.0,216885965.35999998,339000965.36,2.048277117713081,0.9002386762852316,0.5905331601680324,2.0864522300609827,0.010406116653834252,2.048277117713081,0.005634939614970704,2.9702268605861404,143.82358445623342,3.2417488544780584,0.0,12.112469927826785,0.0,0.3089054627447828,0.7054895545603261,0.0015948693433960987,-27.720598844580774,0.17259654889071488,-0.9146153846153846,1.249712135056083,2.166422508765019,9.042538588476503,-0.2571175950486295,-0.9123867069486404,-0.9146532244046585,-0.2839625742657558,1.8859172024629673,3.1111732407063823,Restaurants,Consumer Cyclical,STKS
2022Q2,2022,Q2,2022-08-04,2022-06-30,4303000.0,81125000.0,5753000.0,0.13,16965000.0,0.2091217257,235227000.0,69408000.0,39785000.0,39014000.0,166740000.0,4732000.0,18605000.0,240270866.11,349735866.11,2.129001190538889,1.019762136668888,0.5691608531333563,1.9289130935915169,0.015338906635390608,2.129001190538889,0.061995735361917936,2.9617364081355935,13.959497217638855,3.4617171811606733,0.0,13.558748943364328,0.0,0.3448796269135771,0.8400061516378736,0.018292968069141723,-95.26997070182395,0.20912172573189522,0.3,2.442699739999192,2.144496707790938,7.914329788103523,0.015321084445508408,0.22209599545583641,-0.38391518526451063,12.654591313643754,1.9980763190957787,3.5163655629343324,Restaurants,Consumer Cyclical,STKS
2022Q1,2022,Q1,2022-05-06,2022-03-31,3521000.0,74181000.0,9338000.0,0.1,16709000.0,0.2252463569,236574000.0,65577000.0,44800000.0,42836000.0,172055000.0,5015000.0,14302000.0,338750017.09999996,445241017.09999996,2.034580768143672,1.045849285647586,0.5712166172106825,2.0607072601674368,0.028502320782784387,2.034580768143672,0.05369260563917227,4.566533439829605,24.05211709031525,5.16568335086997,0.0,11.460019940179462,0.0,0.31356362068528243,0.8708562891026239,0.014883292331363549,63.04671823934486,0.22524635688383818,-0.411764705882353,7.811375954425966,1.8225167212113247,5.555310491233743,-0.19964554294199358,-0.3927216281476371,1.0077402709094818,2.6219741774469174,1.8612277256532064,3.3026953637650163,Restaurants,Consumer Cyclical,STKS
2021Q4,2021,Q4,2022-03-16,2021-12-31,5798000.0,84067000.0,4651000.0,0.17,20877000.0,0.2483376355,229835000.0,61434000.0,42927000.0,42264000.0,169310000.0,3915000.0,10632000.0,405017399.66999996,514047399.66999996,1.912714714555957,1.01568710959682,0.5771270694193661,2.159130123384445,0.017123155491255055,1.912714714555957,0.09437770615620016,4.817792946935183,17.463668492152465,6.592723893446625,0.0,16.140485312899106,0.0,0.3657710966562969,0.8363145939806927,0.025226793134204974,88.41244262606416,0.24833763545743276,-0.5,1.2800226868060776,2.2119004701235006,4.930329099643568,0.34725090345895715,-0.5032130922800103,-0.0804665875840253,0.6123754695428351,1.8691959706872434,3.324996764159414,Restaurants,Consumer Cyclical,STKS
2021Q3,2021,Q3,2021-11-04,2021-09-30,11671000.0,71869000.0,5058000.0,0.34,15496000.0,0.21561452086435043,217115000.0,54656000.0,33095000.0,37451000.0,163277000.0,3006000.0,4861000.0,342011124.33,454057124.33,1.7083439643800782,0.8836880190115084,0.603938005204615,2.399077868852459,0.015298566208060043,1.7083439643800782,0.21353556791569087,4.758812900276893,7.32608868841573,6.257522034726287,0.0,18.753493013972054,0.0,0.3310181240356493,0.7423566793944087,0.05375492250650577,765.1255577852348,0.21561452086435043,-0.17073170731707307,5.164051604747296,2.058285594721358,0.7315799478975199,-0.15011243349969836,-0.15647586007516623,-0.3478597215059309,34.192061812556226,2.123252282021047,3.9123751972745864,Restaurants,Consumer Cyclical,STKS
2021Q2,2021,Q2,2021-08-10,2021-06-30,13836000.0,70760000.0,7756000.0,0.41,18233000.0,0.2576738270209158,232222000.0,41951000.0,52584000.0,50155000.0,191519000.0,2671000.0,-6810000.0,344360420.53999996,459398420.53999996,1.3424888356073443,1.0484298674110257,0.6736872475476053,3.7292317227241307,0.024230743130019133,1.3424888356073443,0.329813353674525,4.866597237704918,6.222181637395201,8.208634372005434,0.0,19.665668289030325,0.0,0.30470842555830197,0.9641112551091616,0.05958091825925192,34.095091142574255,0.2576738270209158,186.6430205949657,8.091489941155974,2.284836950137544,0.48325015075313643,0.7241607565011821,196.65714285714284,8.050175029171529,65.94478886045965,2.050993734397695,3.2884302272248926,Restaurants,Consumer Cyclical,STKS
2021Q1,2021,Q1,2021-05-11,2021-03-31,70000.0,50482000.0,857000.0,0.002185,10575000.0,0.20948060694901152,218323000.0,24215000.0,38086000.0,50239000.0,195629000.0,2490000.0,-20646000.0,218180948.48000002,353934948.48,0.8301742258518208,0.7580962996874938,0.752046280052949,6.780466652901095,0.00045463800258056125,0.8301742258518208,0.0028907701837703904,4.321955320312191,779.2176731428573,9.010156864753252,0.0,16.02690763052209,0.0,0.23122621070615557,0.6655984394593841,0.00032062586168200326,49.91556817204302,0.20948060694901152,1.0145666666666666,1.132625635515468,1.6656650176800205,-0.11976280169271951,0.2747107039537126,1.0156284885018978,1.210049019607843,-0.7175493263917327,1.4109047080394228,1.8566627139222673,Restaurants,Consumer Cyclical,STKS
2020Q4,2020,Q4,2021-03-19,2020-12-31,-4479000.0,44993000.0,-4080000.0,-0.15,8296000.0,0.18438423754806305,215569000.0,23179000.0,34376000.0,40747000.0,193590000.0,2490000.0,-20716000.0,107544233.30000001,242254233.3,0.7974607040134062,0.8436449309151594,0.738023556262728,6.86375598602183,-0.011383513796602079,0.7974607040134062,-0.19323525605073558,2.3902436667926126,-6.002692191337353,4.639727050347298,0.0,14.737751004016065,0.0,0.20871739443055357,0.7494539475298795,-0.020777570058774685,-53.21337619990104,0.18438423754806305,-4.0,-3.3538468142133264,1.0938406657559694,-0.010931541854421698,0.03415607080528547,-4.118857142857143,-205.0,-10.603286953082652,0.8830178118935226,1.7932151998965675,Restaurants,Consumer Cyclical,STKS
2020Q3,2020,Q3,2020-11-05,2020-09-30,-875000.0,39567000.0,20000.0,-0.03,8022000.0,0.20274471150200926,216979000.0,27196000.0,36030000.0,26644000.0,190872000.0,2256000.0,-16237000.0,58020696.0,199902696.0,0.9374585923615946,1.3522744332682781,0.7763285847939202,6.193815266951022,4.813402883302379e-05,0.9374585923615946,-0.03217384909545521,1.4663910834786564,-16.577341714285716,2.1334275628768937,0.0,13.982712765957446,0.0,0.1823540526963439,1.217084521843567,-0.004032648320805239,17.72706874427131,0.20274471150200926,0.7000000000000001,0.6235756367370703,1.2496048157317101,0.2803506972885867,16.74778761061947,0.6953342618384402,1.0037857278061708,0.3474455093370665,0.9318374922348116,3.5962843638079143,Restaurants,Consumer Cyclical,STKS
2020Q2,2020,Q2,2020-08-12,2020-06-30,-2872000.0,16664000.0,-5283000.0,-0.1,452000.0,0.0271243398943831,210157000.0,27569000.0,31682000.0,22858000.0,183642000.0,2310000.0,-15362000.0,47119335.839999996,188549335.84,0.9536948940152973,1.3860355236678625,0.7846038913764471,5.9809931444738655,-0.009036383989446345,0.9536948940152973,-0.1041749791432406,2.8276125684109457,-4.101613495821726,1.7091420015234502,0.0,7.0181818181818185,0.0,0.0792930999205356,1.2206667249978125,-0.013665973534072146,-17.361582844509947,0.0271243398943831,0.375,-1.2977228494656685,-0.027331088747086556,0.18084412365379515,-0.8899439980521061,0.375516416612307,-0.21420363134911516,-0.08595320934325057,-0.27155333117455643,2.9932109198731354,Restaurants,Consumer Cyclical,STKS
2020Q1,2020,Q1,2020-05-11,2020-03-31,-4599000.0,40719000.0,-4351000.0,-0.16,4107000.0,0.10086200545200029,196181000.0,30047000.0,18220000.0,23326000.0,166810000.0,2490000.0,-12490000.0,36940859.25,176545859.25,1.0492617331309098,0.7811026322558519,0.7532074971582365,4.917795453789064,-0.013714882763947807,1.0492617331309098,-0.15306020567777148,0.9072143041332056,-2.0080919357469016,1.2294358588211802,0.0,14.703614457831325,0.0,0.2075583262395441,0.5883992111806567,-0.023442637156503434,-9.48660997688752,0.10086200545200029,-1.2424242424242424,-2.7001275625167245,2.0339245242250996,1.2550444237830258,-0.6062320230105465,-1.231816119764101,-1.4181643440653533,-9.013630533298038,0.7438144448683823,2.38066522348915,Restaurants,Consumer Cyclical,STKS
2019Q4,2019,Q4,2020-03-26,2019-12-31,19839000.0,52200000.0,10405000.0,0.66,10430000.0,0.19980842911877394,206585000.0,34314000.0,27141000.0,28133000.0,172673000.0,3058000.0,-7891000.0,104026122.2,240332122.2,1.2006884170868382,0.9647389187075677,0.7195585352276302,4.332051057877251,0.08353203870180122,1.2006884170868382,0.5781605175730022,1.9928375900383142,1.3108791042895307,3.031594165646675,0.0,13.659254414650098,0.0,0.2526804947116199,0.8188248675932179,0.09603310985792773,22.943564666960743,0.19980842911877394,32.0,9.961256621090147,2.1888812922905734,1.3694270192142133,1.1372950819672132,42.12826086956522,12.425806451612903,2.076842910868227,1.2414270099543392,2.7227075241631584,Restaurants,Consumer Cyclical,STKS
2019Q3,2019,Q3,2019-11-07,2019-09-30,460000.0,22106000.0,775000.0,0.02,4880000.0,0.22075454627702887,95420000.0,14218000.0,11869000.0,13590000.0,81571000.0,1602000.0,-27730000.0,79904935.6,148452935.6,0.4982220397409344,0.8733627667402502,0.739823936281702,4.965114643409763,0.004694186911874624,0.4982220397409344,0.0323533549022366,3.614626599113363,43.426595434782605,5.619984217189478,0.0,10.752808988764045,0.0,0.23167050932718508,0.637233259749816,0.004820792286732341,330.18568429752065,0.22075454627702887,3.0,-0.4581013320802742,0.5709445745971842,0.12020020416691694,0.09662921348314607,2.4285714285714284,0.6247379454926625,-0.7276276730621934,0.05461405588315674,-0.49500140978397,Restaurants,Consumer Cyclical,STKS
2019Q2,2019,Q2,2019-08-08,2019-06-30,-322000.0,23599000.0,477000.0,-0.01,4450000.0,0.18856731217424466,95460000.0,13403000.0,10514000.0,15559000.0,82435000.0,1365000.0,-28190000.0,90984032.0,159328032.0,0.4713970029378342,0.6757503695610257,0.7243138487324534,5.158770424531821,0.0031337678876394823,0.4713970029378342,-0.02402447213310453,3.855418958430442,-70.63977639751553,6.788333358203388,0.0,14.028571428571428,0.0,0.24721349256232977,0.5080017996015168,-0.003373140582442908,-74.21209787928223,0.18856731217424466,-1.3333333333333335,-1.094440228248761,0.7000904384002247,0.13652944639026637,-0.11583548579376117,-1.3770491803278688,-0.5793650793650794,0.8186158876580498,0.20402645050573406,-0.47917654350116057,Restaurants,Consumer Cyclical,STKS
2019Q1,2019,Q1,2019-05-09,2019-03-31,854000.0,22776000.0,1134000.0,0.03,5033000.0,0.22097822269055145,95591000.0,13389000.0,9961000.0,18514000.0,82739000.0,1243000.0,-27868000.0,84944460.0,150853460.0,0.47286191471462646,0.5380252781678729,0.7007772698266573,5.003211591605049,0.007316324838090805,0.47286191471462646,0.06378370303980879,3.7295600632244468,24.866645199063232,6.344346851893345,0.0,14.274336283185841,0.0,0.23826510863993472,0.3966187749810954,0.008933895450408512,187.5153642384106,0.22097822269055145,-0.7272727272727273,2.0502244404005694,0.9680062844701202,0.6303045067036428,-0.3367158671586716,-0.7304292929292929,-0.732799245994345,2.666820108155057,0.23893321626511627,-0.4986225372541104,Restaurants,Consumer Cyclical,STKS
2018Q4,2018,Q4,2019-03-28,2018-12-31,3168000.0,25813000.0,4244000.0,0.11,7588000.0,0.29396040754658503,55979000.0,12514000.0,11541000.0,17820000.0,43917000.0,1404000.0,-28722000.0,86870058.52,95597058.52,0.4422465076520591,0.6476430976430977,0.18433698351167402,0.8245964519737894,0.17326988071828836,0.4422465076520591,0.2531564647594694,3.365360807345136,6.85527608270202,6.941829832187949,0.0,12.98076923076923,0.0,0.4611193483270512,0.4972502805836139,0.056592650815484376,39.97701726645191,0.29396040754658503,12.0,1.133371943334557,-0.501402241681166,0.4036253106691337,0.8675855279350234,11.38688524590164,11.630952380952381,0.7101569574644281,0.23393085797816218,-0.45149388647953315,Restaurants,Consumer Cyclical,STKS
2018Q3,2018,Q3,2018-11-13,2018-09-30,-305000.0,19960000.0,336000.0,-0.01,4063000.0,0.2035571142284569,53767000.0,9651000.0,9918000.0,17113000.0,44922000.0,1194000.0,-31927000.0,98795809.92,108900809.92,0.34776333154028566,0.5795593992870917,0.20594416649617794,1.1473422443270127,-0.08067940552016985,0.34776333154028566,-0.03160294270023832,4.949689875751503,-80.98017206557377,10.23684695057507,0.0,13.314070351758794,0.0,0.3712314244796994,0.43136796587389703,-0.005672624472259936,-415.1084450420168,0.2035571142284569,-2.0,0.0953635421550911,0.0,-0.8390017364811901,-0.16226804123711341,-2.685082872928177,-0.5653298835705045,0.8628379645337931,0.18630963478232423,-0.525036062758426,Restaurants,Consumer Cyclical,STKS
2018Q2,2018,Q2,2018-08-15,2018-06-30,181000.0,20311000.0,773000.0,0.01,4850000.0,0.2387868642607454,52320000.0,8567000.0,9038000.0,16267000.0,44655000.0,1199000.0,-31621000.0,66500162.46,77386162.46000001,0.31304900965500587,0.5556033687834265,0.22589831804281346,1.37959612466441,0.024650741720000674,0.31304900965500587,0.02112758258433524,3.2740959312687705,91.85105312154697,7.762362841134587,0.0,12.894912427022518,0.0,0.3882071865443425,0.416179996311551,0.003459480122324159,122.92081785582255,0.2387868642607454,0.0,1.7437009310855043,0.0,-0.8558834208540178,0.09827898550724638,-0.21645021645021645,0.6767895878524945,-0.9801801013466354,0.25231103505328345,-0.6123895747093887,Restaurants,Consumer Cyclical,STKS
2018Q1,2018,Q1,2018-05-15,2018-03-31,231000.0,19517000.0,461000.0,0.01,4416000.0,0.22626428242045396,51623000.0,7901000.0,9192000.0,15720000.0,44757000.0,1288000.0,-31802000.0,74766056.75,86188056.75,0.2906098160646944,0.5847328244274809,0.24339926001975865,1.5903050246804202,0.018587198006723073,0.2906098160646944,0.02923680546766232,3.8308170697340778,80.91564583333333,9.46285998607771,0.0,11.724378881987578,0.0,0.37806791546403734,0.42321882951653944,0.004474749627104198,-557.9556473880597,0.22626428242045396,2.0,2.009458659931115,0.0,-0.8667591340534679,-0.21659693326793147,1.6643409938656306,1.9349410783521037,1.1957540551559336,0.5316736154886881,-0.3754293857092971,Restaurants,Consumer Cyclical,STKS
2017Q4,2017,Q4,2018-04-17,2017-12-31,-347713.0,21523427.0,157073.0,-0.01,5636945.0,0.2618981168751612,53015000.0,7475000.0,9763000.0,16927000.0,46462000.0,1402000.0,-31979000.0,62575481.900000006,74383481.9,0.2854991996473942,0.5767708394872098,0.25192869942469115,1.7867558528428094,0.01108428605325031,0.2854991996473942,-0.046516789297658866,2.907319633625259,-44.990755234920755,8.371301926421404,0.0,11.331299572039942,0.0,0.4059874941054419,0.4324452058840905,-0.00655876638687164,-301.0433936938931,0.2618981168751612,0.7999999999999999,-0.2865464759130488,0.0,-0.869605483133409,0.6477872313805826,0.7018088045870159,1.1983134775340765,-1.209698932672984,0.43520518723002605,-0.43659861460990174,Restaurants,Consumer Cyclical,STKS
2017Q3,2017,Q3,2017-11-13,2017-09-30,-1166074.0,17811372.0,-792044.0,-0.05,3420918.0,0.1920636995285933,53967042.0,5145564.0,9771209.0,19188050.0,49861076.0,1168438.0,-31631481.0,42383523.839999996,56587875.839999996,0.20396009431951942,0.5092340805866151,0.2965372458249611,3.110103770937452,-0.045479860585909054,0.20396009431951942,-0.22661733485386637,2.3795765896080323,-9.086799774285337,8.23690538879703,0.0,12.315975687199492,0.0,0.33004165764727295,0.40294250848835605,-0.021607150527168044,66.65417543153339,0.1920636995285933,0.4444444444444444,-3.975155688769333,0.0,-0.907283520833306,-0.21127463932414692,0.4931098173528884,0.5444415174776346,-2.553868125387303,0.4317785953694795,-0.5414170368347567,Restaurants,Consumer Cyclical,STKS
2017Q2,2017,Q2,2017-08-14,2017-06-30,-2300447.0,19898503.0,-1738622.0,-0.09,4337274.0,0.2179698643661787,54182216.0,6005341.0,9212275.0,17544987.0,48981421.0,1412091.0,-30465407.0,54564502.44,69061772.44,0.2388290809456156,0.5250659347880965,0.29600498436608796,2.670657003490726,-0.08696062521520459,0.2388290809456156,-0.3830668400012589,2.7421410766428007,-5.929771740014006,9.085995689503726,0.0,11.019990213095332,0.0,0.36725155353557337,0.37199919270387605,-0.042457602693843306,37.50779510720391,0.2179698643661787,-3.4999999999999996,-11.661191569131315,0.0,-0.8918893006206886,0.021770078327616228,-4.7258379255586584,-5.113147707334911,-1.7629184599472936,0.6209274034411704,-0.42418750764774704,Restaurants,Consumer Cyclical,STKS
2017Q1,2017,Q1,2017-05-15,2017-03-31,-401766.0,20426698.0,-284407.0,-0.02,4244863.0,0.2078095539474858,54830152.0,7774998.0,11527236.0,16663789.0,47977272.0,1386965.0,-28164960.0,47596193.199999996,63611210.199999996,0.3103713807094976,0.6917535981762611,0.3246911845146809,2.2897584025102,-0.010754182768455455,0.3103713807094976,-0.051674096893658365,2.330097267801188,-29.616862302932553,6.121698449311498,0.0,11.667082442599488,0.0,0.37254498218425514,0.4976534448437867,-0.00732746464025852,-94.10807318081069,0.2078095539474858,0.96875,-2.672367029426822,0.0,-0.859962316690824,-0.030011875597121797,0.9751212723877184,0.8510958115183246,0.4415392970369263,0.9949976214734592,0.07007954114447637,Restaurants,Consumer Cyclical,STKS
2016Q4,2016,Q4,2017-04-05,2016-12-31,-16148977.0,20413783.0,-1910000.0,-0.64,4376201.0,0.2143748172496984,52891615.0,8079603.0,10094015.0,13867596.0,45513078.0,1308851.0,-27763194.0,55612394.160000004,71016083.16,0.3225309561101622,0.7278849917462262,0.3214398161220829,2.1042458398017825,-0.5820467548429847,0.3225309561101622,-1.998733972448894,2.724257143323215,-0.8609275089066014,6.883060239469687,0.0,12.253176259176943,0.0,0.3859549949457962,0.5517885724389433,-0.30532206286383956,-17.153233114154002,0.2143748172496984,-11.666666666666666,-31.474359584011225,0.0,-0.8547621780942378,0.2632211410092431,-11.905126814738182,0.22643533708181438,0.23204204555461147,-0.5546018027429463,0.023665773810280344,Restaurants,Consumer Cyclical,STKS
2016Q3,2016,Q3,2016-11-14,2016-09-30,1480861.0,18379600.0,-2469089.0,0.06,3464319.0,0.1884871814402925,66711688.0,24686970.0,10529233.0,13072668.0,42746181.0,1162934.0,-11614217.0,62539356.5757,76333404.5757,0.9865810507070986,0.8054387214606842,0.23362170059315543,0.6313167634586181,0.04344601554754493,0.9865810507070986,0.05998553082861121,3.4026505786687413,10.557938350679098,2.5332941456849505,0.0,12.825561037857694,0.0,0.2755079439752746,0.6296529522512161,0.022197924297763235,-26.23979770548356,0.1884871814402925,2.0,17.7693399149027,0.0,53.01049570411048,-0.12028935345951684,1.9491049952219839,-1.5510016634121646,5.871268307285873,0.0,-0.5432588154682846,Restaurants,Consumer Cyclical,STKS
2016Q2,2016,Q2,2016-08-15,2016-06-30,-1560271.0,17226656.0,-967890.0,-0.06,3938021.0,0.228600431795933,60753666.0,22618036.0,11200271.0,12730197.0,38863636.0,1144729.0,-13091882.0,65222751.599999994,76058502.6,0.9050994095134128,0.8798191418404602,0.21784285412504983,0.5851415215715459,-0.04340303663326679,0.9050994095134128,-0.06898348733727366,3.78615278554352,-10.450548590597402,2.883661145468156,0.0,11.60854228380691,0.0,0.2835492429378665,0.6232876050543444,-0.025681923457919396,54.28235922719563,0.228600431795933,-1.9999999999999996,-73.29631083477092,0.0,66.68561877874738,0.08858093533979826,-2.4148845597424398,-0.9795356561433936,-6.020654646621501,0.0,-0.5833245700733183,Restaurants,Consumer Cyclical,STKS
2016Q1,2016,Q1,2016-05-16,2016-03-31,-456903.0,16393981.0,-488948.0,-0.02,3617573.0,0.2206647061503853,58873449.0,23814321.0,11423049.0,10836778.0,35903788.0,1110210.0,-11531611.0,75751272.0,87996040.0,0.9431255887029858,1.054100120903095,0.22859936403590012,0.5651403203979656,-0.01174390334368437,0.9431255887029858,-0.01918606035418772,4.6206758443845946,-41.44822424015601,3.1809125273821577,-0.12931628813993343,11.508100269318417,0.0007799869023981538,0.278461365496015,0.73719771688596,-0.00776076495875076,-18.549702573063787,0.2206647061503853,-1.305502092689335,-2.098568409784105,0.0,21.109509184465413,-0.11366363754413217,-1.2773959316744732,0.7000874684567645,-1.1498278019108055,0.0,-0.5675890379864384,Restaurants,Consumer Cyclical,STKS
2015Q4,2015,Q4,2016-03-30,2015-12-31,1647115.0,18600404.0,-1630302.0,0.065466,4081490.0,0.21943018011866838,56046310.0,20285672.0,11953916.0,11095109.0,36441336.0,1152119.0,-11074708.0,74724481.26,86493126.26,0.8062745277597662,1.0774041066203135,0.24284412301184502,0.6709423774573502,0.03780430863348566,0.8062745277597662,0.08119597911274519,4.017357970289248,11.341721928948497,3.683608867381865,0.0,12.601922197273025,0.0,0.331875622141761,0.7858639333782119,0.02938846464646825,-40.24639813645361,0.21943018011866838,1.8244568981802152,20.121769196704932,0.0,22.122483045795125,0.3168603056710793,1.8170338928822813,0.2527432534757044,7.342030351488889,0.0,-0.6317545630988844,Restaurants,Consumer Cyclical,STKS
2015Q3,2015,Q3,2015-11-16,2015-09-30,-2015969.0,15253883.0,-2181716.0,-0.079405,3099410.0,0.20318826360474904,51896971.0,18421696.0,11134253.0,10752854.0,34042992.0,1066565.0,-12721823.0,89317140.89999999,99138249.89999999,0.7321889185102655,1.0354695599884458,0.22384651312308768,0.6306127296856924,-0.14195971183020129,0.7321889185102655,-0.1094344950649495,5.855370786572835,-11.076204656420806,4.848475455245814,-0.1635094587267959,11.395904609658109,0.003690557004831309,0.2939262678740923,0.692919293798651,-0.038845600449398096,-19.548762152980306,0.20318826360474904,-1.2352949891842238,-24.315353139204287,0.0,22.07155555755108,-0.1344944485400889,-1.2402775773116317,-0.5655275050624355,-7.624734484005673,0.0,-0.6671604862920266,Restaurants,Consumer Cyclical,STKS
2015Q2,2015,Q2,2015-08-14,2015-06-30,8390167.0,14900902.0,-1393598.0,0.33747,3581040.0,0.24032370657829977,49626946.0,20306112.0,13382001.0,9036872.0,29748619.0,1069141.0,-10705854.0,105347422.77000001,110565909.77000001,0.8076382605558069,1.4808222358355856,0.16254806411017111,0.397257929041266,-0.15996533773846097,0.8076382605558069,0.41318431613102496,7.069868842168079,3.1390144787940457,5.187966202983614,0.015130807289056344,10.587810213994226,0.0012050603295456392,0.3002582911307901,1.0496447222003367,0.16906474559204188,-53.14473315495235,0.24032370657829977,9.500075562943932,54.87899952829648,0.0,26.572257125405613,0.5774130714589653,8.693025068309769,0.17729311572342935,47.182083918934666,0.0,-0.6344065938349384,Restaurants,Consumer Cyclical,STKS
2015Q1,2015,Q1,2015-05-15,2015-03-31,-1090620.0,11776577.0,-1693918.0,-0.039702,2270198.0,0.19277231406035897,41111024.0,11691568.0,14371904.0,6787562.0,29854371.0,943403.0,-19096021.0,125635980.0,128664034.0,0.4652953715965761,2.1173882463246745,0.18362101610507198,0.6456660047651436,-0.05825775709314496,0.4652953715965761,-0.09328261187891992,10.668293511773413,-28.799210540793307,10.745862317184487,-0.06222607324274266,10.076689389370184,0.0005401716928542285,0.28645788535941114,1.4752184952417378,-0.02652865080665468,-40.10688488438575,0.19277231406035897,-1.6666666666666667,-22.190255367059187,0.0,1.0183266349680162,-0.5236713635847675,-1.6853478016612435,-0.542929959976609,-8.938502387829288,0.0,-0.7900615522477755,Restaurants,Consumer Cyclical,STKS
2014Q4,2014,Q4,2015-03-31,2014-12-31,1591338.0,14392464.0,-1097858.0,0.059553,4766033.0,0.33114781457851833,41362141.0,12733008.0,16547231.0,7166058.0,28889444.0,1139305.0,-18005401.0,121866900.6,121522494.6,0.5067420972877356,2.309112066913218,0.18279029608259398,0.5937794117462268,-0.05401190050539125,0.5067420972877356,0.12497738162105922,8.467410486487928,19.145351364700645,9.570943535101838,0.13652787779843126,8.449388881818301,0.0017827810416965674,0.34796225853008916,1.8797690445709483,0.038473298565468356,-503.57391034858927,0.33114781457851833,0.9999664170332807,68.70924366890723,0.0,22.547560228179893,0.43005544051913713,1.1290910404508272,-2.369279276807296,4.190307928357785,0.0,-0.7718106833351812,Restaurants,Consumer Cyclical,STKS
2014Q3,2014,Q3,2014-11-13,2014-09-30,747426.0,12390184.0,801778.0,0.029777,3332761.0,0.2689839795760902,35748679.0,11175612.0,13900060.0,9958429.0,24933551.0,944684.0,-19596739.0,133174138.8,131630855.8,0.44476160412009363,1.395808515580118,0.19096121006317465,0.6108489629024343,0.02883375236769874,0.44476160412009363,0.06688009569408816,10.748358442457352,44.544255484823914,11.91649627778774,0.42318704460374673,9.587780675866215,0.0023750932639783665,0.34659138034163445,1.24375672106514,0.020907793543923678,240.83211501424114,0.2689839795760902,-0.7499979010469578,9.691965955819933,0.0,1.019695373090231,-0.1186972284438192,-0.751949257898087,0.3898691739776346,9.428705225216932,0.0,24.446904320594996,Restaurants,Consumer Cyclical,STKS
2014Q2,2014,Q2,2014-08-14,2014-06-30,3013198.0,12267340.0,576873.0,0.119107,3781630.0,0.3082681331079109,33583193.0,10421978.0,12420891.0,9601621.0,23484940.0,965891.0,-20344165.0,125635980.0,124082274.0,0.4147688424924134,1.2936243786335662,0.16572712427909997,0.5340297206537953,0.03492712138116299,0.4147688424924134,0.2891195893908047,10.24150141758523,10.423807197535643,12.054907427361677,0.11504255611479897,8.785370191874653,0.0027591299880814395,0.3652821219233085,1.1207690868031555,0.08972339229328194,-40.13684148986436,0.3082681331079109,4.999966417033281,29.162633509615343,0.0,1.021333828880685,0.4152139532342412,5.174543469617056,2.322312193323965,143.6952331748873,0.0,31.100945578901353,Restaurants,Consumer Cyclical,STKS
2014Q1,2014,Q1,2014-05-15,2014-03-31,-721803.0,10272920.0,173636.0,-0.029777,2672126.0,0.26011358017000036,34449295.0,7289913.0,14699357.0,10624142.0,27268360.0,808376.0,-23357363.0,125668590.0,121202334.0,0.2900451497068599,1.3835806223222544,0.138563967709644,0.6547994468521092,-0.01391133018104863,0.2900451497068599,-0.09901393884947599,12.23299607122415,-43.525930898042816,17.238695441221317,-0.1352973041120638,9.402547824279791,0.0007771074697344818,0.2982040706493413,1.223640177249137,-0.020952620365670763,-49.38976020524865,0.26011358017000036,0.9645274846067065,-4.262535901896957,0.0,12.9607835226798,-0.7624535119352147,0.9657884311913795,1.0272674051209378,-3.917764178057291,0.0,7.184399693747044,Restaurants,Consumer Cyclical,STKS
2013Q4,2013,Q4,2014-04-01,2013-12-31,-21098214.0,45984679.0,-6367896.0,-0.8394386377693901,11248855.0,0.24462180110031864,35196931.0,7918993.0,16661463.0,10487448.0,26970295.0,978392.0,-22635560.0,125668590.0,118576212.0,0.31507447485485435,1.588705183568014,0.13037238956998837,0.579455999014016,-0.5091180225686559,0.31507447485485435,-2.6642546596518017,2.732836082209033,-1.4890903798776522,15.869263932926826,0.0,35.50297222381213,0.0,1.306496836329281,1.4159898575897587,-0.599433342640016,-16.87231873533121,0.24462180110031864,-68.3750940305281,0.9160561362230609,0.0,1.0167659551054455,0.0,-136.89682352941176,-40.0832,-244.1881993557256,0.0,9.254205018451733,Restaurants,Consumer Cyclical,STKS
2013Q3,2013,Q3,2013-11-14,2013-09-30,-153000.0,0.0,-155000.0,-0.0121,0.0,0.0,28792000.0,27203000.0,0.0,1589000.0,1589000.0,0.0,-1167000.0,62968625.0,63928625.0,2.160043990161767,0.0,0.0333425951653237,0.03529022534279307,-0.0055036750346198916,2.160043990161767,-0.005624379664007646,0.0,-102.88991013071895,2.3147676726831596,0.0,0.0,0.0,0.0,0.0,-0.005313976104473465,31484.3125,0.0,-0.21902075357646572,-2.0694301970713544,0.0,127.31673923152958,0.0,-0.36607142857142855,-0.33620689655172414,-2.83834338645943,0.0,63.16358346156785,Restaurants,Consumer Cyclical,STKS
2013Q2,2013,Q2,2013-08-14,2013-06-30,-112000.0,0.0,-116000.0,-0.009926,0.0,0.0,28801000.0,27356000.0,11000.0,1445000.0,1445000.0,0.0,-1014000.0,62968625.0,63847625.0,2.1721928976533946,0.007612456747404845,0.030519773618971565,0.03213189062728469,-0.0041083761289180095,2.1721928976533946,-0.0040941658137154556,0.0,-140.55496651785714,2.301821355461325,0.0,0.0,0.0,0.0,0.0,-0.0038887538627131,15742.15625,0.0,0.0,-3.067937963588377,0.0,166.28398433294404,0.0,-0.05660377358490566,-0.03571428571428571,-0.43589481411143116,0.0,69.7781622264219,Restaurants,Consumer Cyclical,STKS
2013Q1,2013,Q1,2013-05-15,2013-03-31,-106000.0,0.0,-112000.0,-0.009926,0.0,0.0,28808000.0,27468000.0,22000.0,1340000.0,1340000.0,0.0,-902000.0,62968625.0,63769625.0,2.181086215555763,0.016417910447761194,0.02780477645098584,0.029161205766710354,-0.00396193710424847,2.181086215555763,-0.0038590359691277124,0.0,-148.51090801886792,2.292435743410514,0.0,0.0,0.0,0.0,0.0,-0.0036795334629269646,10494.770833333334,0.0,0.03842065884615378,-7.445182225354961,0.0,433.14552024452706,0.0,0.18461538461538463,0.18840579710144928,-3.4970504572354346,0.0,1.0859066591810398,Restaurants,Consumer Cyclical,STKS
2012Q4,2012,Q4,2013-03-29,2012-12-31,-130000.0,0.0,-138000.0,-0.010322601136677195,0.0,0.0,28802000.0,27574000.0,22000.0,1228000.0,1228000.0,0.0,-796000.0,62968625.0,63702625.0,2.1895031057133614,0.017915309446254073,0.025484341365182975,0.026619279030971204,,2.1895031057133614,-0.004714586204395445,0.0,-121.09350961538462,2.283623159498078,0.0,0.0,0.0,0.0,0.0,-0.004513575446149573,7871.078125,0.0,-0.039955786487728566,-0.032260113667719435,0.0,541.5565692885508,0.0,-0.1111111111111111,-0.08661417322834646,-10.036178167903545,0.0,94.10150132120752,Restaurants,Consumer Cyclical,STKS
2012Q3,2012,Q3,2012-11-14,2012-09-30,-117000.0,0.0,-127000.0,-0.009926,0.0,0.0,28794000.0,27704000.0,22000.0,1090000.0,1090000.0,0.0,-666000.0,62968625.0,63648625.0,2.199825706850038,0.02018348623853211,0.0,0.0,,2.199825706850038,-0.004223216863990759,0.0,-134.54834401709402,2.272907341900087,0.0,0.0,0.0,0.0,0.0,-0.004063346530527193,6296.8625,0.0,0.0,0.07096589769905251,0.0,390.33091741797523,0.0,-0.2857142857142857,-0.24509803921568626,-1.7147228530331873,0.0,1.0974148569223021,Restaurants,Consumer Cyclical,STKS
2012Q2,2012,Q2,2012-08-14,2012-06-30,-91000.0,0.0,-102000.0,-0.009926,0.0,0.0,28784000.0,27821000.0,22000.0,963000.0,963000.0,0.0,-549000.0,62968625.0,63558625.0,2.209116047873048,0.02284527518172378,0.0,0.0,,2.209116047873048,-0.0032709104633190755,0.0,-172.99072802197801,2.263348729377089,0.0,0.0,0.0,0.0,0.0,-0.00316147859922179,5724.420454545455,0.0,-1.2728238972727275,-0.23518826917728844,0.0,506.7782296685432,0.0,-0.6545454545454545,-0.8214285714285714,-0.6969803251061559,0.0,1.113626914354737,Restaurants,Consumer Cyclical,STKS
2012Q1,2012,Q1,2012-05-15,2012-03-31,-55000.0,0.0,-56000.0,-0.004367254327055736,0.0,0.0,28773000.0,27912000.0,22000.0,861000.0,861000.0,0.0,-458000.0,62968625.0,63498625.0,2.2163418686687217,0.025551684088269456,0.0,0.0,-0.002006305531670966,2.2163418686687217,-0.0019704786471768415,0.0,-286.2210227272727,2.2559696546288337,0.0,0.0,0.0,0.0,0.0,-0.0019115142668473916,62968.625,0.0,0.78,-3.3819341735332342,0.0,440.1308344642943,0.0,0.78,0.776,0.1997206500352198,0.0,92.39675436803635,Restaurants,Consumer Cyclical,STKS
2011Q4,2011,Q4,2012-03-29,2011-12-31,-250000.0,0.0,-250000.0,-0.019851156032071528,0.0,0.0,28772000.0,27967000.0,22000.0,805000.0,805000.0,0.0,-403000.0,62968625.0,63438625.0,2.220709122995778,0.02732919254658385,0.0,0.0,,2.220709122995778,-0.008939106804448099,0.0,-62.968625,2.2515330568169625,0.0,0.0,0.0,0.0,0.0,-0.008689003197553176,2031.2459677419354,0.0,-4.6249995864342495,-0.9851156032071527,0.0,549.2608824723617,0.0,-9.416666666666666,-9.416666666666666,0.9980148843967929,0.0,1.1181698691255533,Restaurants,Consumer Cyclical,STKS
2011Q3,2011,Q3,2011-11-14,2011-09-30,-24000.0,0.0,-24000.0,-0.0035290946651705267,0.0,0.0,267000.0,-129000.0,0.0,396000.0,396000.0,0.0,-153000.0,34003055.0,34223055.0,-0.01896888382529158,0.0,0.0,0.0,,-0.01896888382529158,0.18604651162790697,0.0,-354.1984895833333,-263.58957364341086,0.0,0.0,0.0,0.0,0.0,-0.0898876404494382,-2436.2724797592605,0.0,-3.1994182425006237,0.6470905334829474,0.0,-2.3571627602582645,0.0,-2.757044458359424,-3.361257495911321,0.10837170000160531,0.0,-0.10927720110602523,Restaurants,Consumer Cyclical,STKS
2011Q2,2011,Q2,2011-08-12,2011-06-30,-6388.0,0.0,-5503.0,-0.0008403770382892512,0.0,0.0,123252.0,-104741.0,391.0,227993.0,227993.0,0.0,-128741.0,38006750.0,38156359.0,-0.013779262894091182,0.001714964933133912,0.0,0.0,,-0.013779262894091182,0.0609885336210271,0.0,-1487.427598622417,-362.8641124297076,0.0,0.0,0.0,0.0,0.001714964933133912,-0.051828773569597246,-3406.5384960114725,0.0,0.9153357809501056,0.8563451974892207,0.0,-4.167244077211627,0.0,0.4734152172121012,0.48459305048234524,0.6155988467617323,0.0,-0.048475701567223965,Restaurants,Consumer Cyclical,STKS
2011Q1,2011,Q1,2011-05-16,2011-03-31,-12131.0,0.0,-10677.0,-0.009926,0.0,0.0,746.0,-97425.0,746.0,98171.0,98171.0,0.0,-122353.0,10386575.0,10386054.0,-0.04689948322714658,0.007598985443766489,0.0,0.0,0.10959199384141648,-0.04689948322714658,0.12451629458557865,0.0,-214.050263786992,-106.61098280728767,0.0,0.0,0.0,0.0,0.005307066241558097,-16.261394101876675,-1508.3611675864072,0.0,-1.899244753937008,-4.85937928074858,0.0,-8.292343160873349,0.0,-0.7057086614173228,-0.8304474541402366,-4.85937928074858,0.0,-8.292343160873349,Restaurants,Consumer Cyclical,STKS
2010Q4,2010,Q4,2011-03-22,2010-12-31,-7112.0,0.0,-5833.0,-0.0034236502408156685,0.0,0.0,5112.0,-79294.0,5112.0,84406.0,84406.0,0.0,-110222.0,10386575.0,10385963.0,-0.038171389510016536,0.06056441485202474,0.0,0.0,,-0.038171389510016536,0.08969152773223699,0.0,-365.10738892013495,-130.98815799429968,0.0,0.0,0.0,0.0,0.007250669383693102,-1.3912363067292646,-1005.1848446724088,0.0,-0.08167300380228139,0.6576349759184332,0.0,-8.423962589808166,0.0,-0.08167300380228137,-0.07719298245614035,0.6576349759184332,0.0,-8.423962589808166,Restaurants,Consumer Cyclical,STKS
2010Q3,2010,Q3,2010-11-15,2010-09-30,-6575.0,0.0,-5415.0,-0.003165143466445869,0.0,0.0,663.0,-72182.0,663.0,72845.0,72845.0,0.0,-103110.0,10386575.0,10385912.0,-0.03474773926920087,0.009101516919486581,0.0,0.0,,-0.03474773926920087,0.09108919121110526,0.0,-394.92680608365015,-143.8942534149788,0.0,0.0,0.0,0.0,0.009101516919486581,-9.917043740573153,-1918.1117266851338,0.0,0.6811259856492173,0.6834856533554131,0.0,-5.149745939304456,0.0,0.4889631587128867,0.5421106037544394,0.6834856533554131,0.0,-5.149745939304456,Restaurants,Consumer Cyclical,STKS
2010Q2,2010,Q2,2010-08-12,2010-06-30,-12866.0,0.0,-11826.0,-0.009926,0.0,0.0,1078.0,-65607.0,1078.0,66685.0,66685.0,0.0,-96535.0,10386575.0,10385497.0,-0.031582595802755,0.016165554472520056,0.0,0.0,,-0.031582595802755,0.19610712271556388,0.0,-201.8221475205969,-158.31504260216136,0.0,0.0,0.0,0.0,0.016165554472520056,-11.935064935064934,-835.8743763077418,0.0,-4.303351000514404,-0.05873473528161429,0.0,-8.259444156634771,0.0,-2.309156378600823,-2.9158940397350994,-0.05873473528161429,0.0,-8.259444156634771,Restaurants,Consumer Cyclical,STKS
2010Q1,2010,Q1,2010-05-14,2010-03-31,-3888.0,0.0,-3020.0,-0.0018716468133143024,0.0,0.0,2404000.0,-52741000.0,2404000.0,55145000.0,55145000.0,0.0,0.0,10386575.0,7982575.0,-25.38902381198807,0.04359416084867168,0.0,0.0,5.726095447564513e-05,-25.38902381198807,7.371873874215506e-05,0.0,-667.8610468106996,-0.19693549610360062,0.0,0.0,0.0,0.0,0.04359416084867168,-0.0016173044925124791,-2499.777376654633,0.0,-1.0010293360782296,-0.8779380631069557,0.0,-5029.407704876791,0.0,-1.0010293360782296,-1.674933569530558,-0.8779380631069557,0.0,-5029.407704876791,Restaurants,Consumer Cyclical,STKS
2009Q4,2009,Q4,2010-04-14,2009-12-31,-1943.0,0.0,-1129.0,-0.0009353420160158666,0.0,0.0,6559.0,-48853.0,6559.0,55412.0,55412.0,0.0,-79781.0,10386575.0,10380016.0,-0.023517376998673768,0.11836786255684689,0.0,0.0,,-0.023517376998673768,0.039772378359568504,0.0,-1336.4095470921256,-212.6087446011504,0.0,0.0,0.0,0.0,0.11836786255684689,-0.2962341820399451,-75265.03623188406,0.0,0.7266844844563229,0.9064657983984133,0.0,-4.8060993820452795,0.0,0.7266844844563229,0.8203659506762132,0.9064657983984133,0.0,-4.8060993820452795,Restaurants,Consumer Cyclical,STKS
2009Q3,2009,Q3,2009-11-20,2009-09-30,-7109.0,0.0,-6285.0,-0.0034222060688918147,0.0,0.0,6697000.0,-46910000.0,6697000.0,53606000.0,53606000.0,0.0,0.0,10386575.0,3689575.0,-22.582034982657902,0.12493004514420028,0.0,0.0,,-22.582034982657902,0.0001515455126838627,0.0,-365.2614643409762,-0.22141494350884672,0.0,0.0,0.0,0.0,0.12493004514420028,-0.001061520083619531,-1874.1564417177915,0.0,0.19629665174576663,0.6577793931108186,0.0,-3995.627718998809,0.0,0.1844671331880234,0.2228267589959194,0.6577793931108186,0.0,-3995.627718998809,Restaurants,Consumer Cyclical,STKS
2009Q2,2009,Q2,2009-09-21,2009-06-30,-8717.0,0.0,-8087.0,-0.004258046300697104,0.0,0.0,239000.0,-39801000.0,239000.0,40040000.0,40040000.0,0.0,0.0,10235915.0,9996915.0,-19.44183788161586,0.005969030969030969,0.0,0.0,,-19.44183788161586,0.0002190145976231753,0.0,-293.56186187908685,-0.25717733222783346,0.0,0.0,0.0,0.0,0.005969030969030969,-0.036472803347280335,-1.2655681256181999,0.0,0.2201380401653655,0.27212575720344884,0.0,-4469.820019905558,0.0,0.9987899777901166,0.9988157856201494,0.27212575720344884,0.0,-4469.820019905558,Restaurants,Consumer Cyclical,STKS
2009Q1,2009,Q1,2009-05-13,2009-03-31,-7204000.0,0.0,-6829000.0,-0.00546,0.0,0.0,7399000.0,-32012000.0,7399000.0,39411000.0,39411000.0,0.0,0.0,6600500000.0,6593101000.0,-0.024249678054692827,0.18773946360153257,0.0,0.0,0.2133262526552543,-0.024249678054692827,0.22504060977133575,0.0,-229.0567740144364,-206.1883043858553,0.0,0.0,0.0,0.0,0.18773946360153257,-0.9736450871739424,-859.1045164649225,0.0,0.45400000000000007,-4.475505738997365,0.0,-3.8046655212284985,0.0,0.4542837663813348,0.43636513700891383,-4.475505738997365,0.0,-3.8046655212284985,Restaurants,Consumer Cyclical,STKS
2008Q4,2008,Q4,2009-03-26,2008-12-31,-13201000.0,0.0,-12116000.0,-0.01,0.0,0.0,582000.0,-24808000.0,582000.0,25390000.0,25390000.0,0.0,0.0,6600500.0,6018500.0,-18.792515718506174,0.022922410397794406,0.0,0.0,0.48839084166397934,-18.792515718506174,0.5321267333118349,0.0,-0.125,-0.26606336665591745,0.0,0.0,0.0,0.0,0.022922410397794406,-22.68213058419244,-6.2981870229007635,0.0,-1.5265071770334928,-999.0,0.0,-4638.599641849857,0.0,-1.5265071770334928,-1.4756845116469146,-999.0,0.0,-4638.599641849857,Restaurants,Consumer Cyclical,STKS
2008Q3,2008,Q3,2008-10-08,2008-09-30,-5225000.0,0.0,-4894000.0,-0.003958033482311946,0.0,0.0,1630000.0,-22574000.0,1630000.0,24204000.0,24204000.0,0.0,0.0,6600500000.0,6598870000.0,-0.01710021968032725,0.0673442406213849,0.0,0.0,0.21679808629396652,-0.01710021968032725,0.23146097280056702,0.0,-315.81339712918657,-292.3939044918933,0.0,0.0,0.0,0.0,0.0673442406213849,-3.205521472392638,-1348.6922762566408,0.0,-0.8104643104643104,0.6041966517688054,0.0,-2.0264416837477084,0.0,-0.8104643104643104,-0.8903051371185786,0.6041966517688054,0.0,-2.0264416837477084,Restaurants,Consumer Cyclical,STKS
2008Q2,2008,Q2,2008-07-21,2008-06-30,-2886000.0,0.0,-2589000.0,-0.002186198015301871,0.0,0.0,6524000.0,-17349000.0,6524000.0,23873000.0,23873000.0,0.0,0.0,6600500000.0,6593976000.0,-0.013142186198015302,0.2732794370209023,0.0,0.0,0.14923050319903164,-0.013142186198015302,0.16634964551270967,0.0,-571.7688842688842,-380.45420485330567,0.0,0.0,0.0,0.0,0.2732794370209023,-0.44236664622930716,-1801.938301938302,0.0,-1.1861980153018712,0.6262893560526439,0.0,-4.0208082766985855,0.0,-0.01050420168067227,0.05199560600512633,0.6262893560526439,0.0,-4.0208082766985855,Restaurants,Consumer Cyclical,STKS
2008Q1,2008,Q1,2008-05-06,2008-03-31,-2856000.0,0.0,-2731000.0,-0.001,0.0,0.0,187000.0,-14463000.0,187000.0,14650000.0,14650000.0,0.0,0.0,14328000000.0,14327813000.0,-0.005047110552763819,0.012764505119453925,0.0,0.0,0.1888266611353108,-0.005047110552763819,0.1974694046878241,0.0,-1254.201680672269,-990.6658369632858,0.0,0.0,0.0,0.0,0.012764505119453925,-15.272727272727273,-8646.952323476162,0.0,0.9000000000000001,0.0,0.0,0.0,0.0,0.9003350083752094,0.9030046881659327,0.0,0.0,0.0,Restaurants,Consumer Cyclical,STKS
2007Q4,2007,Q4,2008-02-26,2007-12-31,-28656000.0,0.0,-28156000.0,-0.01,0.0,0.0,1844000.0,-11607000.0,1844000.0,13451000.0,13451000.0,0.0,0.0,14328000000.0,14326156000.0,-0.0040504606365159125,0.13709017916883504,0.0,0.0,2.4257775480313604,-0.0040504606365159125,2.4688550012923236,0.0,-125.0,-1234.427500646162,0.0,0.0,0.0,0.0,0.13709017916883504,-15.540130151843817,-3091.26213592233,0.0,0.0,0.0,0.0,0.0,0.0,-1.3647466578643341,-1.3475070868767718,0.0,0.0,0.0,Restaurants,Consumer Cyclical,STKS
2007Q3,2007,Q3,2007-10-26,2007-09-30,-12118000.0,0.0,-11994000.0,-0.01,0.0,0.0,6479000.0,-6847000.0,6479000.0,13326000.0,13326000.0,0.0,0.0,6059000000.0,6052521000.0,-0.005650272322165374,0.4861924058232028,0.0,0.0,1.7517160800350517,-0.005650272322165374,1.7698262012560246,0.0,-125.0,-884.9131006280122,,0.0,,0.0,0.4861924058232028,-1.8703503627102949,0.0,0.0,-0.7094089434334887,0.0,0.0,0.0,0.0,-0.7094089434334885,-0.7222860425043078,0.0,0.0,0.0,Restaurants,Consumer Cyclical,STKS
2007Q2,2007,Q2,2007-07-27,2007-06-30,-7089000.0,0.0,-6964000.0,-0.005849975243439511,0.0,0.0,18473000.0,5272000.0,18473000.0,13201000.0,13201000.0,0.0,0.0,6059000000.0,6040527000.0,0.004350552896517577,1.399363684569351,0.0,0.0,-1.3209408194233687,0.004350552896517577,-1.3446509863429439,0.0,-213.6761179291861,1149.279210925645,,0.0,,0.0,1.399363684569351,-0.38374925567043794,0.0,0.0,0.0,0.0,0.0,0.0,0.0,0.0,0.0,0.0,0.0,0.0,Restaurants,Consumer Cyclical,STKS
