Quarters,Year,Quarter,FillingDate,Date,NetIncome,Revenue,OperatingIncome,EPSDiluted,GrossProfit,GrossProfitRatio,TotalAssets,CommonStockEquity,CurrentAssets,CurrentLiability,TotalLiability,Inventory,RetainedEarnings,MarketCap,EnterpriseValue,bookValuePerShare,currentRatio,debtToAssets,debtToEquity,roic,shareholdersEquityPerShare,roe,priceToSalesRatio,peRatio,pbRatio,payoutRatio,inventoryTurnover,dividendYield,assetTurnover,quickRatio,returnOnAssets,priceToFreeCashFlowsRatio,grossProfitMargin,epsdilutedGrowth,fiveYNetIncomeGrowthPerShare,fiveYRevenueGrowthPerShare,fiveYShareholdersEquityGrowthPerShare,grossProfitGrowth,netIncomeGrowth,operatingIncomeGrowth,threeYNetIncomeGrowthPerShare,threeYRevenueGrowthPerShare,threeYShareholdersEquityGrowthPerShare,Industry,Sector,Symbol
2023Q1,2023,Q1,2023-04-21,2023-03-31,147000000.0,2120000000.0,378000000.0,0.19,1086000000.0,0.5122641509,22715000000.0,4056000000.0,7015000000.0,3919000000.0,18886000000.0,28000000.0,1831000000.0,43891800000.0,53348800000.0,5.30890052356021,1.7899974483286554,0.7038961038961039,3.942061143984221,0.014022295987873438,5.30890052356021,0.036242603550295856,20.70367924528302,74.64591836734695,10.821449704142012,0.0,36.92857142857143,0.0,0.09333039841514418,1.750446542485328,0.0064714946070878274,169.46640926640927,0.5122641509433963,1.5428571428571431,-0.8957347462746678,-0.3882727779411313,-0.4311119770353109,1.4026548672566372,1.546468401486989,5.447058823529412,147.99999999999997,0.1896745230078565,-0.09645800846513689,Resorts & Casinos,Consumer Cyclical,LVS
2022Q4,2022,Q4,2023-02-03,2022-12-31,-269000000.0,1117000000.0,-85000000.0,-0.35,452000000.0,0.4046553268,22039000000.0,3881000000.0,6744000000.0,3902000000.0,18383000000.0,28000000.0,1684000000.0,36725480000.0,46392480000.0,5.079842931937173,1.7283444387493594,0.7249875221198784,4.116980159752641,-0.004011732189286385,5.079842931937173,-0.06931203298119042,32.87867502238138,-34.131486988847584,9.462891007472301,0.0,23.75,0.0,0.05068288034847316,1.6858021527421836,-0.012205635464404011,-133.06333333333333,0.40465532676812893,0.30000000000000004,-1.2296898846092321,-0.6638495084385228,-0.3819381000723292,0.056074766355140186,0.29210526315789476,0.37037037037037035,-1.4293422618799891,-0.6804257265162581,-0.24884528074111975,Resorts & Casinos,Consumer Cyclical,LVS
2022Q3,2022,Q3,2022-10-21,2022-09-30,-380000000.0,1005000000.0,-135000000.0,-0.5,428000000.0,0.4258706468,21469000000.0,3900000000.0,6207000000.0,3391000000.0,17688000000.0,23000000.0,1853000000.0,28665280000.000004,38122280000.0,5.104712041884817,1.8304335004423473,0.712329405188877,3.921282051282051,-0.00835265461366123,5.104712041884817,-0.09743589743589744,28.52266666666667,-18.858736842105262,7.350071794871796,0.0,25.08695652173913,0.0,0.0468116819600354,1.7829548805662048,-0.017699939447575575,-167.63321637426904,0.42587064676616915,0.07407407407407414,-1.6902268760907502,-0.6747367878378224,-0.31515820469286127,-0.033860045146726865,0.0821256038647343,0.04929577464788732,-1.717611465280984,-0.6887454691904954,-0.26748953905403544,Resorts & Casinos,Consumer Cyclical,LVS
2022Q2,2022,Q2,2022-07-22,2022-06-30,-414000000.0,1045000000.0,-142000000.0,-0.54,443000000.0,0.423923445,22059000000.0,4191000000.0,6770000000.0,2023000000.0,17844000000.0,24000000.0,2092000000.0,25662760000.000004,34589760000.0,5.4856020942408374,3.346515076618883,0.6971757559272859,3.6695299451204964,-0.00988153188284969,5.4856020942408374,-0.09878310665712241,24.557665071770337,-15.496835748792272,6.123302314483418,0.0,25.083333333333332,0.0,0.047372954349698536,3.267424616905586,-0.018767849857201143,-41.458416801292415,0.42392344497607654,0.1428571428571428,-1.787472981411211,-0.6551103376888342,-0.26648710811434356,0.3547400611620795,0.13389121338912133,0.8442982456140351,-1.4385063716289639,-0.6832806213626386,-0.2383300689291499,Resorts & Casinos,Consumer Cyclical,LVS
2022Q1,2022,Q1,2022-04-29,2022-03-31,-478000000.0,943000000.0,-912000000.0,-0.63,327000000.0,0.3467656416,22247000000.0,4529000000.0,6725000000.0,2139000000.0,17570000000.0,23000000.0,2382000000.0,29696679999.999996,38243680000.0,5.928010471204188,3.143992519869098,0.6732143659819302,3.306911017884743,-0.04695129359033678,5.928010471204188,-0.10554206226540075,31.491707317073168,-15.531736401673639,6.557005961580923,0.0,26.782608695652176,0.0,0.042387737672495165,3.074801309022908,-0.021486043061985885,-58.34318271119842,0.34676564156945916,-0.5365853658536587,-2.034936736474694,-0.684472377394875,-0.2151341814013464,-0.1925925925925926,-0.5174603174603175,-22.209302325581394,-1.8320559183893779,-0.7379750598087842,-0.16954206249555803,Resorts & Casinos,Consumer Cyclical,LVS
2021Q4,2021,Q4,2022-02-04,2021-12-31,-315000000.0,1008000000.0,43000000.0,-0.41,405000000.0,0.4017857143,20059000000.0,1996000000.0,5510000000.0,2565000000.0,17811000000.0,22000000.0,-148000000.0,28756960000.0,41697960000.0,2.612565445026178,2.1481481481481484,0.7375741562390947,7.412324649298597,0.0026800071466857246,2.612565445026178,-0.15781563126252504,28.52873015873016,-22.822984126984128,14.407294589178356,0.0,27.40909090909091,0.0,0.05025175731591804,0.8015594541910331,-0.01570367416122439,4108.137142857143,0.4017857142857143,0.14583333333333334,-1.6444126826723304,-0.6590041554407945,-0.6638477992561495,0.4835164835164835,0.14402173913043478,1.1360759493670887,-0.8917462272867263,-0.7038532524765528,-0.6414846855875406,Resorts & Casinos,Consumer Cyclical,LVS
2021Q3,2021,Q3,2021-10-22,2021-09-30,-368000000.0,857000000.0,-316000000.0,-0.48,273000000.0,0.3185530921820303,19892000000.0,2102000000.0,5228000000.0,2487000000.0,17463000000.0,22000000.0,-25000000.0,27962400000.0,40853400000.0,2.75130890052356,2.102131081624447,0.7306957570882767,6.914843006660323,-0.01816799119824592,2.75130890052356,-0.17507136060894388,32.62823803967328,-18.996195652173913,13.302759276879165,0.0,26.545454545454547,0.0,0.04308264628996582,0.7281865701648572,-0.018499899457068168,-100.5841726618705,0.3185530921820303,-0.9199999999999999,-1.7456173599611804,-0.6997207622788759,-0.6553603059390538,-0.4090909090909091,-0.9166666666666666,-1.2733812949640289,-1.663041783955768,-0.7385296528851708,-0.6848544453786771,Resorts & Casinos,Consumer Cyclical,LVS
2021Q2,2021,Q2,2021-07-23,2021-06-30,-192000000.0,1173000000.0,-139000000.0,-0.25,462000000.0,0.3938618925831202,20378000000.0,2491000000.0,5577000000.0,2542000000.0,17432000000.0,22000000.0,343000000.0,40255160000.0,52648160000.0,3.2604712041884816,2.1939417781274586,0.7090980469133379,5.800883179446005,-0.008032814832885668,3.2604712041884816,-0.07707747892412686,34.31812446717817,-52.41557291666667,16.160240867121637,0.0,32.31818181818182,0.0,0.05756207674943566,0.8721479150275374,-0.009421925606045736,-543.9886486486487,0.3938618925831202,0.3055555555555555,-1.6088589977386558,-0.5396552585888459,-0.5969334335328439,-0.01282051282051282,0.30935251798561153,-0.4479166666666667,-1.3566236016422466,-0.6332474998930054,-0.6406102570404146,Resorts & Casinos,Consumer Cyclical,LVS
2021Q1,2021,Q1,2021-04-23,2021-03-31,-278000000.0,1196000000.0,-96000000.0,-0.36,468000000.0,0.391304347826087,20541000000.0,2673000000.0,5630000000.0,2465000000.0,17364000000.0,23000000.0,535000000.0,46420640000.0,58792640000.0,3.49869109947644,2.283975659229209,0.7032763740811061,5.404414515525627,-0.005902951783337074,3.49869109947644,-0.10400299289188178,38.81324414715719,-41.7451798561151,17.366494575383463,0.0,31.652173913043477,0.0,0.05822501338785843,0.9245436105476673,-0.013533907794167762,-96.91156576200417,0.391304347826087,0.07692307692307698,-1.902947877986516,-0.5421138665545211,-0.5810586098847803,0.10377358490566038,0.07023411371237458,0.5450236966824644,-1.1971819084057305,-0.6548935105743364,-0.6250893280609926,Resorts & Casinos,Consumer Cyclical,LVS
2020Q4,2020,Q4,2021-02-05,2020-12-31,-299000000.0,1146000000.0,-211000000.0,-0.39,424000000.0,0.3699825479930192,20807000000.0,2973000000.0,2644000000.0,2309000000.0,17269000000.0,32000000.0,813000000.0,45534400000.0,57420400000.0,3.891361256544503,1.1450844521437853,0.6731869082520305,4.711402623612512,-0.012696522763353308,3.891361256544503,-0.10057181298351833,39.733333333333334,-38.07224080267559,15.315977127480659,0.0,22.5625,0.0,0.05507761810929014,1.064963187527068,-0.014370163887153361,-183.60645161290321,0.3699825479930192,0.47297297297297297,-1.667947362290419,-0.5833139562188673,-0.5461922922108444,4.108433734939759,0.47079646017699117,0.6540983606557377,-1.2553058568704847,-0.6551222351571595,-0.5265400596534487,Resorts & Casinos,Consumer Cyclical,LVS
2020Q3,2020,Q3,2020-10-23,2020-09-30,-565000000.0,586000000.0,-610000000.0,-0.74,83000000.0,0.1416382252559727,20982000000.0,3199000000.0,2958000000.0,2255000000.0,17142000000.0,34000000.0,1112000000.0,35648240000.0,47179240000.0,4.18717277486911,1.3117516629711752,0.6630445143456296,4.348859018443264,-0.03483936436423141,4.18717277486911,-0.1766176930290716,60.833174061433446,-15.773557522123893,11.143557361675523,0.0,14.794117647058824,0.0,0.027928700791154323,1.2252771618625278,-0.026927842912973024,-53.20632835820896,0.1416382252559727,0.30841121495327106,-2.134244324406437,-0.7888594464371194,-0.5160242018120405,1.302919708029197,0.31097560975609756,0.3383947939262473,-2.0262583815559845,-0.8103440374855363,-0.4382541273878111,Resorts & Casinos,Consumer Cyclical,LVS
2020Q2,2020,Q2,2020-07-24,2020-06-30,-820000000.0,98000000.0,-922000000.0,-1.07,-274000000.0,-2.795918367346939,21695000000.0,3720000000.0,3772000000.0,2375000000.0,17170000000.0,37000000.0,1677000000.0,34792560000.0,45614560000.0,4.869109947643979,1.5882105263157895,0.6378428209264807,3.7198924731182794,-0.0497824835954117,4.869109947643979,-0.22043010752688172,355.0261224489796,-10.60748780487805,9.35283870967742,0.0,10.054054054054054,0.0,0.004517169854805255,1.5086315789473683,-0.03779672735653376,-33.64851063829787,-2.795918367346939,-816.4178762414057,-2.8248856737369548,-0.9649743059602399,-0.45072056535088373,-1.3553826199740597,-819.0,-17.763636363636362,-2.559729093616408,-0.9676562804722543,-0.34892198572783534,Resorts & Casinos,Consumer Cyclical,LVS
2020Q1,2020,Q1,2020-04-24,2020-03-31,-1000000.0,1782000000.0,55000000.0,-0.001309,771000000.0,0.43265993265993263,21167000000.0,4489000000.0,3493000000.0,2419000000.0,15710000000.0,36000000.0,2497000000.0,32447080000.0,42167080000.0,5.87565445026178,1.4439851178172798,0.5821325648414986,2.744932056137224,0.006417501361288168,5.87565445026178,-0.00022276676319893073,18.208237934904602,-8111.7699999999995,7.228130986856761,-911.0,28.083333333333332,0.028076486389530277,0.08418765058817972,1.3455973542786275,-4.7243350498417346e-05,-47.0247536231884,0.43265993265993263,-1.0015963414634146,-1.0020401856338976,-0.3820098314574366,-0.3437358854862939,-0.5697544642857143,-1.0015898251192368,-0.9411134903640257,-1.002165139616056,-0.403743135225522,-0.22206609412908898,Resorts & Casinos,Consumer Cyclical,LVS
2019Q4,2019,Q4,2020-02-07,2019-12-31,629000000.0,3509000000.0,934000000.0,0.82,1792000000.0,0.5106868053576518,23199000000.0,5187000000.0,5305000000.0,3224000000.0,16692000000.0,37000000.0,3101000000.0,52953680000.00001,61219680000.00001,6.762711864406779,1.6454714640198511,0.5384714858399069,2.4083285135916714,0.048781493233097155,6.762711864406779,0.12126470021206863,15.090817896836707,21.04677265500795,10.208922305764412,0.9332273449920508,46.4054054054054,0.011085159709391302,0.1512565196775723,1.5725806451612903,0.02711323763955343,67.71570332480819,0.5106868053576518,0.1884057971014493,-0.09061956607025114,0.0712240122789458,-0.2501421588304558,0.08737864077669903,0.1801125703564728,0.0389321468298109,0.28174657450915547,0.18241496422169565,-0.1298589359570633,Resorts & Casinos,Consumer Cyclical,LVS
2019Q3,2019,Q3,2019-10-25,2019-09-30,533000000.0,3250000000.0,899000000.0,0.69,1648000000.0,0.5070769230769231,22427000000.0,5359000000.0,4808000000.0,3004000000.0,15912000000.0,33000000.0,3059000000.0,44417440000.0,52543440000.0,6.968790637191157,1.600532623169108,0.5325277567218085,2.228587423026684,0.046285990813158456,6.968790637191157,0.0994588542638552,13.666904615384615,20.83369606003752,8.288382160850905,1.1106941838649156,48.54545454545455,0.013328098152437422,0.1449146118517858,1.522636484687084,0.02376599634369287,74.40107202680068,0.5070769230769231,-0.44354838709677424,-0.17134663779397477,-0.03938581408053958,-0.22351014177627962,0.00182370820668693,-0.4412997903563941,0.005592841163310962,0.0729078432765313,0.13134448087053505,-0.12706207844589493,Resorts & Casinos,Consumer Cyclical,LVS
2019Q2,2019,Q2,2019-07-24,2019-06-30,954000000.0,3334000000.0,894000000.0,1.24,1645000000.0,0.4934013197360528,22594000000.0,5560000000.0,4957000000.0,3031000000.0,16012000000.0,33000000.0,3118000000.0,47840840000.0,55848840000.0,7.2020725388601035,1.6354338502144508,0.5322209436133487,2.162769784172662,0.04191173483894552,7.2020725388601035,0.17158273381294964,14.349382123575285,12.536907756813417,8.60446762589928,0.9622641509433962,51.18181818181818,0.01918862628666219,0.14756129946003363,1.5783569778950841,0.0422235991856245,-251.7938947368421,0.4934013197360528,0.6533333333333333,0.4853259741994324,-0.03836071848652357,-0.20113565603234157,-0.09714599341383096,0.6391752577319587,-0.07929969104016478,1.9939182160500712,0.2948719649018921,-0.10966407372143638,Resorts & Casinos,Consumer Cyclical,LVS
2019Q1,2019,Q1,2019-04-19,2019-03-31,582000000.0,3646000000.0,971000000.0,0.75,1822000000.0,0.49972572682391664,22313000000.0,5525000000.0,5055000000.0,2917000000.0,15873000000.0,35000000.0,2757000000.0,49032900000.0,56897900000.0,7.138242894056847,1.7329448063078505,0.5377582575180389,2.171764705882353,0.04972838903820065,7.138242894056847,0.1053393665158371,13.448409215578716,21.06224226804124,8.874733031674209,1.5515463917525774,52.114285714285714,0.01841620626151013,0.16340250078429616,1.669866300994172,0.026083449110384082,84.5394827586207,0.49972572682391664,4.409090909090909,-0.21068554919252497,-0.0429755784815951,-0.20184494077059079,0.0825906120023767,4.423529411764706,0.11098398169336385,0.8659210680337053,0.37782916753330786,-0.14525023330474152,Resorts & Casinos,Consumer Cyclical,LVS
2018Q4,2018,Q4,2019-02-22,2018-12-31,-170000000.0,3475000000.0,874000000.0,-0.22,1683000000.0,0.48431654676258995,22547000000.0,5684000000.0,5566000000.0,3157000000.0,15802000000.0,35000000.0,2770000000.0,40599000000.0,47936000000.0,7.287179487179487,1.7630662020905923,0.5315563046081518,2.1085503166783957,-0.0026665857131110767,7.287179487179487,-0.029908515130190008,11.6831654676259,-59.70441176470588,7.1426812104152,-3.4352941176470586,51.2,0.014384590753466835,0.15412249966736152,1.7022489705416535,-0.0075398057391227215,41.64,0.48431654676258995,-1.3013698630136985,-1.308930979464102,-0.0023461136207836592,-0.22177034169233098,0.02,-1.297723292469352,-0.052060737527114966,-1.3719792617025968,0.2375931642217405,-0.1501744501969866,Resorts & Casinos,Consumer Cyclical,LVS
2018Q3,2018,Q3,2018-10-26,2018-09-30,571000000.0,3372000000.0,922000000.0,0.73,1650000000.0,0.4893238434163701,23339000000.0,6862000000.0,5614000000.0,2906000000.0,15541000000.0,42000000.0,3521000000.0,46963500000.0,54171500000.0,8.73027989821883,1.931865106675843,0.5133039119071082,1.745846691926552,0.04373955338932368,8.73027989821883,0.08321189157679977,13.927491103202847,20.561952714535902,6.8439959195569795,1.0350262697022767,41.0,0.012584240953080583,0.14447919790907923,1.8657949070887818,0.024465486953168518,68.16182873730044,0.4893238434163701,0.0428571428571429,-0.04582285333499049,-0.010353520183613154,-0.052654562046989255,0.03318722604884158,0.02697841726618705,0.15683814303638646,0.11420496083307857,0.18095246856924893,0.009092389858891716,Resorts & Casinos,Consumer Cyclical,LVS
2018Q2,2018,Q2,2018-07-25,2018-06-30,556000000.0,3303000000.0,797000000.0,0.7,1597000000.0,0.4834998486224644,22855000000.0,7158000000.0,5075000000.0,2992000000.0,14893000000.0,44000000.0,3538000000.0,60248040000.0,67221040000.0,9.072243346007605,1.6961898395721926,0.4954276963465325,1.581866443140542,0.038510900230498434,9.072243346007605,0.07767532830399553,18.240399636693915,27.08994604316547,8.416881810561609,1.6223021582733812,38.77272727272727,0.014971441394608025,0.14451979873113105,1.6393716577540107,0.02432728068256399,64.85257265877287,0.4834998486224644,-0.6195652173913044,0.09606950137177647,0.06366838955082044,-0.0033077592650077262,-0.12493150684931507,-0.6181318681318682,-0.31174438687392053,0.1981548672797902,0.1431036277357308,0.023430719305381157,Resorts & Casinos,Consumer Cyclical,LVS
2018Q1,2018,Q1,2018-04-27,2018-03-31,1456000000.0,3579000000.0,1158000000.0,1.84,1825000000.0,0.5099189717798268,21504000000.0,7363000000.0,3394000000.0,2874000000.0,13147000000.0,46000000.0,3572000000.0,56729100000.00001,63753100000.00001,9.332065906210392,1.1809324982602645,0.44884672619047616,1.3108787179138939,0.10524504834602737,9.332065906210392,0.19774548417764498,15.850544844928754,9.74057348901099,7.704617683009644,0.6195054945054945,38.130434782608695,0.015900128858028773,0.16643415178571427,1.1186499652052888,0.06770833333333333,48.94659188955997,0.5099189717798268,0.20261437908496735,1.6565111577920983,0.130854575870905,0.0488225668945428,0.06351981351981352,0.2023121387283237,0.12755598831548198,1.8763876504151957,0.20185457254944156,0.04231792736719763,Resorts & Casinos,Consumer Cyclical,LVS
2017Q4,2017,Q4,2018-02-23,2017-12-31,1211000000.0,3436000000.0,1027000000.0,1.53,1716000000.0,0.49941792782305006,20687000000.0,6493000000.0,3207000000.0,2948000000.0,13052000000.0,47000000.0,2716000000.0,54897099999.99999,62118099999.99999,8.218987341772152,1.087856173677069,0.4659931357857592,1.4846758047127675,0.09299177493636243,8.218987341772152,0.186508547666718,15.977037252619322,11.333009909165979,8.454812875404281,0.4797687861271676,36.59574468085106,0.01058343701215547,0.16609464881326436,1.0291723202170964,0.05853917919466332,51.0196096654275,0.49941792782305006,1.1250000000000002,1.8988832263268964,0.16220706397437873,-0.04305816659431543,0.08128544423440454,1.1245614035087719,0.19976635514018692,0.6998373832484879,0.018399925200688623,-0.08866853589633197,Resorts & Casinos,Consumer Cyclical,LVS
2017Q3,2017,Q3,2017-11-03,2017-09-30,570000000.0,3199000000.0,856000000.0,0.72,1587000000.0,0.49609252891528605,19808000000.0,5896000000.0,2836000000.0,2661000000.0,12917000000.0,45000000.0,2082000000.0,50750560000.0,58366560000.0,7.45385587863464,1.0657647500939496,0.48551090468497576,1.6311058344640434,0.049865403550379994,7.45385587863464,0.09667571234735414,15.864507658643326,22.259017543859645,8.607625508819538,1.0192982456140351,35.82222222222222,0.011448149537660275,0.16150040387722134,0.9913566328447951,0.028776252019386106,56.3269256381798,0.49609252891528605,0.04347826086956526,0.6923845374204939,0.22616698833065,-0.32475989901559843,0.004430379746835443,0.045871559633027525,0.049019607843137254,-0.13847001028036549,-0.08075827038738263,-0.16946227893080942,Resorts & Casinos,Consumer Cyclical,LVS
2017Q2,2017,Q2,2017-08-04,2017-06-30,545000000.0,3141000000.0,816000000.0,0.69,1580000000.0,0.5030245144858325,20142000000.0,5923000000.0,3100000000.0,2559000000.0,13337000000.0,47000000.0,2089000000.0,50600880000.0,58433880000.0,7.478535353535354,1.211410707307542,0.5034256776884123,1.711970285328381,0.045265899598543026,7.478535353535354,0.09201418200236366,16.109799426934096,23.211412844036698,8.543116663852777,1.6422018348623852,33.212765957446805,0.017687439427930895,0.15594280607685435,1.1449785072293865,0.027057888988183895,52.27363636363636,0.5030245144858325,0.14999999999999997,1.3485553435477866,0.2612580840340078,-0.3044648782898169,0.043593130779392336,0.13541666666666666,0.06946264744429882,-0.17289237979285882,-0.11690656752872298,-0.17046999918352124,Resorts & Casinos,Consumer Cyclical,LVS
2017Q1,2017,Q1,2017-05-05,2017-03-31,480000000.0,3106000000.0,763000000.0,0.6,1514000000.0,0.4874436574372183,20042000000.0,5997000000.0,2820000000.0,2512000000.0,12936000000.0,47000000.0,2121000000.0,45313580000.0,53147580000.0,7.552896725440806,1.122611464968153,0.4884742041712404,1.632482908120727,0.04317660462323539,7.552896725440806,0.080040020010005,14.589047005795235,23.600822916666665,7.556041354010339,1.8458333333333334,33.87234042553192,0.01955263742127636,0.15497455343778066,1.0505573248407643,0.023949705618201776,59.54478318002628,0.4874436574372183,-0.06250000000000006,-0.07862980192030913,0.07672329306663501,-0.3478088820295543,0.008884043639232661,-0.05606576075200095,0.14035140160097564,-0.36541651569764394,-0.20525415575511058,-0.1554808623468216,Resorts & Casinos,Consumer Cyclical,LVS
2016Q4,2016,Q4,2017-02-24,2016-12-31,508510000.0,3075137000.0,669092000.0,0.64,1500668000.0,0.488000372015946,20469000000.0,6177000000.0,3098000000.0,2806000000.0,12973000000.0,46000000.0,2222000000.0,42449146229.77,49916146229.77,7.771971860499479,1.1040627227369921,0.46875763349455274,1.553343046786466,0.039076472229509454,7.771971860499479,0.08232313420754411,13.803985393096307,20.869376329752612,6.872129873687873,1.1248923325008358,34.22758695652174,0.01347539469707491,0.15023386584591333,1.0349251603706344,0.024842933216082858,46.21386643082423,0.488000372015946,-0.015384615384615398,0.07267547180821551,0.10975808763320659,-0.2775440305357447,-0.013471946756457732,-0.00944177248970989,-0.0701592741291064,-0.09309821080853584,-0.13356142510401275,-0.16999725119788944,Resorts & Casinos,Consumer Cyclical,LVS
2016Q3,2016,Q3,2016-11-04,2016-09-30,513357000.0,2968542000.0,719577000.0,0.65,1521161000.0,0.5124269759363351,20680660000.0,6343882000.0,2838683000.0,2773953000.0,13114033000.0,43764000.0,2285163000.0,45724703372.04,53691227372.04,7.983145725625609,1.0233349303322732,0.47178977846935255,1.5380052781561826,0.04010400150630936,7.983145725625609,0.08092158712914269,15.403084535115218,22.26749775109719,7.207685037653601,1.1146551035634071,33.07241111415775,0.012514373146265217,0.1435419372495849,0.9583760070916847,0.02482304723350222,70.79190431386756,0.5124269759363351,0.5853658536585368,0.10958638875564584,0.13147691243130222,-0.23636557314061657,0.17507815644266325,0.5652750590000183,0.3872674238144904,-0.151495993108944,-0.1382580741766817,-0.13372803943794798,Resorts & Casinos,Consumer Cyclical,LVS
2016Q2,2016,Q2,2016-08-05,2016-06-30,327966000.0,2650081000.0,518701000.0,0.41,1294519000.0,0.4884828048652098,20980532000.0,6427488000.0,3309270000.0,2619773000.0,13420732000.0,42358000.0,2344018000.0,34556288331.55,42604618331.55,8.089163119546809,1.2631895969612634,0.4896745706924877,1.598390070895504,0.02727467847111522,8.089163119546809,0.05102553283646737,13.039710232083474,26.341364906385113,5.376328719952492,2.6964227999243824,32.00250247887058,0.02559114542381565,0.12631143004381395,1.2028805549183077,0.015631920105743744,59.766733078196296,0.4884828048652098,0.024999999999999883,-0.26754839282669995,0.03635062620133248,-0.2032258116478271,0.030133242934400294,0.024359162562037937,-0.11428547034817206,-0.3580052940316312,-0.1525849954173238,-0.111310641943928,Resorts & Casinos,Consumer Cyclical,LVS
2016Q1,2016,Q1,2016-05-06,2016-03-31,320167000.0,2716240000.0,585630000.0,0.4,1256652000.0,0.46264394898830735,20384909000.0,6634988000.0,2951894000.0,2395700000.0,12370932000.0,43174000.0,2588317000.0,41059184181.44,48750784181.44,8.35126626785243,1.2321634595316608,0.46049962744498885,1.4148093410266906,0.03166987121047056,8.35126626785243,0.04825434499655463,15.116184203693342,32.06075593474655,6.188283110902386,2.749908641427755,33.80710612868856,0.021442949185482868,0.13324759016584278,1.1592382184747674,0.015706079433565293,90.16585088617269,0.46264394898830735,-0.32203389830508466,0.007576041556089939,0.17104910980589444,-0.13170740784452553,-0.09560263434595834,-0.31262479013787564,-0.16574665126264101,-0.419882417839422,-0.14768056024517023,-0.06140862999694694,Resorts & Casinos,Consumer Cyclical,LVS
2015Q4,2015,Q4,2016-02-26,2015-12-31,465782000.0,2861735000.0,701981000.0,0.59,1389491000.0,0.48554146348281724,20987421000.0,6816741000.0,3609250000.0,2464135000.0,12569434000.0,42573000.0,2840387000.0,34851193570.880005,42139715570.880005,8.574912214475818,1.4647127693896642,0.4511279399217274,1.3889352698012143,0.03889595392086216,8.574912214475818,0.06832913264564401,12.178344106243243,18.70574301437153,5.1125887826572844,1.11352306443787,34.581636248326404,0.014882101496614645,0.1363547717463713,1.399005330470936,0.02219338907815305,58.69081620531821,0.48554146348281724,-0.09230769230769238,0.1895065454979553,0.18056957339182356,-0.14953841305406018,-0.0034840631721326583,-0.10315812984492392,-0.050182053367141634,0.10802423641142009,-0.038078235424229744,-0.0016176111978288645,Resorts & Casinos,Consumer Cyclical,LVS
2015Q3,2015,Q3,2015-11-05,2015-09-30,519358000.0,2893683000.0,739069000.0,0.65,1394349000.0,0.48185962318609193,20502890000.0,6891529000.0,3329223000.0,2364640000.0,12116539000.0,39755000.0,2891109000.0,30245373251.86,37518850251.86,8.651616032343327,1.4079195987549902,0.44525152307796606,1.32466147933209,0.041299512162843624,8.651616032343327,0.0753617956189403,10.452206842235311,14.559019622235528,4.388775444732221,1.595082775272548,37.714350396176584,0.02738994136728185,0.14113537164760676,1.3408624568644698,0.02533096553705356,65.01235585331828,0.48185962318609193,0.10169491525423738,1.0087296890396902,0.25768763865510236,-0.0645062383863185,0.025882707829042725,0.10696480829033214,0.07218667943305625,0.5312607512957387,0.1013984592308742,-0.21625556242605143,Resorts & Casinos,Consumer Cyclical,LVS
2015Q2,2015,Q2,2015-08-07,2015-06-30,469173000.0,2921421000.0,689310000.0,0.59,1359170000.0,0.4652427705558357,21608209000.0,7071384000.0,4318610000.0,2691334000.0,13139450000.0,39820000.0,2889392000.0,41935918186.61,48935599186.61,8.86454077923817,1.6046354707368167,0.454381064159459,1.3884638424387645,0.03782475513516281,8.86454077923817,0.0663481151638774,14.354630225020632,22.345658310799,5.930369244070185,1.1058692635765486,39.232822702159716,0.012372305709182378,0.1351995901187368,1.546008782261882,0.021712720383258048,84.66173031707834,0.4652427705558357,-0.07812500000000007,8.290082799745962,0.5167420873104879,0.0003516136258803122,-0.048440835335044855,-0.08350865266846771,-0.030663113561097712,1.0073093619056892,0.16468149569827395,-0.17556056656500027,Resorts & Casinos,Consumer Cyclical,LVS
2015Q1,2015,Q1,2015-05-07,2015-03-31,511923000.0,3011622000.0,711115000.0,0.64,1428361000.0,0.47428296114186974,21046082000.0,7144063000.0,3986784000.0,2435907000.0,12305199000.0,42088000.0,2938628000.0,43918359682.56,50752892682.56,8.953185646324208,1.6366733212721176,0.43908400622975813,1.293521347726077,0.0397765935153274,8.953185646324208,0.07165712284452139,14.582958844954645,21.44773710233766,6.147532529116835,1.6153991908939431,37.617872077551795,0.018829482839915493,0.14309656305624963,1.5660885247261083,0.024323909789955203,119.68192545368828,0.47428296114186974,-0.2888888888888889,23.094723482957527,0.8668804608589894,0.012987398272179875,-0.12738754666655264,-0.29028219685153994,-0.30454661033525016,-0.022199213752697546,0.03885739229093561,-0.22689421445354885,Resorts & Casinos,Consumer Cyclical,LVS
2014Q4,2014,Q4,2015-02-27,2014-12-31,721305000.0,3415993000.0,1022520000.0,0.9,1636879000.0,0.47918101705711924,22361691000.0,7213586000.0,5190499000.0,2712494000.0,13341109000.0,41674000.0,2945846000.0,46519352887.52,53005680887.52,9.018658595153262,1.9135522511754866,0.4468645506281256,1.3852537420362079,0.05386302988478858,9.018658595153262,0.09999256957635218,13.6181054491388,16.123329551133015,6.448852607776493,0.5549372318228766,42.691222344867306,0.008604569392180541,0.1527609428106309,1.8496228931750633,0.03225628151287843,56.060516418922006,0.47918101705711924,0.08433734939759044,9.830419740449095,1.195739864917543,-0.08482441147246915,-0.007499179928779619,0.073841939541912,0.052602321753390135,0.5119064147979959,0.22494880103738846,-0.16165628805945614,Resorts & Casinos,Consumer Cyclical,LVS
2014Q3,2014,Q3,2014-11-05,2014-09-30,671705000.0,3533122000.0,971421000.0,0.83,1649247000.0,0.4667959385495321,22027781000.0,7207294000.0,4817337000.0,2619417000.0,13172183000.0,43090000.0,2622413000.0,49958663323.14,56750171323.14,8.974734909136863,1.839087476335383,0.45118557334485937,1.378966502545893,0.05367047835969455,8.974734909136863,0.09319794641373032,14.140090074200664,18.593974781764317,6.931681061316494,0.5965758778035001,43.71954049663495,0.008021091305186941,0.16039391348588403,1.772950240454269,0.0304935390450813,52.01989983416912,0.4667959385495321,0.0,8.218350818826915,1.5454998941922253,0.46874847906437417,-0.019352548528535598,0.00040361375801642457,0.010360285399288582,0.43664889757947895,0.3325746994734809,-0.14151428721206852,Resorts & Casinos,Consumer Cyclical,LVS
2014Q2,2014,Q2,2014-08-07,2014-06-30,671434000.0,3624350000.0,961460000.0,0.83,1681794000.0,0.4640263771434878,22249123000.0,7275762000.0,4978117000.0,2858200000.0,13510565000.0,43083000.0,2351879000.0,61512442914.92,68598679914.92,9.015388649204345,1.741696522286754,0.46648867912681324,1.42651230207915,0.051619366779099264,9.015388649204345,0.09228366733271375,16.971993023554568,22.90338399415281,8.454433077239194,0.9987325634388488,45.08868927419168,0.010901582967977823,0.1628985555970004,1.687874186550976,0.03017799847661411,62.569491911268976,0.4640263771434878,-0.12631578947368421,4.115654035291577,1.794909198614024,0.4368775465631022,-0.10088965089181608,-0.13495622821878805,-0.15943435403142964,0.4763763962811147,0.3954727073592612,-0.11199355638020302,Resorts & Casinos,Consumer Cyclical,LVS
2014Q1,2014,Q1,2014-05-07,2014-03-31,776185000.0,4010384000.0,1143825000.0,0.95,1870509000.0,0.46641643294008756,22474601000.0,7286808000.0,5242112000.0,2959255000.0,13641588000.0,41385000.0,2083717000.0,65816854753.020004,72787278753.02,8.943428737955468,1.771429633471938,0.4571305181346712,1.4099213263201116,0.06148668465118069,8.943428737955468,0.10651920566591024,16.411609150899267,21.198829774158224,9.032330034360724,1.178935434207051,51.70653618460795,0.013903307951038361,0.17844072070511952,1.7181662276485128,0.034536096992333704,74.71546685551141,0.46641643294008756,0.35714285714285715,18.216076305261968,1.9549435849014953,0.3380520433752059,0.16034019112488251,0.34395252961271877,0.2908925111136441,1.3818864099880581,0.6859607590206587,-0.07013946477435727,Resorts & Casinos,Consumer Cyclical,LVS
2013Q4,2013,Q4,2014-02-28,2013-12-31,577539000.0,3655685000.0,886073000.0,0.7,1612035000.0,0.440966604070099,22724264000.0,7665494000.0,5515539000.0,3129665000.0,13223735000.0,41946000.0,1713339000.0,64565467509.18,70725312509.18,9.363790507581168,1.7623416563753629,0.4295082560209651,1.27327201612838,0.04834281591638985,9.363790507581168,0.07534269807007872,17.66166053945567,27.948531401853383,8.422871051647814,0.4963976458732657,48.720974586372954,0.004440283808976341,0.1608714368042899,1.7134498420757494,0.025415080550023533,65.88407131242691,0.440966604070099,-0.0789473684210527,3.2523135296706775,0.451511075466396,-0.24745663717789448,-0.026831578508899286,-0.07850892868539627,-0.0314300205722181,0.4322673865608597,0.4645007190023962,-0.07129729894341352,Resorts & Casinos,Consumer Cyclical,LVS
2013Q3,2013,Q3,2013-11-07,2013-09-30,626744000.0,3568540000.0,914826000.0,0.76,1656481000.0,0.46419011696660256,22485095000.0,7586220000.0,5207268000.0,4045118000.0,13254099000.0,41683000.0,1422519000.0,54676978206.3,61231474206.3,9.215519016044347,1.2872969342303489,0.434226139582688,1.2870198860565605,0.04991355414026087,9.215519016044347,0.08261611184489773,15.321946287921671,21.809932845906783,7.207407405308573,0.46025490471388636,45.871434397716094,0.005275748760504156,0.1587069122901193,1.2503076548075978,0.02787375370217471,58.72242477121368,0.46419011696660256,0.1875,9.400980564899553,0.3936743386327954,0.4374827285201526,0.1268578231292517,0.18308721234235578,0.1718907923104218,1.345619565846163,0.5008079671382661,-0.003531765936832952,Resorts & Casinos,Consumer Cyclical,LVS
2013Q2,2013,Q2,2013-08-09,2013-06-30,529753000.0,3242941000.0,780641000.0,0.64,1470000000.0,0.4532922430596178,21783824000.0,7500105000.0,4465359000.0,3575427000.0,12826777000.0,41229000.0,1084511000.0,43645925080.37,50623183080.37,9.102351734290062,1.2489022989421963,0.4357085789896209,1.2655021496365717,0.04289538938632422,9.102351734290062,0.07063274447491069,13.45874780958704,20.597299628491957,5.819375206129781,0.9307696228242218,43.00227994857988,0.011297228758287096,0.1488692251645074,1.2075475181006352,0.024318641208265362,48.71153503135017,0.4532922430596178,-0.07246376811594193,26.974584933074972,0.25762207455491215,0.4028882332883644,-0.029646606535561143,-0.0737952412839337,-0.05571771240699502,9.155339520000355,0.6300130749173168,0.027188262985230006,Resorts & Casinos,Consumer Cyclical,LVS
2013Q1,2013,Q1,2013-05-10,2013-03-31,571961000.0,3302719000.0,826703000.0,0.69,1514912000.0,0.45868631270174665,22010953000.0,7326043000.0,4501701000.0,2689026000.0,13166828000.0,42381000.0,843679000.0,45581621533.76,53030222533.76,8.89765933797715,1.6741009570007876,0.44652082987956043,1.3415631057584565,0.04466537704053329,8.89765933797715,0.07807229632695303,13.801241199678206,19.923395796986156,6.221861042005896,0.866877287087756,42.18416271442392,0.010877629696275093,0.15004888702456454,1.6190739695339502,0.02598529014168537,66.22088271092083,0.45868631270174665,0.30188679245283,22.96860043650233,0.320721706298166,0.3799160999142476,0.10869744999410856,0.31551214171699843,0.23020364431812262,25.089017116777335,0.9840913820051796,0.006705003061125762,Resorts & Casinos,Consumer Cyclical,LVS
2012Q4,2012,Q4,2013-03-01,2012-12-31,434782000.0,3077002000.0,672005000.0,0.53,1366389000.0,0.44406503473185915,22163652000.0,7061842000.0,4477514000.0,2622823000.0,13505240000.0,43875000.0,560452000.0,37953429536.479996,45670730536.479996,8.58880556252974,1.7071354033421242,0.46156955541442357,1.448640029046246,0.03601588553610787,8.58880556252974,0.061567789253851896,12.334548218194202,21.82325253602955,5.374437651887425,5.679177150848012,38.98833048433048,0.06505878467785516,0.138831001316931,1.6516654002195343,0.019616893461420527,76.14015250022067,0.44406503473185915,0.26190476190476203,3.70490450369278,0.26659451465058803,0.3484162654361935,0.12819536828477254,0.2430085024386618,0.2582124902873084,6.177951787871749,0.9240472575904877,-0.1284440914904031,Resorts & Casinos,Consumer Cyclical,LVS
2012Q3,2012,Q3,2012-11-09,2012-09-30,349782000.0,2709482000.0,534095000.0,0.42,1211128000.0,0.4469961416979334,23158362000.0,9068196000.0,5599077000.0,2519977000.0,12634308000.0,42511000.0,2598984000.0,37903186585.56,43653773585.56,11.038822883546171,2.2218762314100484,0.41004635820098156,1.0471765277239267,0.026764201094285445,11.038822883546171,0.03857239080408055,13.989089643540721,27.090578264147382,4.1797934876528915,0.6405189518042667,35.2462656724142,0.005910901435536646,0.11699799839038702,2.161874096469928,0.015103917971400567,88.71471975424109,0.4469961416979334,0.4482758620689656,4.11492223318415,0.7708094500585155,0.7780993974467033,0.047905233002324875,0.45386907854539105,0.34286497304690644,4.674593787186986,0.9083287576120967,0.8065440912759776,Resorts & Casinos,Consumer Cyclical,LVS
2012Q2,2012,Q2,2012-08-09,2012-06-30,240587000.0,2581906000.0,397728000.0,0.29,1155761000.0,0.4476386824307314,22416806000.0,8828748000.0,5225597000.0,2249470000.0,12229776000.0,40537000.0,2473724000.0,35710098036.950005,41562311036.950005,10.752203763840303,2.323034759298857,0.4181779063440171,1.0617828258321564,0.01922572396195577,10.752203763840303,0.027250409684362948,13.83090555463677,37.10726061357222,4.0447522159370735,1.5968402282750107,35.18131583491625,0.010758273460982432,0.1151772469280414,2.2599883528119955,0.010732438867517522,86.33635554947102,0.4476386824307314,-0.5245901639344263,2.021561119925169,0.8198047800082933,0.7176880048745219,-0.12988084581627807,-0.5178056768121345,-0.4378831863009749,2.097262281512149,0.9569079389013092,0.7136920842227822,Resorts & Casinos,Consumer Cyclical,LVS
2012Q1,2012,Q1,2012-05-10,2012-03-31,498942000.0,2762742000.0,707554000.0,0.61,1328279000.0,0.4807828599268408,22871032000.0,8806476000.0,5722739000.0,2492818000.0,12573184000.0,40014000.0,2438945000.0,43778383248.090004,49573996248.090004,11.580802800480745,2.295690660128417,0.4307620661804854,1.1187191107998251,0.03419164269237388,11.580802800480745,0.05665626068815722,15.845990413904014,21.93560736923831,4.971157957858512,0.7685522565749126,35.84902784025591,0.008759185962326053,0.12079656047003039,2.2411182846080218,0.02181545633795624,162.62944618538512,0.4807828599268408,0.02269249515259002,1.55924195870004,1.0507938390713554,0.8868983488999699,0.13353632570718066,0.1462447505536615,0.06674687387868207,12.85738122480867,1.1810888175270693,0.7326371467964533,Resorts & Casinos,Consumer Cyclical,LVS
2011Q4,2011,Q4,2012-02-29,2011-12-31,435284000.0,2544355000.0,663282000.0,0.5964647270722226,1171801000.0,0.4605493337211199,22244123000.0,7850689000.0,5397152000.0,2498706000.0,12804971000.0,34990000.0,2145692000.0,31183210801.579998,37313469801.58,10.757710073684997,2.1599788050294833,0.45103944983580607,1.277974073358402,0.03329510264570374,10.757710073684997,0.05544532460781468,12.255841186304583,17.909692753225478,3.9720349133152517,0.03983606105439207,39.2270362960846,0.0005560684597341533,0.11438324630735049,2.096899355106203,0.019568494563710154,99.80703442821707,0.4605493337211199,0.35560165243686964,0.8596049764133024,0.9414325456709954,0.8366933878098562,-0.01652798923032764,0.02448932519611466,0.04857435547208468,2.9042359255546417,0.13326066436248263,-0.13543096585066644,Resorts & Casinos,Consumer Cyclical,LVS
2011Q3,2011,Q3,2011-11-09,2011-09-30,424879000.0,2409375000.0,632556000.0,0.44,1191494000.0,0.49452409857328145,21965251000.0,7629156000.0,5342656000.0,2332971000.0,12839800000.0,33462000.0,1830097000.0,27979506251.640003,33767359251.640003,10.454145916990768,2.290065328716045,0.4434016255948999,1.2766062196132835,0.032998359819630514,10.454145916990768,0.05569148146924771,11.612765240628795,16.463220264851877,3.667444505216567,0.045048119582281075,36.39594166517244,0.0006840721143489843,0.10969030128542578,2.170824669487962,0.01934323445700666,58.143341558967286,0.49452409857328145,-0.02222222222222224,1.121047582966317,1.1143625999537998,0.8982298992900513,0.04353073373323139,0.034682700292472425,0.0401794376786237,7.424254788421843,0.061433596522352966,0.6306899449656983,Resorts & Casinos,Consumer Cyclical,LVS
2011Q2,2011,Q2,2011-08-09,2011-06-30,410637000.0,2345096000.0,608122000.0,0.45,1141791000.0,0.4868845454514442,21737157000.0,7397998000.0,4721305000.0,2739342000.0,12920158000.0,35634000.0,1476466000.0,30758221859.4,37337995859.4,10.152391025964576,1.7235179105055156,0.4627504875637601,1.3596759555760896,0.03135034455929426,10.152391025964576,0.05550650324587814,13.115975576010534,18.72591964399214,4.157641278005212,0.04680289404023505,33.768451478924625,0.000624841061614441,0.10788420951277115,1.6237819155110973,0.018891016888731127,111.96574530834222,0.4868845454514442,0.607142857142857,0.8259698267791782,1.205134564866681,0.9439221476300977,0.1615584008659365,0.4193029935400919,0.25146781306657173,23.766754627127753,0.02834676713476123,0.5647241862137231,Resorts & Casinos,Consumer Cyclical,LVS
2011Q1,2011,Q1,2011-05-10,2011-03-31,289323000.0,2111919000.0,485927000.0,0.28,982982000.0,0.4654449342043895,21236990000.0,6957581000.0,4205285000.0,2586974000.0,12937723000.0,33633000.0,1108859000.0,30541493121.719997,37510311121.72,9.618032381366985,1.6255613701567933,0.47571520257814315,1.452050504334768,0.024047267390767606,9.618032381366985,0.041583849329242445,14.461488874203981,26.390481504857892,4.38967122649668,0.06773744223584022,33.56634852674457,0.0006416844101856505,0.099445307456471,1.5218711127363476,0.013623540812516275,357.03923407161477,0.4654449342043895,-0.43155391869349224,0.1632468794485808,0.9497495317561672,0.9614491963568054,0.03958534274159433,-0.11116743315853019,-0.00564575207802147,13.648545462626599,-0.038745023280295596,0.4916369832116131,Resorts & Casinos,Consumer Cyclical,LVS
2010Q4,2010,Q4,2011-03-01,2010-12-31,325509000.0,2015046000.0,488686000.0,0.4925709037459671,945552000.0,0.46924586336986845,21044308000.0,6662991000.0,4058907000.0,2600413000.0,13113120000.0,32260000.0,880703000.0,30365452843.95,37469194843.95,10.082656696193485,1.5608701387048904,0.48187961324268774,1.5219625840707274,0.027125664609799666,10.082656696193485,0.048853285258827456,15.069359629482404,23.321515567887527,4.557330610824779,0.07173380766737632,33.15232486050837,0.0007689659732722294,0.09575254268280049,1.4436168408633552,0.015467793001318932,91.17796280856366,0.46924586336986845,1.3455757321236532,0.5851961592539424,1.156925621614494,1.2185749405868755,0.08907084502873124,0.5175456999398593,0.27492727723353466,3.382614151913303,0.0320144259133107,0.5829463350841073,Resorts & Casinos,Consumer Cyclical,LVS
2010Q3,2010,Q3,2010-11-09,2010-09-30,214497000.0,1908772000.0,383305000.0,0.21,868219000.0,0.4548573637920087,20247997000.0,6111539000.0,3313560000.0,2315961000.0,12926020000.0,27751000.0,608260000.0,23030163908.850002,30775300908.850002,9.24818142819008,1.4307494815327202,0.5007828181720888,1.6591318487863695,0.02156742392696081,9.24818142819008,0.03509705165916474,12.065434692488155,26.842058290850222,3.768308425889125,0.10885933136593985,37.49605419624518,0.0010138877036401418,0.09426967022960345,1.3012783894029303,0.010593492284693641,502.80907165142025,0.4548573637920087,2.3170655007534626,0.4352134826971165,1.3375505972687796,1.187445000256687,0.3228350895583333,4.130647977611405,1.2983360815469944,3.374514692065726,0.5507561177682632,0.48966841831055397,Resorts & Casinos,Consumer Cyclical,LVS
2010Q2,2010,Q2,2010-08-09,2010-06-30,41807000.0,1594476000.0,166775000.0,0.06330896991702427,656332000.0,0.41162864790689857,20267154000.0,5851771000.0,4456824000.0,2394645000.0,13263272000.0,26523000.0,440249000.0,14620471336.26,21497493336.260002,8.86142498146997,1.8611627193174771,0.5129411361851792,1.7765317542330348,0.009307925971493092,8.86142498146997,0.007144332886573996,9.169452118601974,87.42836926985912,2.4984694951767596,0.5585189083167891,35.37096105267127,0.00159707573463039,0.07867291085862377,1.7633624190642037,0.002062795792640644,-52.73179904948767,0.41162864790689857,1.3776626607054492,-0.7405784100750848,1.1441569345538931,1.2156123765643485,0.2922668598835973,1.3779648484159035,0.1759624876604146,-0.3471309078362699,0.3973983914544413,0.4156319700669386,Resorts & Casinos,Consumer Cyclical,LVS
2010Q1,2010,Q1,2010-05-10,2010-03-31,17581000.0,1334888000.0,141820000.0,0.02662655681283256,507892000.0,0.38047536572356633,20093458000.0,5835823000.0,4756558000.0,1996176000.0,13138108000.0,24922000.0,444928000.0,13964935557.15,20674483557.15,8.838397853315223,2.382834980482683,0.5206367664540369,1.7926165683914677,0.006819231014175884,8.838397853315223,0.0030125999366327596,10.461503554717698,198.57993796072464,2.3929676340680652,1.328138331152949,33.18337212101758,0.0016720449517609753,0.06643396074483546,2.1850713564335007,0.0008749613929070845,-54.67718409107816,0.38047536572356633,1.2607274046384558,0.32593922756047433,0.7731960731283802,1.3534552083767033,1.3188926296279089,1.2607412460883622,2.2272892772619697,-0.8961420411741192,0.14119912037844512,0.4400692770322647,Resorts & Casinos,Consumer Cyclical,LVS
2009Q4,2009,Q4,2010-03-01,2009-12-31,-67427000.0,1284199000.0,43944000.0,-0.10212412020805774,-1592674000.0,-1.2402080985890815,20572106000.0,6506434000.0,5623674000.0,1839305000.0,13631519000.0,27073000.0,473833000.0,9864069114.6,15934115114.6,9.854566389455172,3.0574994359282446,0.5359423094553373,1.694547581670697,0.002362110569530495,9.854566389455172,-0.01036312671426468,7.681106366380912,-36.573142489655474,1.5160484398366294,-0.34630044344253785,106.2635467070513,0.002367177249948423,0.06242428461140537,2.944689434324378,-0.0032775934559155003,-22.03650634148303,-1.2402080985890815,0.11867043107730106,-1.4802436195745545,0.8224955134764204,1.4387763811470349,-2.3956818771338235,0.11867043107730113,-0.29556602866211407,-1.3183935504165014,0.08307705621765814,0.6824971860433832,Resorts & Casinos,Consumer Cyclical,LVS
2009Q3,2009,Q3,2009-11-09,2009-09-30,-76506000.0,1141144000.0,62382000.0,-0.11587506400459259,1141144000.0,1.0,18273058000.0,4034407000.0,3778257000.0,1725596000.0,14243211000.0,26153000.0,587747000.0,11118535735.6,19791087735.6,6.110464138048995,2.189537412001419,0.6438110687329948,2.9160164058807156,0.012102900267021632,6.110464138048995,-0.018963381731193704,9.743324011343004,-36.33223451624709,2.755928129115382,-0.30520482053695136,0.0,0.0021000966813675436,0.062449536361127954,2.0091875502724856,-0.004186819743033705,-38.08095918978255,1.0,0.6591909882217866,0.560565967566331,0.6380492940945991,0.0,0.07787286294512137,0.5651585767875412,1.3640724853366015,-1.4221463805602885,0.10687339356794859,0.10951825404815195,Resorts & Casinos,Consumer Cyclical,LVS
2009Q2,2009,Q2,2009-08-07,2009-06-30,-175940000.0,1058700000.0,-171345000.0,-0.34,1058700000.0,1.0,17296995000.0,4133988000.0,3217941000.0,1632446000.0,13163456000.0,27180000.0,710739000.0,5178775232.16,13371146232.16,6.274291550291425,1.971238864869037,0.6230795580388385,2.607023532724333,-0.008800815244222838,6.274291550291425,-0.04255938817432465,4.891636187928592,-7.358723474138912,1.2527310752135712,-0.13370467204728884,0.0,0.004542386750812593,0.06120716344081732,1.8084990253888948,-0.010171709016508358,-15.387284459208109,1.0,-5.144423279584891,-1.1876930309577016,0.9563296809949176,0.0,1.683561758421142,-3.9082184902081125,-5.7229802365004545,-1.8652497106682153,0.10100360428594897,0.20136569544129362,Resorts & Casinos,Consumer Cyclical,LVS
2009Q1,2009,Q1,2009-05-11,2009-03-31,-35846000.0,1079062000.0,36279000.0,-0.05533472948220617,394513000.0,0.36560735157016,16961632000.0,4329861000.0,3363908000.0,1484873000.0,12629897000.0,27188000.0,933339000.0,1949886825.32,9600290825.32,6.683916953929439,2.2654516581552766,0.6136718447847471,2.4039746310562857,0.002518595422170815,6.683916953929439,-0.00827878770242278,1.8070201946876083,-13.599054464375383,0.4503347394569941,-0.6827261061206271,25.178350742974843,0.012550984848048136,0.06361781696478264,2.090701359644899,-0.0021133579598944254,-5.156711850864527,0.36560735157016,0.8233418087804111,-1.359902324026715,1.2609677591145283,0.0,0.03185164842350295,0.6779913762127201,2.0552662962855233,-1.1609380607108917,0.11244127206218123,0.3630816593213853,Resorts & Casinos,Consumer Cyclical,LVS
2008Q4,2008,Q4,2009-03-02,2008-12-31,-111320000.0,1093375000.0,-34379000.0,-0.3132304768898276,382335000.0,0.349683319995427,17144113000.0,4422108000.0,3741276000.0,1530416000.0,12722005000.0,28837000.0,1015554000.0,2107482025.87,9540057025.869999,12.442858405482587,2.4446137520778666,0.6107483075968992,2.367815982784681,-0.0016974952425842288,12.442858405482587,-0.02517351453198339,1.9275015670469875,-4.7329366373293205,0.476578596875065,0.0,24.65721122169435,0.0,0.06377553624384066,2.2366350064296245,-0.0064931909863169945,-2.172731320145283,0.349683319995427,-2.4803386321091954,-2.4729814824957064,1.8827010289777528,2.0793185609585696,0.02449121772799743,-2.4562841530054644,-2.2193296683809187,-2.0080411675780003,1.176228054390927,1.7379107193143186,Resorts & Casinos,Consumer Cyclical,LVS
2008Q3,2008,Q3,2008-11-10,2008-09-30,-32208000.0,1105434000.0,28195000.0,-0.09,373195000.0,0.3376004356659918,14759412000.0,2278381000.0,1996975000.0,1721982000.0,12481031000.0,27284000.0,1145296000.0,12833250582.49,21907695582.489998,6.4108728635170875,1.1596956298033312,0.701275904487252,4.542883740691306,0.0013972426491127548,6.4108728635170875,-0.014136353840731643,11.609241784213259,-99.61229028882576,5.632618329634069,0.0,26.837670429555782,0.0,0.07489688613611437,0.9344760862773246,-0.002182200754338994,-13.17157567528538,0.3376004356659918,-3.4999999999999996,0.6563168241820291,1.9479197519724816,0.0,-0.1369158435419302,-2.661664392905866,-0.6152534046559864,-1.4007228442172717,1.5172412684382068,0.5163447972415249,Resorts & Casinos,Consumer Cyclical,LVS
2008Q2,2008,Q2,2008-08-11,2008-06-30,-8796000.0,1112114000.0,73282000.0,-0.02,432397000.0,0.38880636337641644,13282222000.0,2305710000.0,1360643000.0,1668728000.0,10976512000.0,24864000.0,1177504000.0,16858495817.519999,24980153817.519997,6.4882943047816335,0.8153773413042749,0.671832468995022,3.8701432530543736,0.005375227614741469,6.4882943047816335,-0.0038148769793252403,15.158963755082661,-479.15233678717595,7.311628876797168,0.0,27.33739543114543,0.0,0.08372951453454099,0.642282624849586,-0.0006622385923078232,-19.931234436963322,0.38880636337641644,0.3333333333333333,-1.017397993117494,2.810209126631977,0.0,-0.002007999686105796,0.2170197614384903,-0.2411122042147776,-1.101426618800408,1.779057324700987,0.6222611142707533,Resorts & Casinos,Consumer Cyclical,LVS
2008Q1,2008,Q1,2008-05-09,2008-03-31,-11234000.0,1079023000.0,96565000.0,-0.03,433267000.0,0.4015363898637935,12568401000.0,2290800000.0,1498061000.0,1500011000.0,10277601000.0,24035000.0,1186300000.0,26162416904.68,33675672904.68,6.447971248781052,0.9987000095332634,0.6658458780874353,3.653142133752401,0.011889043242516249,6.447971248781052,-0.004903963680810197,24.246394103443578,-582.2150815533203,11.420646457429719,0.0,26.867318493863117,0.0,0.08585205071034892,0.7393119117126474,-0.0008938288967705598,-30.03356297015518,0.4015363898637935,-1.2669228400571673,-1.2056634881345345,3.1224699618136857,0.0,0.04955294311440345,-1.2816738961462277,-0.27701868004342456,-2.5746315430342124,1.6638337437191943,0.716941437889103,Resorts & Casinos,Consumer Cyclical,LVS
2007Q4,2007,Q4,2008-02-29,2007-12-31,39883000.0,1048473000.0,133565000.0,0.112392030571737,412811000.0,0.39372592331896006,11466517000.0,2260274000.0,1379086000.0,1493273000.0,9206243000.0,19902000.0,1197534000.0,36567923269.049995,43283103269.049995,6.369550548065648,0.9235324016439057,0.6603862358552296,3.350182323028093,0.011894924683729947,6.369550548065648,0.017645205846724778,34.877315170776924,229.21998889909233,16.17853555323381,0.0,31.93960405989348,0.0,0.09143779231304501,0.6993664252953077,0.0034782140034327774,-39.514862699449544,0.39372592331896006,1.8028002183695497,-0.4714710348236988,1.7685004586038504,0.5763158744119512,0.6920078531992769,1.8222112272455522,7.423247090506877,-0.4714710348236988,1.7685004586038504,0.5763158744119512,Resorts & Casinos,Consumer Cyclical,LVS
2007Q3,2007,Q3,2007-11-09,2007-09-30,-48507000.0,660950000.0,-20794000.0,-0.14,243977000.0,0.3691307965806793,11129552000.0,2203023000.0,2202596000.0,2775712000.0,8926529000.0,15914000.0,1157651000.0,49058858728.25,54670409728.25,6.2082147372624865,0.7935246884402993,0.6551205295595007,3.3096331722365133,-0.002148017362539841,6.2082147372624865,-0.022018381106325265,74.22476545616159,-252.8442221135609,22.268881772114952,0.0,26.201646349126555,0.0,0.05938693668891614,0.6599942645346492,-0.004358396456568962,-49.650092024072656,0.3691307965806793,-2.4,0.4816109537962185,0.7652585794612873,0.0,-0.06880073892283677,-2.4101691958834817,-1.241137383600246,0.4816109537962185,0.7652585794612873,0.0,Resorts & Casinos,Consumer Cyclical,LVS
2007Q2,2007,Q2,2007-08-09,2007-06-30,34398000.0,612926000.0,86233000.0,0.1,262003000.0,0.4274626953335313,10447844000.0,2220482000.0,2348498000.0,974488000.0,8227362000.0,13077000.0,1206158000.0,27097583536.77,32422345536.77,6.259695435566459,2.4099814466673783,0.6805102564701387,3.2019466944564288,0.007914791805400744,6.259695435566459,0.015491231183139517,44.21020406504211,196.94156300344497,12.20346912822081,0.0,26.83513038158599,0.0,0.05866530932123412,1.9540240618663338,0.0032923539057436156,-33.824667167761596,0.4274626953335313,-0.6153846153846154,-0.9318403715170658,1.103718555915527,0.0,-0.08369093458957168,-0.6216424313087093,-0.3417629726882738,-0.9318403715170658,1.103718555915527,0.0,Resorts & Casinos,Consumer Cyclical,LVS
2007Q1,2007,Q1,2007-05-10,2007-03-31,90914000.0,628218000.0,131006000.0,0.26,285933000.0,0.45514932714439893,7535652000.0,2176435000.0,909523000.0,915528000.0,5359217000.0,13052000.0,1171760000.0,30713094635.64,34697535635.64,6.1374810186421325,0.9934409433681984,0.5870714305809238,2.0326662638672874,0.01768662744314878,6.1374810186421325,0.04177198032562424,48.88923054678472,84.45644959973161,14.111652604208258,0.0,26.22471651854122,0.0,0.08336611085543759,0.6120828636590033,0.012064516779702671,-43.038866494360384,0.45514932714439893,-0.1893949936642027,0.6674855791466633,1.40461591128388,0.0,-0.07396719909836384,-0.19998240056318198,-0.21234458045742047,0.6674855791466633,1.40461591128388,0.0,Resorts & Casinos,Consumer Cyclical,LVS
