Quarters,Year,Quarter,FillingDate,Date,NetIncome,Revenue,OperatingIncome,EPSDiluted,GrossProfit,GrossProfitRatio,TotalAssets,CommonStockEquity,CurrentAssets,CurrentLiability,TotalLiability,Inventory,RetainedEarnings,MarketCap,EnterpriseValue,bookValuePerShare,currentRatio,debtToAssets,debtToEquity,roic,shareholdersEquityPerShare,roe,priceToSalesRatio,peRatio,pbRatio,payoutRatio,inventoryTurnover,dividendYield,assetTurnover,quickRatio,returnOnAssets,priceToFreeCashFlowsRatio,grossProfitMargin,epsdilutedGrowth,fiveYNetIncomeGrowthPerShare,fiveYRevenueGrowthPerShare,fiveYShareholdersEquityGrowthPerShare,grossProfitGrowth,netIncomeGrowth,operatingIncomeGrowth,threeYNetIncomeGrowthPerShare,threeYRevenueGrowthPerShare,threeYShareholdersEquityGrowthPerShare,Industry,Sector,Symbol
2023Q1,2023,Q1,2023-05-15,2023-03-31,-31943000.0,77254000.0,-5453000.0,-0.39,18982000.0,0.2457089601,157170000.0,62924000.0,88914000.0,54472000.0,94246000.0,0.0,-350243000.0,67163668.66,85591668.66,0.768237963015405,1.6322881480393596,0.28628236940892027,0.7150689720933189,-0.04819219832952956,0.768237963015405,-0.5076441421397241,0.8693875871799518,-0.525652479886047,1.0673776088614837,0.0,0.0,0.0,0.49153146274734366,1.5297033338228814,-0.20323853152637272,17.881700921192756,0.24570896005384835,0.5301204819277108,0.0161523227692626,0.13393668940448636,-0.7299944244617118,-0.05260531044120583,0.5266862256993836,0.5245858761987794,-76.13480685486624,-0.0607471968828972,-0.7152439490180249,Advertising Agencies,Communication Services,FLNT
2022Q4,2022,Q4,2023-03-15,2022-12-31,-67488000.0,84664000.0,-11470000.0,-0.83,20036000.0,0.2366531229,183969000.0,93955000.0,92217000.0,50219000.0,90014000.0,0.0,-318300000.0,89014514.28,110193514.28,1.15049720630796,1.8362970190565324,0.25398844370518947,0.49732318663189823,-0.0777315348306331,1.15049720630796,-0.7183013144590495,1.0513856453746575,-0.3297420070234709,0.947416468309297,0.0,0.0,0.0,0.4602079698210024,1.7664828053127302,-0.3668444140045334,-14.25600805253043,0.23665312293300578,-21.75,-8.306793434951418,0.17818590564315906,-0.6542875024280276,-0.1573014804845222,-22.679408930292322,-19.293460925039874,-69.5744411161201,0.0278806624338314,-0.5673260555887971,Advertising Agencies,Communication Services,FLNT
2022Q3,2022,Q3,2022-11-07,2022-09-30,3113000.0,89046000.0,627000.0,0.04,23776000.0,0.2670080632,253018000.0,160049000.0,102968000.0,51228000.0,92969000.0,0.0,-250812000.0,110149626.60000001,125463626.60000001,1.9615695183845498,2.009994534239088,0.19136978396793905,0.3025323494679754,0.0824888777317546,1.9615695183845498,0.019450293347662278,1.236996907216495,8.845938531962737,0.688224397528257,0.0,0.0,0.0,0.3519354354235667,1.9648629655657062,0.012303472480218798,13.837892788944725,0.2670080632482088,1.0571428571428572,1.149933293671885,0.05593731557342526,-0.48354737295197164,-0.16089641785777306,1.054667743748244,-0.8443782576321668,1.6802178421025216,0.3452422491141009,-0.2548183270808291,Advertising Agencies,Communication Services,FLNT
2022Q2,2022,Q2,2022-08-09,2022-06-30,-56944000.0,98361000.0,4029000.0,-0.7,28335000.0,0.2880714917,259140000.0,156118000.0,106483000.0,59591000.0,103022000.0,0.0,-253925000.0,96977646.99,120500646.99,1.9157035230928736,1.7868973502710142,0.19263332561549742,0.319751726258343,0.020785849404897087,1.9157035230928736,-0.3647497405808427,0.9859359602891389,-0.42575884636660577,0.6211817150488732,0.0,0.0,0.0,0.37956702940495485,1.7516403483747547,-0.2197422242803118,-74.7131332742681,0.28807149174977886,-22.64864864864865,-0.8754612713651655,0.24690194964274867,-0.5073402578808685,0.31784568159620485,-22.75636211931581,3.6842105263157894,-78.58436394711319,0.3579902081750518,-0.2835356454449906,Advertising Agencies,Communication Services,FLNT
2022Q1,2022,Q1,2022-05-10,2022-03-31,-2397000.0,89063000.0,-1501000.0,-0.0296,21501000.0,0.2414133815,306795000.0,212175000.0,96105000.0,49534000.0,94620000.0,0.0,-196981000.0,168249228.16,190893228.16,2.6230372931061177,1.940182500908467,0.16815137143695302,0.2431389183457052,-0.006590355781914685,2.6230372931061177,-0.011297278190173206,1.8891035352503285,-17.547896136837714,0.7929738572404855,0.0,0.0,0.0,0.29030134128652685,1.8970202285298987,-0.007813034762626509,-58.95207714085494,0.24141338153891065,-1.6257928118393232,0.8746867155665868,0.16710853290583177,-0.3707478604590398,-0.21834442142000218,-1.6258485639686684,-1.3395159466184121,-3.2429745652248254,0.30842877618871034,-0.01221429060658897,Advertising Agencies,Communication Services,FLNT
2021Q4,2021,Q4,2022-03-09,2021-12-31,3830000.0,99844000.0,4421000.0,0.0473,27507000.0,0.2754997797,318182000.0,213410000.0,107200000.0,57940000.0,104772000.0,0.0,-194968000.0,160475538.26,179256538.26,2.6464214085509434,1.8501898515705903,0.16735076151385056,0.24951033222435687,0.015125663058725754,2.6464214085509434,0.017946675413523266,1.607262712431393,10.47490458616188,0.751958850381894,0.0,0.0,0.0,0.3137952492598576,1.8069554711770797,0.01203713597877944,8.615673695908944,0.27549977965626377,2.576666666666667,1.474518638609985,0.22941817513779872,-0.37988668292279126,0.24612666485458004,2.561990212071778,3.159745969711773,1.260596990187201,0.36716789500302827,-0.001016719706515444,Advertising Agencies,Communication Services,FLNT
2021Q3,2021,Q3,2021-11-04,2021-09-30,-2452000.0,85858000.0,-2047000.0,-0.03,22074000.0,0.25709893079270424,309543000.0,208378000.0,94391000.0,52993000.0,101165000.0,0.0,-198798000.0,181902831.62,220988831.62,2.600388656885494,1.7811975166531429,0.17671535134052457,0.2625085181737036,-0.0075459039417855815,2.600388656885494,-0.01176707713866147,2.1186474366978034,-18.546373533849916,0.8729464320609661,0.0,0.0,0.0,0.2773701876637495,1.7395316362538449,-0.007921355029834305,-26.090480725760184,0.25709893079270424,0.5,0.8409296451111752,0.040198074830330964,-0.40765610505701627,0.3160436415668038,0.5265495269357019,0.5692340067340067,-1.5362677897957877,0.2592774283281549,0.003406205521694584,Advertising Agencies,Communication Services,FLNT
2021Q2,2021,Q2,2021-08-09,2021-06-30,-5179000.0,73378000.0,-4752000.0,-0.06,16773000.0,0.22858349914143203,310870000.0,208354000.0,92716000.0,48320000.0,102516000.0,0.0,-196346000.0,234289465.75,266749465.75,2.6056537285863866,1.9187913907284768,0.18528323736610158,0.27644777638058304,-0.01730397386925158,2.6056537285863866,-0.024856734211966172,3.1929115777208428,-11.30958996669241,1.1244778873935706,0.0,0.0,0.0,0.2360407887541416,1.8841887417218544,-0.016659696979444784,-36.81481234286612,0.22858349914143203,0.25000000000000006,0.5664885970006266,0.07509715099425987,-0.44045660410143533,-0.12549530761209593,0.1724193032917865,-1.0778312199387845,-2.843429289846611,0.2133687186339965,0.004284890759345943,Advertising Agencies,Communication Services,FLNT
2021Q1,2021,Q1,2021-05-10,2021-03-31,-6258000.0,70170000.0,-2287000.0,-0.08,19180000.0,0.27333618355422545,315287000.0,212209000.0,93967000.0,48122000.0,103078000.0,0.0,-191167000.0,335759631.29999995,362324631.29999995,2.5913088379067446,1.9526827646398737,0.18784472559921594,0.2790880688377967,-0.008150222611721228,2.5913088379067446,-0.02948979543751679,4.784945579307395,-13.413216335091082,1.5822120235239785,0.0,0.0,0.0,0.22255912866689714,1.8840447196708365,-0.019848582402699762,81.08177524752475,0.27333618355422545,-36.90664272890485,0.6900408872699152,-0.40299689478835277,-0.655819339382253,-0.24078692158492657,-36.157303370786515,-2.0874940561103186,0.8072192535903983,0.03013761188782875,-0.08925636604809004,Advertising Agencies,Communication Services,FLNT
2020Q4,2020,Q4,2021-03-16,2020-12-31,178000.0,81996000.0,2103000.0,0.002228,25263000.0,0.3081003951412264,310220000.0,216885000.0,86191000.0,50217000.0,93335000.0,0.0,-184909000.0,417369716.99999994,446439716.99999994,2.7593265708829566,1.7163709500766673,0.16168203210624718,0.23126080641814786,0.0014473027161564186,2.7593265708829566,0.0008207114369366255,5.0901228962388405,586.1934227528089,1.9243825852410261,0.0,0.0,0.0,0.26431564696022175,1.667881394746799,0.0005737863451743924,63.28577968157694,0.3081003951412264,-0.7772,1.0019058431980241,1.6441592133075145,-0.6318814310940081,-0.00964365518052452,-0.8477331052181352,-0.17561740493923952,1.0255035967976935,0.1855383888092397,-0.17085093713707936,Advertising Agencies,Communication Services,FLNT
2020Q3,2020,Q3,2020-10-30,2020-09-30,1169000.0,78280000.0,2551000.0,0.01,25509000.0,0.32586867654573326,305313000.0,216144000.0,77683000.0,43180000.0,89169000.0,0.0,-185087000.0,194873375.52,230636375.52,2.7506944885089553,1.7990504863362669,0.16755591802510866,0.23668017617884374,0.008714221977851915,2.7506944885089553,0.005408431416092975,2.4894401573837506,41.67523000855432,0.9015904930046637,0.0,0.0,0.0,0.25639262003255675,1.732399258916165,0.0038288575985955396,85.77173218309859,0.32586867654573326,0.0,1.0467035468355783,13.947318376146205,1.2789902510640947,0.13363256599413387,1.586283185840708,0.4291316526610644,1.0584631088329137,-0.03611999150136337,-0.2757822848068519,Advertising Agencies,Communication Services,FLNT
2020Q2,2020,Q2,2020-08-10,2020-06-30,452000.0,71509000.0,1785000.0,0.01,22502000.0,0.31467367743920344,308401000.0,213815000.0,77518000.0,47052000.0,94586000.0,0.0,-186256000.0,139748481.74,177777481.74,2.723397744728872,1.6474963869761114,0.18886774037697673,0.2724177443116713,0.006318203860298672,2.723397744728872,0.002113977036222903,1.9542782270763122,77.29451423672568,0.6535953124897692,0.0,0.0,0.0,0.23187019497342745,1.6050752359092069,0.0014656243008291153,14.767883518968615,0.31467367743920344,0.0,1.0017595670353074,11.734053110569068,2.2784924499146233,0.008606006275212909,0.10784313725490197,-0.07989690721649484,1.0154524073924933,-0.059047591052027955,-0.29962626552996935,Advertising Agencies,Communication Services,FLNT
2020Q1,2020,Q1,2020-05-11,2020-03-31,408000.0,78934000.0,1940000.0,0.01,22310000.0,0.28264119390883524,308254000.0,212065000.0,76042000.0,43258000.0,96189000.0,0.0,-186708000.0,91967007.6,138088007.6,2.6978810823023887,1.757871376392806,0.19207212234066712,0.2791927003513074,0.006875775296827928,2.6978810823023887,0.0019239384151085752,1.1651127220209287,56.35233308823529,0.4336736736377997,0.0,0.0,0.0,0.25606804777877984,1.712931712053262,0.0013235837977771578,-104.62685733788395,0.28264119390883524,0.0,1.0237437514065628,4.930382570903392,-0.6306185310928248,-0.07450427279515473,-0.5732217573221757,-0.27961381359079096,1.0219499125121,0.06444098308898624,-0.352793249364915,Advertising Agencies,Communication Services,FLNT
2019Q4,2019,Q4,2020-03-13,2019-12-31,956000.0,80011000.0,2693000.0,0.01,24106000.0,0.30128357350864254,317093000.0,210937000.0,81515000.0,52227000.0,106156000.0,0.0,-187116000.0,198320655.0,241950655.0,2.6590397253377365,1.560782736898539,0.1965007111478336,0.29539151500210964,0.008494428371784319,2.6590397253377365,0.004532158891043297,2.478667370736524,51.862095972803345,0.940189037485126,0.0,0.0,0.0,0.2523266044977341,1.5240009956535892,0.0030148883765961404,-147.34075408618128,0.30128357350864254,1.1666666666666665,1.1255119593652767,6.883885291857754,1.6644887463940488,0.20626501200960767,1.2142056912390768,1.9814139941690962,1.1204038070889393,0.0015097489863429242,-0.37692994056372997,Advertising Agencies,Communication Services,FLNT
2019Q3,2019,Q3,2019-11-12,2019-09-30,-4463000.0,64552000.0,-2744000.0,-0.06,19984000.0,0.3095798735902838,310668000.0,209453000.0,71988000.0,44043000.0,101215000.0,0.0,-188072000.0,217621789.35,258229789.35,2.6323373073579592,1.63449356310878,0.20869867511298235,0.30954915899987107,-0.009589778358694057,2.6323373073579592,-0.02130788291406664,3.371263312523237,-12.190331018933453,1.0390005841405947,0.0,0.0,0.0,0.2077845159462835,1.58874281951729,-0.014365818172454196,17.534589424703892,0.3095798735902838,-6.999999999999999,0.47974641128769296,5.720145588915541,1.3892510309146677,-0.06734493862883278,-7.241958041958042,-2.105560032232071,0.7084156389025543,-0.2123858014934303,-0.4003785052224984,Advertising Agencies,Communication Services,FLNT
2019Q2,2019,Q2,2019-08-09,2019-06-30,715000.0,70560000.0,2482000.0,0.01,21427000.0,0.3036706349206349,301619000.0,212271000.0,70034000.0,31290000.0,89348000.0,0.0,-183609000.0,424727849.04999995,467747849.04999995,2.6738294946755623,2.238223074464685,0.2150262417155418,0.30553396365966146,0.008589483592771268,2.6738294946755623,0.003368335759477272,6.019385615787981,148.50624092657344,2.0008755272740975,0.0,0.0,0.0,0.2339375171988502,2.158549057206775,0.0023705403174203218,62.295079062775,0.3036706349206349,0.0,1.0743927785453402,8.487782974565652,1.1842656098010236,-0.014034603349898768,-0.3157894736842105,-0.10975609756097561,1.0602821650620824,0.041282568486551166,-0.42581640104720253,Advertising Agencies,Communication Services,FLNT
2019Q1,2019,Q1,2019-05-10,2019-03-31,1045000.0,66561000.0,2788000.0,0.01,21732000.0,0.32649749853517823,299489000.0,210041000.0,65302000.0,28524000.0,89448000.0,0.0,-184324000.0,454810199.5,502190199.5,2.6554719998094503,2.2893703547889497,0.22066586752768882,0.3146385705647945,0.010040459108406707,2.6554719998094503,0.004975219123885336,6.832983270984511,108.8062678229665,2.1653400978856507,0.0,0.0,0.0,0.22224856338630133,2.199200673117375,0.0034892767347047804,132.86888679520888,0.32649749853517823,-0.5,1.0806068673886218,10.935558070486442,0.992764649349416,0.2136036186965991,-0.3639683505782106,-0.2285556170448257,1.0535879831823947,-0.41369010552088675,-0.6472971134214,Advertising Agencies,Communication Services,FLNT
2018Q4,2018,Q4,2019-03-18,2018-12-31,1643000.0,70821000.0,3614000.0,0.02,17907000.0,0.2528487313085102,293269000.0,207166000.0,68392000.0,33365000.0,86103000.0,0.0,-185369000.0,281527095.6,319230095.6,2.649114815788978,2.049812677955942,0.18915057506930497,0.2677659461494647,0.013385620238210579,2.649114815788978,0.007930838071884383,3.9751923243105862,42.837354777845405,1.3589444966838187,0.0,0.0,0.0,0.24148819002349378,1.9907387981417652,0.005602365064156116,43.54634116009281,0.2528487313085102,-0.6666666666666666,1.1121380487012755,2.274821247471976,0.785337142290151,-0.3475314264893423,-0.6317794710891976,-0.430327868852459,1.0176812694382935,1.2954387270727152,-0.6465846539708967,Advertising Agencies,Communication Services,FLNT
2018Q3,2018,Q3,2018-11-08,2018-09-30,4462000.0,66535000.0,6344000.0,0.06,27445000.0,0.41248966709250773,285707000.0,202659000.0,58866000.0,30585000.0,83048000.0,0.0,-187012000.0,161873128.53,204202128.53,2.5915612665894274,1.9246689553702796,0.20892032746835043,0.2945341682333378,0.02418152918440703,2.5915612665894274,0.022017280258957165,2.432901909220711,9.069538801546392,0.7987463104525335,0.0,0.0,0.0,0.23287843840017922,1.8665031878371752,0.015617398243655213,14.027134188041595,0.41248966709250773,1.0,1.686258681394554,5.839098648630118,1.5054940711239664,0.19108584324277406,0.6869565217391305,0.3857579729139362,1.1791271147235212,11.766123496320247,1.1471460702980916,Advertising Agencies,Communication Services,FLNT
2018Q2,2018,Q2,2018-08-08,2018-06-30,2645000.0,56935000.0,4578000.0,0.03,23042000.0,0.4047071221568455,279492000.0,195322000.0,49886000.0,27473000.0,84170000.0,0.0,-191474000.0,184441002.9,237899002.9,2.5945364234407986,1.815819167910312,0.22729094213787873,0.3252373004577057,0.017686055136605268,2.5945364234407986,0.013541741329701724,3.2395012364977607,17.432987041587904,0.944292004484902,0.0,0.0,0.0,0.20370887181028438,1.7488443198776982,0.009463598242525725,25.774315665176076,0.4047071221568455,1.075,1.2436350193274404,43.325015582861255,1.2217546111123971,0.13362196201908885,1.0991304999625215,2.4469026548672566,1.0107381326347697,9.573553872787388,2.1233660568834685,Advertising Agencies,Communication Services,FLNT
2018Q1,2018,Q1,2018-05-09,2018-03-31,-26682000.0,55989000.0,-3164000.0,-0.4,20326000.0,0.36303559627784027,275228000.0,191520000.0,42809000.0,23162000.0,83708000.0,0.0,-194119000.0,168279460.0,226957460.0,2.8452670337782164,1.8482428115015974,0.232701614661299,0.33440893901420216,-0.012380363585140433,2.8452670337782164,-0.13931704260651628,3.005580739073747,-1.5767133273367815,0.8786521512113616,0.0,0.0,0.0,0.20342770357667098,1.7068042483377948,-0.09694507826238609,-53.40509679466836,0.36303559627784027,-3.504720361385311,-1.0149752711330842,0.0,0.6236060519977619,-0.047159197449840616,-3.4641124309854443,-0.3255131964809384,-0.8132707097133901,3.912204098628387,-0.6104391245172163,Advertising Agencies,Communication Services,FLNT
2017Q4,2017,Q4,2018-03-14,2017-12-31,-5977000.0,59230000.0,-2387000.0,-0.08879574488770049,21332000.0,0.36015532669255446,316999000.0,224007000.0,56981000.0,32779000.0,92992000.0,0.0,-167437000.0,88818035.28763142,135152035.28763142,3.3279016940035344,1.7383385704261876,0.1986220776721693,0.2810760378023901,-0.008317942642088023,3.3279016940035344,-0.02668220189547648,1.4995447456969682,-3.7149922740351107,0.39649669558376044,0.0,0.0,0.0,0.18684601528711448,1.6643887855029134,-0.018854949069239967,23.28126744105673,0.36015532669255446,0.6448170204491981,-1.1943111322686877,1.1944400121023484,2.0995026543983344,0.09053729359439701,0.5759489180560482,0.7954409118176364,0.07520108542003336,5.878110829142341,2.334721376399088,Advertising Agencies,Communication Services,FLNT
2017Q3,2017,Q3,2017-11-08,2017-09-30,-14095000.0,57248000.0,-11669000.0,-0.25,19561000.0,0.3416887926215763,311920000.0,210381000.0,49786000.0,31216000.0,101539000.0,0.0,-161460000.0,81392945.6973749,133917945.6973749,3.7981596290769386,1.5948872373141978,0.20148756091305464,0.2987342012824352,-0.0427077652811378,3.7981596290769386,-0.0669974950209382,1.421760510364989,-1.4436492674241734,0.3868835384249285,0.0,0.0,0.0,0.1835342395486022,1.5207265504869298,-0.04518786868427802,-10.087116829517276,0.3416887926215763,0.32432432432432434,0.5975554807078727,-0.44281960992430885,5.55356246922677,0.1927439024390244,0.3093733156940565,0.3504230683589401,-1.3602881307631673,7.561326163094885,2.4474141227967308,Advertising Agencies,Communication Services,FLNT
2017Q2,2017,Q2,2017-08-09,2017-06-30,-20409000.0,53024000.0,-17964000.0,-0.37,16400000.0,0.30929390464695233,317694000.0,213004000.0,54628000.0,33802000.0,104690000.0,0.0,-147365000.0,82957431.86750038,126622431.86750038,3.888492115983838,1.6161173895035796,0.1980301799845134,0.2953606505042159,-0.06510653566108648,3.888492115983838,-0.09581510206381101,1.5645260988891894,-1.0161868767149345,0.38946419723338704,0.0,0.0,0.0,0.16690274289095797,1.5284598544464825,-0.06424106215414833,-60.420562175892485,0.30929390464695233,-0.5416666666666667,0.0,0.0,12.497174628373385,0.05344295991778006,-0.6038506876227898,-0.7111830824919032,-2.0774916516923745,9.333062980967847,2.176529999328359,Advertising Agencies,Communication Services,FLNT
2017Q1,2017,Q1,2017-05-09,2017-03-31,-12725000.0,50766000.0,-10498000.0,-0.24,15568000.0,0.3066619390930938,316573000.0,224314000.0,52354000.0,21797000.0,92259000.0,0.0,-126956000.0,75038985.33138676,116011985.33138676,4.1684996017965465,2.401890168371794,0.19896516759167712,0.2807983451768503,-0.036540074695180315,4.1684996017965465,-0.05672851449307667,1.4781346832798874,-1.4742433267463018,0.33452653571059654,0.0,0.0,0.0,0.16036111734102404,2.2922879295315868,-0.04019610010961137,-507.0201711580186,0.3066619390930938,-1.3978472187151876,-0.20205300187054936,0.0,1.3786875189145031,-0.14007954043305346,-1.3626067582621613,-0.8570670440474084,-0.44277722950593573,12.380784390645788,2.1281966625456237,Advertising Agencies,Communication Services,FLNT
2016Q4,2016,Q4,2017-03-14,2016-12-31,-5386000.0,54193000.0,-5653000.0,-0.1000897797519379,18104000.0,0.3340652851844334,311911000.0,229649000.0,43100000.0,26159000.0,82262000.0,0.0,-114231000.0,55674085.8920704,95598085.8920704,4.267641632055846,1.6476164991016475,0.16034381602444286,0.21778017757534324,-0.013765446403498085,4.267641632055846,-0.02345318290086175,1.0273298376556086,-2.5842037640210918,0.24243121412272817,0.0,0.0,0.0,0.17374507471682626,1.569134905768569,-0.017267746248128473,-12.341850120166349,0.3340652851844334,0.4732116855161163,0.9584538653607866,-0.39533233992247013,2.912475726899087,0.44623741811791023,0.4472495894909688,0.5425265031965687,0.46577665289998393,2.641747423260295,1.8761226468109358,Advertising Agencies,Communication Services,FLNT
2016Q3,2016,Q3,2016-11-03,2016-09-30,-9744000.0,52176000.0,-12357000.0,-0.19,12518000.0,0.23991873658386997,310995000.0,222374000.0,42158000.0,28408000.0,88621000.0,0.0,-108845000.0,77320531.15495765,116820531.15495765,4.389998241031581,1.4840185863137145,0.16043666296885803,0.22437425238562062,-0.031062302207311588,4.389998241031581,-0.04381807225664871,1.481917570433871,-1.9837985210118443,0.34770490774531937,0.0,0.0,0.0,0.16777118603192978,1.3679245283018868,-0.03133169343558578,75.7301970175883,0.23991873658386997,-0.2666666666666667,-4.043825622831424,-0.6394048478962804,0.0,0.08984851123106391,-0.35634743875278396,-0.5729378818737271,-1.3135575862443973,7.279502497381828,3.2442039503177296,Advertising Agencies,Communication Services,FLNT
2016Q2,2016,Q2,2016-08-08,2016-06-30,-7184000.0,41043000.0,-7856000.0,-0.15,11486000.0,0.2798528372682309,312088000.0,223918000.0,38124000.0,22716000.0,88170000.0,0.0,-99101000.0,68206317.94577469,107587317.94577469,4.656750035271162,1.6782884310618067,0.1621786162877137,0.22603810323421966,-0.0192343883038056,4.656750035271162,-0.03208317330451326,1.6618258398697632,-2.373549483079576,0.30460399764991963,0.0,0.0,0.0,0.13151098408141293,1.5847420320478958,-0.0230191484453103,-26.47760789820446,0.2798528372682309,0.4,0.0,0.0,17.265694509850977,0.05086916742909424,-0.060838747784997045,0.03866862457170827,-0.036014110708866266,49.02579284250698,2.9876703098816977,Advertising Agencies,Communication Services,FLNT
2016Q1,2016,Q1,2016-05-05,2016-03-31,-6772000.0,39424000.0,-8172000.0,-0.25,10930000.0,0.277242288961039,286358000.0,206806000.0,33067000.0,20826000.0,79552000.0,0.0,-91917000.0,47776661.62827016,88577661.62827015,7.528920518822228,1.587774896763661,0.17788572346503329,0.2463129696430471,-0.020857915049960877,7.528920518822228,-0.032745665019390156,1.2118674317235734,-1.7637574434535646,0.23102164167514558,0.0,0.0,0.0,0.13767382088155386,1.4782483434168827,-0.02364871943511269,-17.304115041025046,0.277242288961039,0.7896058855969852,-0.2532247667910637,0.0,3.29625788168561,3.6950171821305844,0.7925181531296914,0.7638013758020695,-0.2532247667910637,0.0,3.29625788168561,Advertising Agencies,Communication Services,FLNT
2015Q4,2015,Q4,2016-03-18,2015-12-31,-32639000.0,10837000.0,-34598000.0,-1.18824616700598,2328000.0,0.2148195995201624,289192000.0,205895000.0,37617000.0,21056000.0,83297000.0,0.0,-85145000.0,60462189.025543414,97918189.02554342,7.495754911476953,1.7865216565349544,0.17606987745165842,0.2473008086646106,-0.08907776025354038,7.495754911476953,-0.15852254790062897,5.579236783754121,-0.4631130627894805,0.29365545071780963,0.0,0.0,0.0,0.03747337409056959,1.6473214285714286,-0.11286273479211043,-12.379645582625596,0.2148195995201624,-2.7132692718936875,0.0,0.0,0.0,8.864406779661017,-5.815410315305909,-6.649347778023436,-3.6002311081106964,1.0871793564879628,5.981309660289952,Advertising Agencies,Communication Services,FLNT
2015Q3,2015,Q3,2015-11-16,2015-09-30,-4789000.0,1002000.0,-4523000.0,-0.32,236000.0,0.23552894211576847,20057000.0,18146000.0,10881000.0,1911000.0,1911000.0,0.0,-52506000.0,33363386.063276794,24285386.063276794,1.2069794889313874,5.6938775510204085,0.0,0.0,-0.2424271019387646,1.2069794889313874,-0.26391491237738346,33.29679247832016,-1.7416676792272288,1.8386082918150997,0.0,0.0,0.0,0.04995762078077479,5.069597069597069,-0.23876950690531984,-9.806991788147206,0.23552894211576847,0.9024390243902439,-6.040411288767153,-0.976667811899396,0.0,-0.5859649122807018,0.8946778095447547,-0.21716899892357375,0.49622332082363974,-0.964070141171376,1.0825916370738762,Advertising Agencies,Communication Services,FLNT
2015Q2,2015,Q2,2015-08-14,2015-06-30,-45470000.0,994000.0,-3716000.0,-3.28,570000.0,0.5734406438631791,13397000.0,11544000.0,5125000.0,2723000.0,2723000.0,0.0,-47717000.0,45425876.40561855,42345876.40561855,0.8306859894704938,1.8821153139919207,0.0,0.0,-0.3448544698544698,0.8306859894704938,-3.938842688842689,45.700076866819465,-0.24975740271397925,3.9350204786571856,0.0,0.0,0.0,0.07419571545868478,1.3334557473374955,-3.3940434425617676,-11.101142816622323,0.5734406438631791,-13.909090909090907,-128.39319320499794,-0.9757171199969,0.0,-0.12307692307692308,-26.776420281001833,-1.2399035563592526,0.0,0.0,3.4561042166004223,Advertising Agencies,Communication Services,FLNT
2015Q1,2015,Q1,2015-05-20,2015-03-31,-1637000.0,1268000.0,-1659000.0,-0.22,650000.0,0.5126182965299685,59005000.0,54693000.0,10512000.0,3904000.0,3904000.0,0.0,-2246000.0,16303395.052155904,9007395.052155904,7.303780263487883,2.692622950819672,0.0,0.0,-0.03033294937194888,7.303780263487883,-0.02993070411204359,12.857567075832732,-2.48982819977946,0.29808924454968466,0.0,0.0,0.0,0.02148970426235065,2.4454405737704916,-0.02774341157529023,-7.175790075772845,0.5126182965299685,-1.2912782753824756,0.7295182994136813,-0.9170064259593695,-0.2776310112791284,0.08877721943048576,-1.2767732962447844,-1.7152209492635024,-0.11123797474872134,0.0,3.1677852016982535,Advertising Agencies,Communication Services,FLNT
2014Q4,2014,Q4,2015-04-15,2014-12-31,-719000.0,958000.0,-611000.0,-0.09601627282189289,597000.0,0.6231732776617954,10042000.0,7473000.0,6259000.0,2569000.0,2569000.0,0.0,-134388000.0,9207151.476063428,5029151.476063428,0.9979549468678798,2.4363565589723626,0.0,0.0,-0.09684705687316734,0.9979549468678798,-0.09621303358758196,9.61080529860483,-3.2013739485616926,1.232055596957504,0.0,0.0,0.0,0.09539932284405497,2.304398598676528,-0.07159928301135232,-10.084503259653262,0.6231732776617954,0.03983727178107119,0.9911066750319173,-0.9935594692236249,-0.9608240826642775,3.8536585365853657,0.0840764331210191,0.25030674846625767,0.9601447319786257,-0.92318754851877,1.447217638446431,Advertising Agencies,Communication Services,FLNT
2014Q3,2014,Q3,2014-11-14,2014-09-30,-785000.0,879000.0,-815000.0,-0.1,123000.0,0.13993174061433447,10294000.0,8022000.0,6393000.0,2272000.0,2272000.0,0.0,0.0,5895546.233246855,1347546.2332468554,1.1017416224992616,2.8138204225352115,0.0,0.0,-0.1003176798395607,1.1017416224992616,-0.09785589628521565,6.707106067402566,-1.8775624946646037,0.7349222429876409,0.0,0.0,0.0,0.08538954730911211,2.5066021126760565,-0.07625801437730717,29.331075787297788,0.13993174061433447,0.0,0.7256073270978076,0.0,-0.9588250259287598,1.825503355704698,0.08932714617169374,0.10143329658213891,-2.705960263959137,-0.9577375433386469,0.0,Advertising Agencies,Communication Services,FLNT
2014Q2,2014,Q2,2014-07-22,2014-06-30,-862000.0,667000.0,-907000.0,-0.1,-149000.0,-0.22338830584707647,10864000.0,8716000.0,6828000.0,2148000.0,2148000.0,0.0,0.0,10008929.38678056,5419929.38678056,1.2241320298583722,3.17877094972067,0.0,0.0,-0.09922678057239864,1.2241320298583722,-0.09889857732905002,15.005891134603539,-2.9028217479061946,1.1483397644309958,0.0,0.0,0.0,0.06139543446244477,2.7527932960893855,-0.07934462444771723,-40.03571754712224,-0.22338830584707647,0.33333333333333326,0.4267559653440887,0.0,-0.9549130376123061,0.5814606741573034,0.26135389888603255,0.28470031545741326,0.0,0.0,3.8015507656113225,Advertising Agencies,Communication Services,FLNT
2014Q1,2014,Q1,2014-04-01,2014-03-31,-1167000.0,502000.0,-1268000.0,-0.15,-356000.0,-0.7091633466135459,11255000.0,9488000.0,7064000.0,1767000.0,1767000.0,0.0,0.0,14199334.489996653,9264334.489996653,1.3325567576062685,3.9977362761743067,0.0,0.0,-0.12299747048903878,1.3325567576062685,-0.12299747048903878,28.285526872503294,-3.041845434875033,1.496557176433037,0.0,0.0,0.0,0.0446023989338072,3.3820033955857385,-0.10368725011106175,-29.21673763373797,-0.7091633466135459,0.19938377061469265,0.6847934334615827,0.0,-0.9512983921844089,-1.3640081799591002,0.12518740629685157,-0.07640067911714771,0.1668478145568044,0.0,-0.2395978336672716,Advertising Agencies,Communication Services,FLNT
2013Q4,2013,Q4,2014-04-01,2013-12-31,-1334000.0,1969000.0,-1178000.0,-0.18735568240374811,978000.0,0.49669883189436265,12546000.0,10565000.0,8044000.0,1981000.0,1981000.0,0.0,-130855000.0,16121048.93179144,10516048.93179144,1.4838176796068958,4.060575466935891,0.0,0.0,-0.12605196242790795,1.4838176796068958,-0.12626597255087554,8.18742962508453,-3.02118608167006,1.5258919954369559,0.0,0.0,0.0,0.15694245177745894,3.6385663806158504,-0.10632871034592699,-10.855925206593563,0.49669883189436265,-1.2533607842173087,0.001338755552284813,0.0,-0.9467815464357178,1.6868131868131868,-1.4888059701492538,-1.231060606060606,0.0,0.0,0.0,Advertising Agencies,Communication Services,FLNT
2013Q3,2013,Q3,2013-11-08,2013-09-30,-536000.0,802000.0,-528000.0,-0.083145,364000.0,0.4538653366583541,8774000.0,6668000.0,5329000.0,2106000.0,2106000.0,0.0,-129521000.0,12372710.425750876,9736710.425750876,1.0343513866017058,2.530389363722697,0.0,0.0,-0.0809975409498253,1.0343513866017058,-0.08038392321535692,15.427319732856454,-5.770853743353953,1.8555354567712772,0.0,0.0,0.0,0.09140642808297242,1.5897435897435896,-0.06108958285844541,-9.711703630887659,0.4538653366583541,0.4457,-2.825424910826536,0.0,-0.963150010735795,3.8217054263565893,0.3902161547212742,0.467204843592331,-2.3156472269931574,-0.9564472439959106,0.0,Advertising Agencies,Communication Services,FLNT
2013Q2,2013,Q2,2013-09-09,2013-06-30,-879000.0,104000.0,-991000.0,-0.15,-129000.0,-1.2403846153846154,8448000.0,7118000.0,5660000.0,1330000.0,1330000.0,0.0,-128985000.0,8408325.549765123,4411325.549765123,1.1677871221528626,4.2556390977443606,0.0,0.0,-0.12386471316944099,1.1677871221528626,-0.12348974431019949,80.84928413235696,-2.391446402094745,1.1812764189049063,0.0,0.0,0.0,0.01231060606060606,3.0706766917293233,-0.10404829545454546,-7.2298585982503205,-1.2403846153846154,0.25000000000000006,-2.4049547639737945,0.0,-0.958328583460459,-0.2524271844660194,0.2588532883642496,0.2263856362217018,-4.702962055730957,-0.9942074168159236,0.0,Advertising Agencies,Communication Services,FLNT
2013Q1,2013,Q1,2013-04-19,2013-03-31,-1186000.0,0.0,-1281000.0,-0.2,-103000.0,0.0,12546000.0,10565000.0,8044000.0,1981000.0,1981000.0,0.0,0.0,10034078.596384881,4434078.596384881,1.752436824362206,4.060575466935891,0.0,0.0,-0.11269733416215784,1.752436824362206,-0.11225745385707525,0.0,-2.1151093162700003,0.9497471458953981,0.0,0.0,0.0,0.0,3.636042402826855,-0.09453212179180616,-5.360084720291069,0.0,-1.3939070458153286,-2.208093855716618,0.0,-0.9372360044055006,0.966795615731786,-1.4304900181488203,0.8336363636363636,0.7565942608760456,-1.0,-0.826677970729747,Advertising Agencies,Communication Services,FLNT
2012Q4,2012,Q4,2013-01-07,2012-12-31,2755000.0,-27283000.0,-7700000.0,0.507734,-3102000.0,-0.11369717406443573,7544000.0,6473000.0,7482000.0,1071000.0,1071000.0,0.0,-126920000.0,10746407.779671313,3537407.7796713132,1.073688931764937,6.985994397759104,0.0,0.0,-1.1549463020920678,1.073688931764937,0.4256140892939904,-0.3938865879731449,0.9751731197523877,1.6601896770695679,0.0,0.0,0.0,-3.6165164369034994,6.73109243697479,0.3651908801696713,-8.794114385983072,0.11369717406443573,1.802990644551941,0.4588017345683755,0.0,-0.9903030963282768,-7.279352226720648,1.7227177334732424,-1.1288360519767764,1.0423266396601358,-1.2278269991831283,-0.9578510543315417,Advertising Agencies,Communication Services,FLNT
2012Q3,2012,Q3,2012-10-15,2012-09-30,-3812000.0,11183000.0,-3617000.0,-0.6323037552738977,494000.0,0.04417419297147456,39887000.0,3494000.0,26220000.0,35414000.0,35414000.0,0.0,-129675000.0,14192345.402533865,6915345.402533865,0.5795564850280689,0.7403851584119275,0.0,0.0,-1.0295330783914836,0.5795564850280689,-1.0910131654264454,1.2691000091687261,-0.9307676680570478,4.061919119214043,0.0,0.0,0.0,0.2803670368791837,0.48362229626701303,-0.0955699852082132,-8.632813505190915,0.04417419297147456,0.0,-3345.4395223979805,0.0,12.865139352338263,0.0,0.0,0.0,-0.6092796347645385,0.0,-0.9783404540987415,Advertising Agencies,Communication Services,FLNT
2012Q2,2012,Q2,2012-06-30,2012-06-30,0.0,0.0,0.0,0.0,0.0,0.0,39189000.0,-2039000.0,22138000.0,41228000.0,41228000.0,0.0,-125863000.0,16271478.80530692,16068478.80530692,-0.3382128428655502,0.5369651693024158,0.07583760749189823,-1.4575772437469348,,-0.3382128428655502,0.0,0.0,0.0,-7.980126927565925,0.0,0.0,0.0,0.0,0.29812263510235765,0.0,-5.132958613661489,0.0,0.0,1.0,0.0,-2.4396536975836445,0.0,0.0,0.0,1.0,0.0,-1.0124569812351683,Advertising Agencies,Communication Services,FLNT
2011Q4,2011,Q4,2012-01-26,2011-12-31,-14524000.0,10041000.0,-15461000.0,-2.4091237517308737,-809000.0,-0.08056966437605816,50449000.0,-13453000.0,32859000.0,63902000.0,63902000.0,0.0,-135672000.0,5875811.79083877,1245811.7908387696,-2.2314749264689784,0.5142092579261995,0.0,0.0,1.0649392545340557,-2.2314749264689784,1.0796104958001933,0.5851819331579294,-0.1011396962069466,-0.4367659102682502,0.0,0.0,0.0,0.19903268647545044,0.3525711245344434,-0.287894705544213,-1.400670271952031,-0.08056966437605816,-39.120734908136484,-8.690612120824351,0.0,-1.020153320731607,-1.3258155457108336,-39.120734908136484,-34.17811158798283,-11.841342696761313,0.0,-1.0800338521277164,Advertising Agencies,Communication Services,FLNT
2011Q3,2011,Q3,2011-10-11,2011-09-30,381000.0,17221000.0,466000.0,0.06319720114358736,2483000.0,0.14418442599152198,,,,,,,,15096316.447139168,,,0.0,0.0,0.0,0.0,,0.0,0.8766225217547859,9.90571945350339,0.0,0.0,0.0,0.0,0.0,0.0,0.0,-124.76294584412535,0.14418442599152198,0.0,335.4683782879409,0.0,0.0,0.0,0.0,0.0,0.3874729284372441,0.0,0.0,Advertising Agencies,Communication Services,FLNT
2011Q2,2011,Q2,2011-06-30,2011-06-30,0.0,0.0,0.0,0.0,0.0,0.0,95466000.0,1537000.0,44161000.0,82706000.0,93929000.0,0.0,-121529000.0,17175449.849912222,19204449.849912222,0.25494513952150594,0.5339515875510845,0.10892883330190853,6.765777488614184,,0.25494513952150594,0.0,0.0,0.0,11.174658327854406,0.0,0.0,,0.0,0.34344545740333227,0.0,0.0,0.0,0.0,1.0,0.0,0.08521222814421828,0.0,0.0,0.0,-1.0,0.0,-0.990902515619331,Advertising Agencies,Communication Services,FLNT
2010Q2,2010,Q2,2010-06-30,2010-06-30,-105000.0,12231000.0,-360000.0,-0.02528681266228715,4359000.0,0.3563895020848663,,,,,,,,18927627.50466431,,,0.0,0.0,0.0,0.0,,0.0,1.5475126730982185,-45.06577977301026,0.0,0.0,0.0,0.0,0.0,0.0,0.0,-30.577750411412456,0.3563895020848663,0.968391484172141,0.5694515555243016,0.0,0.0,0.9010030527692978,0.9687127532777116,0.41272430668841764,0.5694515555243016,0.0,0.0,Advertising Agencies,Communication Services,FLNT
2010Q1,2010,Q1,2010-03-31,2010-03-31,-3356000.0,8472000.0,-613000.0,-0.8,2293000.0,0.27065627950897075,93303000.0,41984000.0,45266000.0,51102000.0,51319000.0,0.0,-78930000.0,29325370.245789945,9097370.245789945,10.110871836318703,0.885797033384212,0.006623581235330054,0.014719893292682926,-0.016264557082497577,10.110871836318703,-0.07993521341463415,3.461445968577661,-2.184547843101158,0.6984891922110791,0.0,0.0,0.0,0.09080093887656346,0.7484638566005244,-0.035968832727779385,-7.129922257668356,0.27065627950897075,0.9259015189262388,-5.963292402490954,0.0,-0.6378764092553151,-0.7631687667837224,0.8363983536292485,0.8956125601419805,-5.963292402490954,0.0,-0.6378764092553151,Advertising Agencies,Communication Services,FLNT
2009Q4,2009,Q4,2009-12-31,2009-12-31,-20513241.0,37741000.0,-5872354.0,-10.796442631578948,9682000.0,0.25653798256537985,99765000.0,48400000.0,50640000.0,51049000.0,51365000.0,0.0,-75574000.0,20825640.481850002,-7918359.518149998,25.473684210526315,0.9919880898744343,0.006555405202225229,0.013512396694214876,-0.15189054667471383,25.473684210526315,-0.4238272933884297,0.551804151502345,-0.25380729064034785,0.43028182813739674,0.0,0.0,0.0,0.37829900265624217,0.8860898352563223,-0.20561560667568787,-2.405264981233158,0.25653798256537985,-25.991106578947367,-35.46533309239539,0.0,-0.7699372186436515,0.0,-26.478083294598616,-6.076949960592249,-35.46533309239539,0.0,-0.7699372186436515,Advertising Agencies,Communication Services,FLNT
2009Q3,2009,Q3,2009-09-30,2009-09-30,-746531.0,0.0,-829786.0,-0.4,0.0,0.0,79446652.0,50839354.0,178831.0,2237306.0,28607298.0,0.0,-1757133.0,22421038.38477,22378808.38477,26.757554736842106,0.07993139963867259,0.0,0.0,-0.015026038032033165,26.757554736842106,-0.014684116560568413,0.0,-7.508408353025527,0.44101737376068934,0.0,0.0,0.0,0.0,0.07295828107554353,-0.009396632598186768,-413.2224770963342,0.0,-1.0,-2078.4642833391813,0.0,639.1398909998678,0.0,-0.8604392099006644,-0.7495145426369665,-2078.4642833391813,0.0,639.1398909998678,Advertising Agencies,Communication Services,FLNT
2009Q2,2009,Q2,2009-06-30,2009-06-30,-401266.0,0.0,-474295.0,-0.2,0.0,0.0,79493173.0,51585885.0,290603.0,1537296.0,27907288.0,0.0,-1010602.0,21965210.41248,21868721.41248,27.150465789473685,0.18903516303951873,0.0,0.0,-0.008104136490267618,27.150465789473685,-0.0077786006772976755,0.0,-13.684943661112577,0.4257988481244433,0.0,0.0,0.0,0.0,0.15435804165235584,-0.005047804545429329,-216.30372250049237,0.0,0.6,-2.5958924608421055,0.0,114.57003020276316,0.0,0.5938447025290446,0.47739831306848546,-2.5958924608421055,0.0,114.57003020276316,Advertising Agencies,Communication Services,FLNT
2009Q1,2009,Q1,2009-03-31,2009-03-31,-987962.0,0.0,-907565.0,-0.5,0.0,0.0,79619370.0,51987151.0,466171.0,1262227.0,27632219.0,0.0,-609336.0,21338446.9507,21140409.9507,27.36165842105263,0.36932421822699085,0.0,0.0,-0.01924045194632171,27.36165842105263,-0.019003965037437807,0.0,-5.399612270183469,0.41045617119314737,0.0,0.0,0.0,0.0,0.3598687082434459,-0.012408563393556116,-192.5209717937151,0.0,-1.6651479998765617,-4.19322673751507,0.0,-0.020034853911404395,0.0,-1.7716473139516289,-0.42807801546777025,-4.19322673751507,0.0,-0.020034853911404395,Advertising Agencies,Communication Services,FLNT
2008Q4,2008,Q4,2008-12-31,2008-12-31,-356453.0,0.0,-635515.0,-0.18760684210526316,0.0,0.0,79852731.0,52975113.0,596972.0,507626.0,26877618.0,0.0,378626.0,20540747.99924,20231873.99924,27.88163842105263,1.1760075331050812,0.0,0.0,-0.007917682692645896,27.88163842105263,-0.00672868786518681,0.0,-14.406350906879728,0.38774335411497846,0.0,0.0,0.0,0.0,1.0938624105148278,-0.004463879889092334,-117.72484109582132,0.0,-4.752136842105263,-1.5988947030254075,0.0,-0.7481900446395278,0.0,-5.118844029488572,-0.7642608879116974,-1.5988947030254075,0.0,-0.7481900446395278,Advertising Agencies,Communication Services,FLNT
2008Q3,2008,Q3,2008-09-30,2008-09-30,86542.0,0.0,-360216.0,0.05,0.0,0.0,79926141.0,53331566.0,883228.0,224583.0,26594575.0,0.0,0.0,20369812.50956,19886457.50956,28.069245263157896,3.9327464678982826,0.0,0.0,-0.016311205628660903,28.069245263157896,0.0016227162727604886,0.0,58.84371897333087,0.3819466413110764,0.0,0.0,0.0,0.0,3.6292506556596003,0.0010827746581684708,228.5815080633795,0.0,-0.5,242.06299404678364,0.0,670.5203904064606,0.0,-0.5562472118673182,-2.151330638811611,242.06299404678364,0.0,670.5203904064606,Advertising Agencies,Communication Services,FLNT
2008Q2,2008,Q2,2008-06-30,2008-06-30,195023.0,0.0,-114306.0,0.1,0.0,0.0,79665772.0,53245023.0,715548.0,50757.0,26420749.0,0.0,0.0,20854129.73013,20459888.73013,28.023696315789472,14.097523494296354,0.0,0.0,-0.0012916291986947576,28.023696315789472,0.003662746093658369,0.0,26.73291064403942,0.3916634561342945,0.0,0.0,0.0,0.0,12.883109718856513,0.0024480149392137945,-101.73192837797757,0.0,-0.33333333333333326,2.747672953578947,0.0,118.28706692260525,0.0,-0.36965930063058955,0.33455199594814083,2.747672953578947,0.0,118.28706692260525,Advertising Agencies,Communication Services,FLNT
2008Q1,2008,Q1,2008-03-31,2008-03-31,309393.0,0.0,-171773.0,0.15,0.0,0.0,79754273.0,53050000.0,849582.0,334281.0,26704273.0,0.0,453513.0,20369812.50956,19770580.50956,27.92105263157895,2.541520457339783,0.0,0.0,-0.0019481281374793028,27.92105263157895,0.0058321017907634306,0.0,16.45949690972323,0.38397384560904807,0.0,0.0,0.0,0.0,2.3768924946377448,0.0038793281959952166,42.8754212534388,0.0,-0.5211570940285504,0.0,0.0,0.0,0.0,1.0735406474096911,-0.7932809253865347,0.0,0.0,0.0,Advertising Agencies,Communication Services,FLNT
2007Q4,2007,Q4,2007-12-31,2007-12-31,149210.0,0.0,-95787.0,0.31325513676701217,0.0,0.0,79280230.0,52740607.0,465230.0,169631.0,26539623.0,0.0,144120.0,5142326.105534746,5018187.105534746,110.72492499805803,2.7426001143658882,0.0,0.0,,110.72492499805803,0.0028291293651588043,0.0,8.615920691533319,0.09750221694518507,0.0,0.0,0.0,0.0,2.4522286610348343,0.0018820581120917535,-173.63924043676334,0.0,2.6487112461421694,0.0,0.0,0.0,0.0,1658.888888888889,-1063.3,0.0,0.0,0.0,Advertising Agencies,Communication Services,FLNT
2007Q3,2007,Q3,2007-09-30,2007-09-30,-90.0,0.0,-90.0,-0.19,0.0,0.0,477275.0,19910.0,477275.0,457365.0,457365.0,0.0,-5090.0,5142326.105534746,5160506.105534746,0.041799542745333505,1.0435319711827533,0.4190456235922686,10.045203415369162,,0.041799542745333505,-0.0045203415369161224,0.0,-14284.239182040963,258.27855879129817,0.0,0.0,0.0,0.0,0.39753807134345653,-0.00018857053061652087,2260.3631233119763,0.0,-10.117612638970158,0.0,0.0,0.0,0.0,0.982,0.982,0.0,0.0,0.0,Advertising Agencies,Communication Services,FLNT
2007Q2,2007,Q2,2007-06-30,2007-06-30,-5000.0,0.0,-5000.0,-0.01709,0.0,0.0,255000.0,20000.0,255000.0,235000.0,235000.0,0.0,-5000.0,919089.5390765672,894089.5390765672,0.23492652672876557,1.0851063829787233,0.7843137254901961,10.0,,0.23492652672876557,-0.25,0.0,-45.95447695382836,45.95447695382836,,0.0,,0.0,0.9574468085106383,-0.0196078431372549,0.0,0.0,0.0,0.0,0.0,0.0,0.0,0.0,0.0,0.0,0.0,0.0,Advertising Agencies,Communication Services,FLNT
2010Q4,2010,Q4,2010-12-31,2010-12-31,,,,,,,86900000.0,500000.0,35800000.0,75300000.0,86400000.0,0.0,-122200000.0,0.0,-6900000.0,0.0,0.4754316069057105,0.00805523590333717,1.4,,0.0,,0.0,0.0,0.0,0.0,0.0,,,0.35325365205843295,,0.0,0.0,0.0,-1.0,0.0,-1.0,0.0,0.0,0.0,-1.0,0.0,-1.0,Advertising Agencies,Communication Services,FLNT
