Quarters,Year,Quarter,FillingDate,Date,NetIncome,Revenue,OperatingIncome,EPSDiluted,GrossProfit,GrossProfitRatio,TotalAssets,CommonStockEquity,CurrentAssets,CurrentLiability,TotalLiability,Inventory,RetainedEarnings,MarketCap,EnterpriseValue,bookValuePerShare,currentRatio,debtToAssets,debtToEquity,roic,shareholdersEquityPerShare,roe,priceToSalesRatio,peRatio,pbRatio,payoutRatio,inventoryTurnover,dividendYield,assetTurnover,quickRatio,returnOnAssets,priceToFreeCashFlowsRatio,grossProfitMargin,epsdilutedGrowth,fiveYNetIncomeGrowthPerShare,fiveYRevenueGrowthPerShare,fiveYShareholdersEquityGrowthPerShare,grossProfitGrowth,netIncomeGrowth,operatingIncomeGrowth,threeYNetIncomeGrowthPerShare,threeYRevenueGrowthPerShare,threeYShareholdersEquityGrowthPerShare,Industry,Sector,Symbol
2023Q1,2023,Q1,2023-05-04,2023-03-31,119452000.0,388929000.0,197934000.0,0.95,388929000.0,1.0,32004856000.0,2665524000.0,12921680000.0,0.0,1507776000.0,0.0,117313000.0,7336867557.45,7151579557.45,21.198873249670207,0.0,0.04711085092837162,0.5656583846178087,0.03728118667404172,21.198873249670207,0.04481370267159478,18.864285145746397,15.35526311290309,2.7525047823429842,0.2826156112915648,0.0,0.004601282459531445,0.012152187155599138,0.0,0.003732308622166586,76.41535581067147,1.0,-0.09523809523809532,0.2885356420944119,0.33232357432334014,0.07416878980216571,-0.028576067137897444,-0.0925031148387881,0.00035883414281598884,1.3909715190483924,0.2962907758616309,-0.1489560478373256,Banks—Regional,Financial Services,CBSH
2022Q4,2022,Q4,2023-02-22,2022-12-31,131628000.0,400370000.0,197863000.0,1.05,400370000.0,1.0,31875931000.0,2465291000.0,13079952000.0,0.0,29394354000.0,0.0,31620000.0,8533255199.999999,7701291199.999999,19.665690810465858,0.0,0.0003034264316860267,0.0039232690988609455,0.06354380543408684,19.665690810465858,0.05339247983300957,21.313423083647624,16.207142857142856,3.46135819260282,0.24043516577020088,0.0,0.0037087839585531208,0.012560260592859232,0.0,0.0041293852719156655,120.11056654233231,1.0,0.08247422680412379,0.5210925181495417,0.27859613874369565,-0.010487795261961237,0.03109217943996477,0.07168852739307785,0.14337309016942884,0.26587004818488025,0.18982587585303473,-0.19162716693876497,Banks—Regional,Financial Services,CBSH
2022Q3,2022,Q3,2022-11-04,2022-09-30,122823000.0,388297000.0,173052000.0,0.97,388297000.0,1.0,32602596000.0,2351594000.0,13619631000.0,0.0,30231489000.0,0.0,353446000.0,7866090227.625,6880800227.625,18.836900906962725,0.0,5.61611719508471e-05,0.0007786207993386614,0.05794782734879448,18.836900906962725,0.05222967910277029,20.257921713598098,16.01102852809531,3.3450035285108743,0.25842065411201487,0.0,0.0040350414350107475,0.011910002504095072,0.0,0.0037672766917088442,47.39636443822154,1.0,0.06593406593406587,0.8009325368087932,0.40668707483911537,-0.04795379332180606,0.04145466834387849,0.06070262707912327,0.12675799562454423,0.19514223608368353,0.209846781953543,-0.19431349124584493,Banks—Regional,Financial Services,CBSH
2022Q2,2022,Q2,2022-08-05,2022-06-30,115794000.0,372841000.0,153584000.0,0.91,372841000.0,1.0,33435370000.0,2658846000.0,14306562000.0,0.0,30760057000.0,0.0,262363000.0,7855349553.45,6820856553.45,21.162795417778494,0.0,0.00018019839469400218,0.002266020672126178,0.04550550579461387,21.162795417778494,0.04355047264866036,21.068899486510336,16.959750836507073,2.9544206597335836,0.27579149178713924,0.0,0.004065382422857864,0.011151095381926384,0.0,0.0034632187411115832,52.980748060606466,1.0,-0.04210526315789466,0.5998721559793423,0.3225910911309657,0.10549066898466582,0.07225107702218464,-0.035259027210770996,0.003475942816820427,0.14263101584275628,0.17254395043418935,-0.10600541786396309,Banks—Regional,Financial Services,CBSH
2022Q1,2022,Q1,2022-05-05,2022-03-31,120026000.0,347718000.0,153052000.0,0.95,347718000.0,1.0,34986793000.0,2960640000.0,16367856000.0,0.0,32013391000.0,0.0,178504000.0,8614001176.199999,7035696176.199999,23.43387140435111,0.0,0.0002588691109813923,0.0030591358625162127,0.04071593206543794,23.43387140435111,0.04054055879809771,24.772951576277325,17.941948361604986,2.909506450024319,0.26780030993284787,0.0,0.0037314831217819307,0.009938550240943776,0.0,0.0034306088014411608,79.08775651367554,1.0,0.05555555555555548,0.8133230531693845,0.2751852142846606,0.24995941262482416,0.00598293071025604,0.04046533400371019,0.010297573469226098,0.32707106452543144,0.1533319129238623,0.046744921259027614,Banks—Regional,Financial Services,CBSH
2021Q4,2021,Q4,2022-02-23,2021-12-31,115358000.0,345650000.0,151492000.0,0.9,345650000.0,1.0,36689088000.0,3437298000.0,21491155000.0,0.0,33240764000.0,0.0,92493000.0,8402811142.0149,4138615142.0149,26.780151686551015,0.0,0.0003423361191207587,0.0036540329060791355,0.03396991639368892,26.780151686551015,0.03356066305569084,24.31017255031072,18.210291314895585,2.444597803860736,0.26429896496125105,0.0,0.0036284285680957336,0.009421057290930753,0.0,0.0031442046201857077,91.0715880390924,1.0,-0.054999999999999924,0.7155356874699096,0.24163994180290196,0.46604745679839177,-0.05210735744588661,-0.05877073457298815,0.0,0.1146161711337557,0.08289260746285432,0.24237125013001373,Banks—Regional,Financial Services,CBSH
2021Q3,2021,Q3,2021-11-05,2021-09-30,122561000.0,364651000.0,0.0,0.9523809523809523,364651000.0,1.0,34497543000.0,3480670000.0,19567294000.0,0.0,31006322000.0,0.0,396655000.0,8133379600.29,5904380600.29,27.04713415787901,0.0,0.000116124212092438,0.0011509278386057857,0.0,27.04713415787901,0.035211898858553095,22.3045586061467,16.5904725,2.3367281587424262,0.2500387562111928,0.0,0.0037678064354585558,0.010570346995436748,0.0,0.00355274577090896,56.70428835563147,1.0,-0.23913043505045403,0.8784156532552474,0.32739684257810653,0.4309207261584677,0.0019839034536956383,-0.24496999864470265,0.0,0.15651702807330997,0.15365484332606913,0.31907926129342223,Banks—Regional,Financial Services,CBSH
2021Q2,2021,Q2,2021-08-05,2021-06-30,162326000.0,363929000.0,0.0,1.251700680712739,363929000.0,1.0,33856162000.0,3485620000.0,19825479000.0,0.0,30362332000.0,0.0,304739000.0,8770306798.887901,6252734798.887901,26.877720851440536,0.0,6.480356515307317e-05,0.0006294432554323191,0.0,26.877720851440536,0.04657019411180794,24.09895006687541,13.507242830612318,2.516139682147767,0.18949521333612607,0.0,0.003507288935878555,0.010749269217225509,0.0,0.0047945777197072725,76.68631235583916,1.0,0.2321428575766026,1.4350995590134645,0.3264993876101122,0.4491446535508666,0.03493001484447427,0.23939467977888404,0.0,0.5342584741510035,0.14057420386616973,0.31316728511021136,Banks—Regional,Financial Services,CBSH
2021Q1,2021,Q1,2021-05-06,2021-03-31,130972000.0,351646000.0,0.0,1.0158730158730158,351646000.0,1.0,33269786000.0,3312590000.0,20030652000.0,0.0,29952401000.0,0.0,173173000.0,8958715058.9625,6606712058.9625,25.693818377973653,0.0,0.00011394723128065808,0.001144421736466028,0.0,25.693818377973653,0.039537642750838466,25.47651632312752,17.10043951944404,2.7044442744083934,0.23515713282228262,0.0,0.0034378814146106803,0.010569529963312658,0.0,0.003936664936768755,46.91925200698914,1.0,0.00900900923095866,1.1234430226091094,0.32259153835112814,0.43775292164533286,-0.015512882607709687,0.008337888504800252,0.0,0.37788271566568027,0.1748322224955419,0.3019322992977455,Banks—Regional,Financial Services,CBSH
2020Q4,2020,Q4,2021-02-24,2020-12-31,129889000.0,357187000.0,0.0,1.006802720866971,357187000.0,1.0,32922974000.0,3397047000.0,19800447000.0,0.0,29523002000.0,0.0,73000000.0,7688019877.9496,5503895877.9496,26.33137643090874,0.0,2.4359889237223832e-05,0.00023608740179338112,0.0,26.33137643090874,0.03823585602436469,21.52379531715768,14.797288219074748,2.2631479275822795,0.2323368414569363,0.0,0.00392532804013099,0.010849171766803327,0.0,0.003945238968994721,52.0632225070571,1.0,-0.01803429680247812,1.1692713274985373,0.37254967068516764,0.5302860132470955,-0.012447157640956734,-0.01932079004590481,0.0,0.45851436362728315,0.10840504607619646,0.3249073524571761,Banks—Regional,Financial Services,CBSH
2020Q3,2020,Q3,2020-11-05,2020-09-30,132448000.0,361689000.0,0.0,1.0252931620611327,361689000.0,1.0,31453817000.0,3305663000.0,19238259000.0,0.0,28147553000.0,0.0,326890000.0,6281459027.9956,4752928027.9956,25.58946654333134,0.0,2.4861847450819722e-05,0.00023656373925593746,0.0,25.58946654333134,0.04006700017515397,17.367017045018233,11.856462589083263,1.9002115545340221,0.24480550857695096,0.0,0.0051618580739746425,0.011499049543017307,0.0,0.004210872085890244,27.654569992056,1.0,2.3019098879819158,1.1821997376503663,0.41136868761463413,0.48776283576665014,0.14298309648183086,2.322579835938088,0.0,0.8768030216420398,0.26626414141850946,0.29333135391140946,Banks—Regional,Financial Services,CBSH
2020Q2,2020,Q2,2020-08-06,2020-06-30,39863000.0,316443000.0,0.0,0.31051518570901354,316443000.0,1.0,30496121000.0,3357867000.0,19513327000.0,0.0,27137952000.0,0.0,232082000.0,6578953389.6832,4784192389.6832,26.22023237636991,0.0,4.836680704408276e-05,0.0004392669513116511,0.0,26.22023237636991,0.011871524393312778,20.790326819310902,41.259773409447355,1.9592656259712489,0.8133858465243459,0.0,0.004928443489331565,0.010376500014542833,0.0,0.0013071498503039124,45.73259132112584,1.0,-0.2184916184020437,-0.4053642827242553,0.25396240501854483,0.6123000657339782,0.016106503289695498,-0.23128989336058778,0.0,-0.459665871501321,0.10126190951032993,0.3696783273884389,Banks—Regional,Financial Services,CBSH
2020Q1,2020,Q1,2020-05-11,2020-03-31,51857000.0,311427000.0,0.0,0.39732803002585937,311427000.0,1.0,26793017000.0,3251015000.0,17413929000.0,0.0,23540553000.0,0.0,224643000.0,5676629249.341801,5557749249.341801,24.909257854191424,0.0,0.028233513232197777,0.23268456159076473,0.0,24.909257854191424,0.015951018374261577,18.227800573944457,27.36674532532638,1.7461098301120728,0.6275334091829454,0.0,0.005732627334042155,0.011623439047569746,0.0,0.0019354669912686577,78.63020817992908,1.0,-0.5179614767217323,-0.07311302909630893,0.31422597157197146,0.47787350464552825,-0.0995888652449461,-0.514811002994012,0.0,-0.24161346496478694,0.10556869485069816,0.3286563188430005,Banks—Regional,Financial Services,CBSH
2019Q4,2019,Q4,2020-02-25,2019-12-31,106880000.0,345872000.0,0.0,0.8242661340087393,345872000.0,1.0,26065789000.0,3134684000.0,16848579000.0,0.0,22927317000.0,0.0,201562000.0,7562296827.186501,6677249827.186501,24.327500883464452,0.0,9.276527175141332e-05,0.0007713696181178071,0.0,24.327500883464452,0.034095940771063364,21.86443778966352,17.68875567736363,2.4124590635568053,0.2824008233532934,0.0,0.003991247724036954,0.013269193577834916,0.0,0.004100393815050065,61.820846158514954,1.0,0.0012908339138860644,0.9057155745968021,0.4440286234201193,0.5045415366956171,0.01379981475184955,-0.0216217205836583,0.0,0.5832750452462901,0.23760598626363785,0.33178001446402483,Banks—Regional,Financial Services,CBSH
2019Q3,2019,Q3,2019-11-04,2019-09-30,109242000.0,341164000.0,0.0,0.8232035149935554,341164000.0,1.0,25876479000.0,3102600000.0,16514736000.0,0.0,22770465000.0,0.0,463231000.0,6621494017.6035,6022494017.6035,23.37993835355454,0.0,0.00994660054020487,0.082957197189454,0.0,23.37993835355454,0.035209824018565074,19.408536708455465,15.153269844939446,2.1341758581845873,0.27684407096171804,0.0,0.004567398221549065,0.01318432851702892,0.0,0.004221671735169225,56.862239090439516,1.0,0.02058062226322373,0.7268695263907522,0.36195571681832167,0.4629867669588635,0.0070280976318174175,0.011771679432440191,0.0,0.623634286797567,0.2043306452312055,0.2369088041315776,Banks—Regional,Financial Services,CBSH
2019Q2,2019,Q2,2019-08-05,2019-06-30,107971000.0,338783000.0,0.0,0.8066031208470645,338783000.0,1.0,25772174000.0,3168731000.0,16407343000.0,0.0,22600811000.0,0.0,384232000.0,6611973356.2292,5667973356.2292,23.672174127961554,0.0,0.00017499493833931124,0.0014232826958173476,0.0,23.672174127961554,0.03407389267186139,19.516839263567537,15.309604792558188,2.0866313222009696,0.2864843337562864,0.0,0.004678179770772773,0.013145301595433896,0.0,0.004189440906304606,65.76002621887476,1.0,0.12673116166214907,0.7875802547640002,0.3992145963317634,0.5445524094127708,0.04626269676315538,0.11152175255821614,0.0,0.5691921708650581,0.1963338001860222,0.27631374568807826,Banks—Regional,Financial Services,CBSH
2019Q1,2019,Q1,2019-05-07,2019-03-31,97138000.0,323803000.0,0.0,0.7158789499148732,323803000.0,1.0,25033471000.0,3037755000.0,15730845000.0,0.0,21990258000.0,0.0,307193000.0,6610910856.629,6018837856.629,22.387375308365275,0.0,8.077185940375587e-05,0.0006656231328727958,0.0,22.387375308365275,0.031976903996536916,20.416459565319034,17.014224239301303,2.1762488603027563,0.32024542403590767,0.0,0.004705554298740374,0.012934802369196025,0.0,0.0038803248658565966,50.504292324015644,1.0,-0.11218726924606325,0.6575570405277857,0.33726775930125186,0.46835976863067774,-0.042507200350111476,-0.11412468536825594,0.0,0.49637616671909135,0.15715196857966682,0.2527337814906448,Banks—Regional,Financial Services,CBSH
2018Q4,2018,Q4,2019-02-21,2018-12-31,109652000.0,338178000.0,0.0,0.8063400367180406,338178000.0,1.0,25463842000.0,2931298000.0,16327840000.0,0.0,22526693000.0,0.0,241163000.0,6306505950.355801,5117439950.355801,21.55567563540164,0.0,0.00034173947513497767,0.002968650747893936,0.0,21.55567563540164,0.0374073192149007,18.64848083067438,14.37845627611854,2.1514380149530345,0.24830372451026886,0.0,0.004317287609704691,0.01328071388441697,0.0,0.004306184432027186,67.08121164472786,1.0,-0.020826717616113093,0.8128957357000385,0.4010570723482734,0.4450473609552891,0.007159577573010418,-0.025973564525298466,0.0,0.7373516143201909,0.23284205052772963,0.2527392564342264,Banks—Regional,Financial Services,CBSH
2018Q3,2018,Q3,2018-11-05,2018-09-30,112576000.0,335774000.0,0.0,0.8234906438163141,335774000.0,1.0,25062392000.0,2803093000.0,15756883000.0,0.0,22254582000.0,0.0,493641000.0,7023373127.691199,6247151127.691199,20.50455567875274,0.0,6.120724629955513e-05,0.0005472526241548176,0.0,20.50455567875274,0.040161350336931384,20.916965362687996,15.5969592268583,2.5055797748027624,0.24258278851620238,0.0,0.0038883026009722075,0.01339752406713613,0.0,0.0044918298301295425,46.57378351397669,1.0,0.010038480135336186,0.7885059722145531,0.39084863627249267,0.3952580003717971,0.009136427296278709,0.020357110486721654,0.0,0.752689998166385,0.238119153056035,0.19212785663584855,Banks—Regional,Financial Services,CBSH
2018Q2,2018,Q2,2018-08-06,2018-06-30,110330000.0,332734000.0,0.0,0.8153062086366983,332734000.0,1.0,24524742000.0,2767987000.0,15485671000.0,0.0,21753359000.0,0.0,408374000.0,6856725328.792,6364730328.792,20.467857489447542,0.0,0.00037884190585980474,0.0033565909088445864,0.0,20.467857489447542,0.03985929124667132,20.607227781927907,15.53685608808121,2.4771522874897896,0.24785643070787636,0.0,0.003988201173112727,0.013567278302051048,0.0,0.004498722147617292,50.586339066671584,1.0,0.10584327025060834,0.8457056910289588,0.4057469874700297,0.44906620517716217,0.04635965684671312,0.09254931474292957,0.0,0.5585111831741306,0.2485947267582038,0.2585825900387668,Banks—Regional,Financial Services,CBSH
2018Q1,2018,Q1,2018-05-07,2018-03-31,100984000.0,317992000.0,0.0,0.7372710315919652,317992000.0,1.0,24611242000.0,2703122000.0,15508138000.0,0.0,21905514000.0,0.0,325390000.0,6429507925.062,5880976925.062,19.735141675056948,0.0,0.0003743817561096673,0.003408651181855647,0.0,19.735141675056948,0.03735828423578366,20.219087036975775,15.917145104823536,2.378548924192841,0.2708943991127307,0.0,0.004254757956416424,0.012920599456134722,0.0,0.004103165537115112,46.25312340430338,1.0,0.06805471663264684,0.775533225933828,0.37529319576626274,0.3332282869186207,-0.06864384689056875,0.07025594828043029,0.0,0.7199061294149144,0.27868262423546003,0.17089168865321008,Banks—Regional,Financial Services,CBSH
2017Q4,2017,Q4,2018-02-22,2017-12-31,94355000.0,341429000.0,0.0,0.690293315605053,341429000.0,1.0,24833415000.0,2716560000.0,15501712000.0,0.0,22115231000.0,0.0,221374000.0,5980412570.4462,5513100570.4462,19.8741265810583,0.0,7.079171350376096e-05,0.0006471419736725859,0.0,19.8741265810583,0.03473326560061254,17.515830730389627,15.845510493471995,2.2014652981882232,0.2665147580944306,0.0,0.0042048938436573076,0.013748773577858704,0.0,0.003799517706284053,65.75856364226951,1.0,0.26358453230085016,0.5402946245353503,0.43397253773055416,0.3667584426023683,0.13132380813529668,0.26542299232873773,0.0,0.5859576176051927,0.34377272819381655,0.22912127677992833,Banks—Regional,Financial Services,CBSH
2017Q3,2017,Q3,2017-11-07,2017-09-30,74564000.0,301796000.0,0.0,0.5462976935528832,301796000.0,1.0,24979141000.0,2700544000.0,15264324000.0,0.0,22274664000.0,0.0,440261000.0,5883906532.728001,5419313532.728001,19.78570028936619,0.0,0.004105545502945838,0.0379749413451512,0.0,19.78570028936619,0.02761073324485733,19.496303903060348,19.727705503755164,2.1787856567891506,0.3373746043667185,0.0,0.0042753908241191475,0.012081920671331332,0.0,0.00298505060682431,51.815021070907754,1.0,-0.05169347164592596,0.2342549557871684,0.2757407658577781,0.28151232531713144,-0.01868362695176594,-0.055673758865248224,0.0,0.14599223736193545,0.171374764600246,0.23807929946727555,Banks—Regional,Financial Services,CBSH
2017Q2,2017,Q2,2017-08-07,2017-06-30,78960000.0,307542000.0,0.0,0.5760771198117379,307542000.0,1.0,25078843000.0,2623883000.0,15033954000.0,0.0,22450636000.0,0.0,390853000.0,5812569517.6668005,5399865517.6668005,19.143350560539233,0.0,0.0040633054722660055,0.03883671642371249,0.0,19.143350560539233,0.030092805205110137,18.90008362326707,18.40352557518617,2.21525484088536,0.3185536980749747,0.0,0.004327346094278897,0.012263005912992078,0.0,0.0031484706052827076,93.67255717248115,1.0,0.09956785458314721,0.22124204631047892,0.2572558114091198,0.28922436706371196,0.04404770391795415,0.104273886775565,0.0,0.2766924124328695,0.24047456639458478,0.2490575674495651,Banks—Regional,Financial Services,CBSH
2017Q1,2017,Q1,2017-05-05,2017-03-31,71504000.0,294567000.0,0.0,0.5239122964631703,294567000.0,1.0,25308171000.0,2558703000.0,15033496000.0,0.0,22744606000.0,0.0,337046000.0,5719571598.5425,5285151598.5425,18.747705859618016,0.0,0.004029331080464092,0.039854176119698145,0.0,18.747705859618016,0.027945408279116412,19.41687832833447,19.997383358072625,2.2353401698213897,0.35191038263593644,0.0,0.004399455372918525,0.01163920537758339,0.0,0.0028253325773719483,42.10241958750156,1.0,3.4039176855147576e-05,0.2014164146029181,0.2805191985441465,0.2885503595325511,-0.005956157283047393,-0.001047793347210774,0.0,0.2130745166671393,0.20948201535689073,0.2296384305532434,Banks—Regional,Financial Services,CBSH
2016Q4,2016,Q4,2017-02-23,2016-12-31,71579000.0,296332000.0,0.0,0.5238944635268729,296332000.0,1.0,25641424000.0,2495783000.0,15434032000.0,0.0,23140292000.0,0.0,292849000.0,5893982904.5581,5229066904.5581,18.266906410406722,0.0,0.003979849169063309,0.040888570841295095,0.0,18.266906410406722,0.02867997738585446,19.889795582515895,20.585586919900038,2.3615766693490983,0.3356571061344808,0.0,0.004076360652729335,0.011556768454045298,0.0,0.00279153763067137,73.49014232438623,1.0,0.03329613937192384,0.22406762325040344,0.19180014274623247,0.2118869032046077,0.026802080409706268,0.04426289299000657,0.0,0.17787284656888422,0.22192778695285748,0.22457515819283883,Banks—Regional,Financial Services,CBSH
2016Q3,2016,Q3,2016-11-07,2016-09-30,68545000.0,288597000.0,0.0,0.5070128916239981,288597000.0,1.0,24734468000.0,2555421000.0,14674049000.0,0.0,22173655000.0,0.0,515081000.0,4732905143.5483,4380615143.5483,18.901909563146315,0.0,0.0041001488287518454,0.03968622000054003,0.0,18.901909563146315,0.026823368830419723,16.399703197012787,17.262036412387115,1.8521038778143797,0.35045590488000583,0.0,0.005075529568291854,0.011667807045617476,0.0,0.002771234052820542,93.79518714919341,1.0,-0.013640491630308766,0.19805566768638735,0.2501862628628993,0.3721809229313005,0.003274756218386609,-0.01928662383929721,0.0,0.10116076177942308,0.20880147827743847,0.2862039516229257,Banks—Regional,Financial Services,CBSH
2016Q2,2016,Q2,2016-08-05,2016-06-30,69893000.0,287655000.0,0.0,0.5140244376637243,287655000.0,1.0,24709693000.0,2521916000.0,14858185000.0,0.0,22182872000.0,0.0,470558000.0,4628709030.816,4121064030.816,18.547300150872825,0.0,0.004203937296995151,0.04119011101083462,0.0,18.547300150872825,0.027714245835309344,16.09118225240653,16.55641133881791,1.8353938159780103,0.34355371782581945,0.0,0.005187623555539609,0.011641382998971295,0.0,0.0028285661015699385,52.16446001843733,1.0,0.07444689797319755,0.15389254371788172,0.2202916515715022,0.3498161406878475,0.02076265773374402,0.06912534034937437,0.0,0.1629050593714373,0.20871427913705043,0.3130961977707478,Banks—Regional,Financial Services,CBSH
2016Q1,2016,Q1,2016-05-06,2016-03-31,65374000.0,281804000.0,0.0,0.47840841518865534,281804000.0,1.0,24506952000.0,2442028000.0,14318501000.0,0.0,22059670000.0,0.0,424677000.0,4365263861.5234,3921937861.5234003,17.87081632118696,0.0,0.00423577766831224,0.04250811211009865,0.0,17.87081632118696,0.026770372821278053,15.49042547842969,16.693424991293938,1.7875568427239166,0.3672713922966317,0.0,0.005500240251598659,0.01149894119839954,0.0,0.0026675695941298615,23.158512753778087,1.0,0.030785512711493736,0.22886148594593253,0.24021378889552283,0.3414183356046859,0.01772506645094187,0.02611834876785434,0.0,0.15212723725373276,0.2216460750833267,0.20728182356282315,Banks—Regional,Financial Services,CBSH
2015Q4,2015,Q4,2016-02-24,2015-12-31,63710000.0,276896000.0,0.0,0.46412023577067574,276896000.0,1.0,24604962000.0,2361990000.0,14251936000.0,0.0,22237544000.0,0.0,383313000.0,4150001848.7872,3765605848.7872,17.20683336511487,0.0,0.004219392820033618,0.04395361538363837,0.0,17.20683336511487,0.026973018514049592,14.987583239870565,16.284734926962802,1.7569938267254308,0.36367917124470256,0.0,0.005583130042886902,0.011253665012772626,0.0,0.002589315114569167,3929.925993169697,1.0,-0.012181980374550778,0.10847326309634144,0.0945259790484034,0.25850595266221066,0.014984897803583473,-0.013960255060979384,0.0,0.03562048952782107,0.1580071968993342,0.18332670753124267,Banks—Regional,Financial Services,CBSH
2015Q3,2015,Q3,2015-11-05,2015-09-30,64612000.0,272808000.0,0.0,0.4698438645072056,272808000.0,1.0,23967648000.0,2365305000.0,13865899000.0,0.0,21596605000.0,0.0,555877000.0,4240629554.2856,3918260554.2856,17.19996354805098,0.0,0.004332131379766592,0.043897510046273104,0.0,17.19996354805098,0.02731656171191453,15.544373897706812,16.4080571499319,1.792846822834941,0.35884974927258095,0.0,0.005467584400662425,0.01138234339890172,0.0,0.0026958006058833976,54.316906884486116,1.0,-0.10244405745406324,0.3223293743313042,0.2047190041611508,0.3225811659668028,-0.025309762336901378,-0.13101018116283136,0.0,0.06152218357069741,0.14458029268152028,0.11403513443894371,Banks—Regional,Financial Services,CBSH
2015Q2,2015,Q2,2015-08-06,2015-06-30,74353000.0,279892000.0,0.0,0.52347028439752,279892000.0,1.0,23705935000.0,2309921000.0,13857532000.0,0.0,21390575000.0,0.0,514451000.0,4496346336.9307995,3925715336.9307995,16.26262563255153,0.0,0.0043804642170831905,0.044955217083181634,0.0,16.26262563255153,0.032188546707874424,16.06457611125291,15.118241150090784,1.9465368456024252,0.3174451602490821,0.0,0.005249373209117911,0.011806832339665152,0.0,0.003136471942574718,49.358328981852104,1.0,0.22115167106583897,0.3713777141893579,0.16183702157821203,0.28050642005334114,0.08233983890115584,0.2178036196871673,0.0,0.10971934178840577,0.10415426337673186,0.09521962582342042,Banks—Regional,Financial Services,CBSH
2015Q1,2015,Q1,2015-05-07,2015-03-31,61055000.0,258599000.0,0.0,0.42866934288402314,258599000.0,1.0,24049483000.0,2400614000.0,13503807000.0,0.0,21644076000.0,0.0,463701000.0,4079725642.2314,3643758642.2314,16.854796960559877,0.0,0.00431834646923595,0.04326143228357412,0.0,16.854796960559877,0.02543307670454309,15.776262252488989,16.705125060320203,1.699450908072435,0.393120956514618,0.0,0.0058832387530040236,0.010752788323973535,0.0,0.0025387240133187064,46.92468130743944,1.0,-0.015126765619047394,0.5251320395560907,0.13091083004716192,0.375028080610698,-0.03464971386548505,-0.026624153049023516,0.0,-0.016991218555160247,0.07721348511501806,0.15844865745189837,Banks—Regional,Financial Services,CBSH
2014Q4,2014,Q4,2015-02-24,2014-12-31,62725000.0,267881000.0,0.0,0.43525331780740856,267881000.0,1.0,23994280000.0,2330193000.0,13844246000.0,0.0,21660034000.0,0.0,426648000.0,4242022291.836,3277848291.836,16.16937803983416,0.0,0.004336783600091355,0.044656386831477046,0.0,16.16937803983416,0.02691837113921465,15.835472810076116,16.907223163953766,1.820459632243338,0.3653407732164209,0.0,0.00540214039989914,0.011164369174653292,0.0,0.002614164709255706,64.51352452833288,1.0,-0.08695033713633038,0.31277696341522565,0.015980626595631004,0.2843487921030051,-0.007837124116193884,-0.08007626310772165,0.0,0.016959585900607137,0.02143334776783823,0.07272994338415224,Banks—Regional,Financial Services,CBSH
2014Q3,2014,Q3,2014-11-06,2014-09-30,68185000.0,269997000.0,0.0,0.476702785741456,269997000.0,1.0,22701545000.0,2285831000.0,13201102000.0,0.0,20412676000.0,0.0,583490000.0,4116336000.0176,3536716000.0176,15.980963657077249,0.0,0.004628627699127967,0.045968840216096464,0.0,15.980963657077249,0.02982941433553049,15.24585828737949,15.092527682106036,1.8008050464000183,0.3293099655349417,0.0,0.005454851110284484,0.011893331489112305,0.0,0.003003540067427129,72.02057562798706,1.0,0.05646068631487345,0.43005896207572963,0.10480196004639614,0.3392928941076359,0.012369796548905503,0.02486059130330222,0.0,0.12643383290997634,0.10549675736168579,0.1601353496609196,Banks—Regional,Financial Services,CBSH
2014Q2,2014,Q2,2014-08-05,2014-06-30,66531000.0,266698000.0,0.0,0.4512262424116148,266698000.0,1.0,23005179000.0,2259775000.0,13119574000.0,0.0,20743026000.0,0.0,537759000.0,4419557126.5326,3989267126.5326004,15.326235603077766,0.0,0.00456836262825862,0.046507285017313674,0.0,15.326235603077766,0.029441426690710357,16.571392085927155,16.60713474370068,1.9557509603976502,0.3206174565240264,0.0,0.004826501703516934,0.011592954786398315,0.0,0.0028920009707379367,57.58530680320791,1.0,0.044776125523364095,0.8612439475825177,0.08910223227238645,0.3777658669969879,0.0036427953185564294,0.034487584158723744,0.0,0.012921876260440246,0.043354002085942964,0.11539685154906863,Banks—Regional,Financial Services,CBSH
2014Q1,2014,Q1,2014-05-07,2014-03-31,64313000.0,265730000.0,0.0,0.4318879723496554,265730000.0,1.0,22837120000.0,2270379000.0,13087623000.0,0.0,20563609000.0,0.0,492559000.0,4455828186.4327,3832281186.4327,15.2465191342328,0.0,0.004602769526104868,0.046297996942360725,0.0,15.2465191342328,0.028326988577678,16.768254191971927,17.320868978405223,1.9625922308269677,0.33570195761354626,0.0,0.004845339428871646,0.011635880531345458,0.0,0.0028161607067791385,37.915165684709116,1.0,-0.028985508435483354,1.09928118874689,0.11317563429105247,0.4215004594972618,0.010207378965576231,-0.02430402791473868,0.0,0.10936697489637698,0.07317013911258671,0.14443346925123343,Banks—Regional,Financial Services,CBSH
2013Q4,2013,Q4,2014-02-24,2013-12-31,65915000.0,263045000.0,0.0,0.4447801511734284,263045000.0,1.0,23072036000.0,2210642000.0,13531196000.0,0.0,20857639000.0,0.0,449836000.0,4290223580.0445,3171864580.0445,14.916933671399986,0.0,0.004651084975768935,0.04854245961128034,0.0,14.916933671399986,0.029817130046384716,16.309846528329754,16.271803004037398,1.9407138650421463,0.3120382310551468,0.0,0.004794155739498001,0.011401031101026369,0.0,0.0028569216864952882,63.98925484062435,1.0,-0.03400000409703767,0.4483806698648489,0.17283067359588095,0.35057112988387457,0.005266235329636523,-0.03384439493433396,0.0,0.06228271993124838,-0.036886020564280426,0.09102293388769156,Banks—Regional,Financial Services,CBSH
2013Q3,2013,Q3,2013-11-07,2013-09-30,68224000.0,261667000.0,0.0,0.46043494105574295,261667000.0,1.0,22452297000.0,2177533000.0,13241001000.0,0.0,20270811000.0,0.0,610720000.0,3985200178.8552003,3229271178.8552003,14.69588826818327,0.0,0.004717913717246836,0.04864587586043472,0.0,14.69588826818327,0.031330868464450365,15.230044976459395,14.603366040012313,1.8301445621513888,0.30297256097560976,0.0,0.005186690523018526,0.011654353227199871,0.0,0.0030386200574489103,35.312883715731836,1.0,0.041666668167817285,1.8153270006995255,0.07293982843504926,0.38686942539685315,0.004225416976888773,0.0367601246105919,0.0,0.2958488843078139,0.07242846863624133,0.13003175770416914,Banks—Regional,Financial Services,CBSH
2013Q2,2013,Q2,2013-08-06,2013-06-30,65805000.0,260566000.0,0.0,0.4420175427765197,260566000.0,1.0,21910351000.0,2102827000.0,12371832000.0,0.0,19803564000.0,0.0,563166000.0,4057059658.1912,3753322658.1912,14.12486014532728,0.0,0.004690294555299457,0.04887040160697956,0.0,14.12486014532728,0.031293587156718074,15.57018052313502,15.413189188478079,1.929335916930494,0.31047792720917866,0.0,0.005035913129537011,0.011892369957925366,0.0,0.003003374980163485,62.42782757110851,1.0,0.06723830992088249,0.17810604867365895,0.050768462435707984,0.31260194381671574,0.050436395154300456,0.07846993460838783,0.0,0.15798933400284837,0.03195211615272331,0.11218043796347238,Banks—Regional,Financial Services,CBSH
2013Q1,2013,Q1,2013-05-06,2013-03-31,61017000.0,248055000.0,0.0,0.414169486484502,248055000.0,1.0,22227208000.0,2175145000.0,12026518000.0,0.0,20048017000.0,0.0,517792000.0,3671592164.2956,3161400164.2956,14.80252247022836,0.0,0.0046241975150455245,0.04725340149737144,0.0,14.80252247022836,0.028051922975249926,14.80152451793191,15.043316470391858,1.687975819678964,0.33490666535555663,0.0,0.005565705308645162,0.011159971148873038,0.0,0.0027451490983482945,39.820313265103465,1.0,-0.07583774037690875,-0.03567347095016935,-0.01578693411837097,0.3977609815653379,-0.04449802971414484,-0.0864487730382836,0.0,0.4773499615136739,0.05146744882665329,0.20760185412276377,Banks—Regional,Financial Services,CBSH
2012Q4,2012,Q4,2013-02-22,2012-12-31,66791000.0,259607000.0,0.0,0.448156676137604,259607000.0,1.0,22159589000.0,2167127000.0,12001357000.0,0.0,19988015000.0,0.0,477210000.0,3207812994.3987,2559292994.3987,14.541067361703716,0.0,0.0046801409538778,0.04785598628968215,0.0,14.541067361703716,0.030820067305700128,12.35641948945406,12.006905849585648,1.480214585669737,2.2576245302510816,0.0,0.04700679256032043,0.011715334612027326,0.0,0.0030140901981530435,44.54058587057345,1.0,0.012524134424008194,0.4557142308877634,0.03507800368966924,0.35086009032669796,0.0043989631291832705,0.011892858225009847,0.0,0.3516950537778155,-0.04792663564313915,0.15501055488242793,Banks—Regional,Financial Services,CBSH
2012Q3,2012,Q3,2012-11-07,2012-09-30,66006000.0,258470000.0,0.0,0.442613327328287,258470000.0,1.0,20878769000.0,2302436000.0,11245254000.0,0.0,18571697000.0,0.0,717138000.0,3494648506.7151003,3039506506.7151003,15.43933671060861,0.0,0.004968875320187699,0.045058364271580185,0.0,15.43933671060861,0.02866789782647596,13.520518848280652,13.236101667708619,1.5178048409228748,0.30550253007302364,0.0,0.005770251274556564,0.012379561266279636,0.0,0.0031613932794601063,41.38960485491574,1.0,-0.06169158777930966,0.17825534853874483,0.11185318533088276,0.5402718066909534,-0.0341433520049924,-0.06682877864645922,0.0,0.32779411727251684,0.014420147504724649,0.2939015687640344,Banks—Regional,Financial Services,CBSH
2012Q2,2012,Q2,2012-08-06,2012-06-30,70733000.0,267607000.0,0.0,0.47171412039326815,267607000.0,1.0,20742991000.0,2226551000.0,10923174000.0,0.0,18512222000.0,0.0,671297000.0,3322762017.1503005,2930844017.1503005,14.848734673033984,0.0,0.005365282181340194,0.04998403360174548,0.0,14.848734673033984,0.03176796758753785,12.416573621580529,11.744030428337199,1.4923359119778976,0.5595690837374352,0.0,0.011911776948126122,0.012901080659004287,0.0,0.0034099711078310743,43.18752784255245,1.0,0.08582506600319917,0.2871159578709333,0.18991782789840214,0.5446696727669605,0.05224520289399182,0.07498594203559325,0.0,0.9457535324337222,0.07456542024114533,0.33484048728133714,Banks—Regional,Financial Services,CBSH
2012Q1,2012,Q1,2012-05-04,2012-03-31,65799000.0,254320000.0,0.0,0.4344292051845839,254320000.0,1.0,20526917000.0,2195336000.0,10765085000.0,0.0,18327711000.0,0.0,620780000.0,3574729273.3223996,3292749273.3223996,14.549455301397101,0.0,0.0054328665137584956,0.05079860212741922,0.0,14.549455301397101,0.02997217737968129,14.056028913661526,13.5820045643642,1.6283289998990587,0.01632243651119318,0.0,0.0003004423322389979,0.01238958583015657,0.0,0.003205498419465524,31.151781871535132,1.0,0.015034064245543703,0.28635871193797424,0.16560066040164237,0.5284262787359242,-0.027516480827176924,0.06983285639958377,0.0,1.1196518396406516,0.051421885075400346,0.35651011317945425,Banks—Regional,Financial Services,CBSH
2011Q4,2011,Q4,2012-02-22,2011-12-31,61504000.0,261516000.0,0.0,0.4279947052885237,261516000.0,1.0,20649367000.0,2166047000.0,10797535000.0,0.0,18479006000.0,0.0,575419000.0,3202831674.7848,2808967674.7848,15.073111494235405,0.0,0.005415032819165837,0.05162261022036918,0.0,15.073111494235405,0.0283945823890248,12.247172925499013,13.018794203567248,1.4786528984757947,0.3171175858480749,0.0,0.0060896113128737816,0.012664601292620738,0.0,0.002978493239042146,35.17005803183151,1.0,0.011338155021370741,0.08596367564842117,0.1738494456493432,0.5121141689529339,-0.008206917475728156,-0.05888113600195862,0.0,0.3937206001731364,0.20247878654818555,0.3647113857364595,Banks—Regional,Financial Services,CBSH
2011Q3,2011,Q3,2011-11-04,2011-09-30,65352000.0,263680000.0,0.0,0.4231964384647187,263680000.0,1.0,20638668000.0,2127214000.0,10736097000.0,0.0,18508703000.0,0.0,690981000.0,2988134161.474,2541723161.474,13.775085520623184,0.0,0.005420359492192035,0.05258944328121195,0.0,13.775085520623184,0.03072187377480592,11.332426279861954,11.430920864985005,1.4047172317754586,0.29878198065858735,0.0,0.00653451249001756,0.012776018297304846,0.0,0.003166483418406653,26.8654286000935,1.0,-0.04301474735265266,0.1828951109935823,0.18655790654050416,0.4387584139427929,-0.01853644011017643,-0.05333603731494626,0.0,1.5876323683149438,0.037422413956935394,0.2999721141143983,Banks—Regional,Financial Services,CBSH
2011Q2,2011,Q2,2011-08-05,2011-06-30,69034000.0,268660000.0,0.0,0.4422183490226345,268660000.0,1.0,19570860000.0,2129368000.0,11201574000.0,0.0,17439293000.0,0.0,645155000.0,3710560610.9147997,2946199610.9147997,13.740612215098702,0.0,0.005719166148038461,0.05256442287101149,0.0,13.740612215098702,0.0324199480784909,13.81136235730961,13.437438837800215,1.7425642777175199,0.2905235101544167,0.0,0.0054051131629555575,0.01372755208508977,0.0,0.0035273871459915404,42.36525216549409,1.0,0.14074952986016823,0.230150906155485,0.21546273458502632,0.5769697816135393,0.04048705297320744,0.14194498205217276,0.0,0.1873076847038297,0.04079942116895173,0.2768943633567114,Banks—Regional,Financial Services,CBSH
2011Q1,2011,Q1,2011-05-09,2011-03-31,60453000.0,258206000.0,0.0,0.3876559555337631,258206000.0,1.0,19017296000.0,2068722000.0,10881510000.0,0.0,16946806000.0,0.0,596177000.0,3496740203.4474,3042624203.4474,13.322328946048838,0.0,0.005887903306547892,0.05412617065028554,0.0,13.322328946048838,0.029222389475241237,13.542443643631055,14.460573517639322,1.690290045471262,0.3317287810365077,0.0,0.005735055747129561,0.01357742972502505,0.0,0.0031788430910472234,36.367174584220656,1.0,-0.07414883397451853,0.12950164932887862,0.19811780415550034,0.5523575626122542,-0.05262887543569987,-0.023707627460796823,0.0,-0.09588926625897543,-0.03052196343439618,0.25799042844339365,Banks—Regional,Financial Services,CBSH
2010Q4,2010,Q4,2011-02-25,2010-12-31,61921000.0,272550000.0,0.0,0.4187022382851262,272550000.0,1.0,18502339000.0,2021987000.0,10572886000.0,0.0,16478875000.0,0.0,555778000.0,3271739088.0903,2933472088.0903,13.672429064571356,0.0,0.006068043613296676,0.055526074104334,0.0,13.672429064571356,0.030623836849593987,12.0041793729235,13.209327562903944,1.6180811687168613,0.31322168569629044,0.0,0.00592803994383329,0.014730570010634872,0.0,0.0033466579549753144,12.586419617031106,1.0,0.17839629118974926,0.08908799524587961,0.2502723960623248,0.4950667987530661,0.05233285456146041,0.10800751543347947,0.0,0.3600395558422891,0.09511130897682006,0.27016389524436074,Banks—Regional,Financial Services,CBSH
2010Q3,2010,Q3,2010-11-08,2010-09-30,55885000.0,258996000.0,0.0,0.355315305568715,258996000.0,1.0,18751759000.0,2045439000.0,10931509000.0,0.0,16705154000.0,0.0,669485000.0,3135401938.8972,3056902938.8972,13.004845366505624,0.0,0.018017669702346324,0.16517872202495407,0.0,13.004845366505624,0.027321763200955883,12.105985956915164,14.026133751888699,1.5328748199761517,0.3510960007157556,0.0,0.006257889859856756,0.013811824266726124,0.0,0.002980253745795261,10.20067520430358,1.0,-0.06472109984295006,-0.09988563446369057,0.23131814284492902,0.5165610590338436,-0.02418476725128572,-0.06443566478052701,0.0,-0.05413566796306173,0.056350269140994405,0.29740007902285603,Banks—Regional,Financial Services,CBSH
2010Q2,2010,Q2,2010-08-06,2010-06-30,59734000.0,265415000.0,0.0,0.3799030487152562,265415000.0,1.0,18379311000.0,1987447000.0,11073837000.0,0.0,16390697000.0,0.0,633221000.0,2986799857.8964005,2708452857.8964005,12.700151578993324,0.0,0.019804714115779422,0.18314802860151744,0.0,12.700151578993324,0.030055644251142294,11.253319736625286,12.500417927379717,1.502832456863705,0.32837245120032144,0.0,0.006567229454006611,0.014440965714111917,0.0,0.0032500674263578216,20.90791262396416,1.0,0.3516299249623772,0.13411556458213797,0.2900825525861787,0.49074326428015,0.051994276586721205,0.3523658591804392,0.0,0.041534698132525374,0.13084091687601268,0.3211589684635425,Banks—Regional,Financial Services,CBSH
2010Q1,2010,Q1,2010-05-07,2010-03-31,44170000.0,252297000.0,0.0,0.28107031495757306,252297000.0,1.0,18036197000.0,1926302000.0,11095259000.0,0.0,16108762000.0,0.0,593102000.0,3428573161.0824,3807184161.0824,12.257783821457721,0.0,0.040557718459162985,0.37974678944423046,0.0,12.257783821457721,0.022929945564091198,13.589432934527164,19.40555332285714,1.7798731253367333,0.4437400950871632,0.0,0.005716663777946708,0.013988370164730403,0.0,0.0024489641580206735,-59.60662658349096,1.0,-0.1522577359939922,-0.08590644708170732,0.28733990428728234,0.4487727696699402,-0.0786363802359128,-0.10987062190157591,0.0,-0.1708902067973398,0.11025619021727646,0.2876852448201971,Banks—Regional,Financial Services,CBSH
2009Q4,2009,Q4,2010-02-26,2009-12-31,49622000.0,273830000.0,0.0,0.33155161290340146,273830000.0,1.0,18120189000.0,1884228000.0,11104250000.0,0.0,16234284000.0,0.0,568532000.0,3073241418.126,3368059418.126,12.589553662722931,0.0,0.040621099481909374,0.3906438074373165,0.0,12.589553662722931,0.026335454095788833,11.223172837621881,15.48326054031478,1.6310347888503938,0.38257224618112934,0.0,0.006177191250915802,0.015111873281233435,0.0,0.0027384924075571178,-64.4934403199446,1.0,-0.00537951943221339,-0.027953664229461835,0.3986851835759887,0.3621958736773953,0.034378553161912746,-0.03924567755426049,0.0,-0.15874424927640302,0.18014944149347992,0.2629670046212518,Banks—Regional,Financial Services,CBSH
2009Q3,2009,Q3,2009-11-06,2009-09-30,51649000.0,264729000.0,0.0,0.33334484799079617,264729000.0,1.0,17953107000.0,1848824000.0,11189956000.0,0.0,16102463000.0,0.0,696876000.0,2914235480.5727997,3274482480.5727997,11.932388895205245,0.0,0.04578266034954284,0.44457503797008263,0.0,11.932388895205245,0.027936136700951523,11.008372639842253,14.10596275132529,1.5762644148782143,0.3671319870665453,0.0,0.0065066807834873305,0.01474558136371604,0.0,0.0028768836502784728,10.261681598681651,1.0,0.3749999917224647,-0.14655944641064042,0.3498231895690767,0.3084768828930377,0.04531024189153972,0.3971272451850249,0.0,-0.0682530516973104,0.18730411923537071,0.24629534210234222,Banks—Regional,Financial Services,CBSH
2009Q2,2009,Q2,2009-08-07,2009-06-30,36968000.0,253254000.0,0.0,0.24243261818002962,253254000.0,1.0,17720043000.0,1696270000.0,11864470000.0,0.0,16021734000.0,0.0,664189000.0,2451453774.7248,2914192774.7248,11.123976845560271,0.0,0.04780507586804389,0.49939455393304133,0.0,11.123976845560271,0.021793700295353925,9.679822528863513,16.5782147717269,1.4452025766681011,0.500838563081584,0.0,0.007552661278338194,0.014291951774609124,0.0,0.002086225185796671,23.371886229488318,1.0,0.1831417829779197,-0.23423106139464475,0.3401377447803672,0.34346261128342287,0.054021658606424335,0.19885847710468285,0.0,-0.3305301190824952,0.1644066745411306,0.2766662112435752,Banks—Regional,Financial Services,CBSH
2009Q1,2009,Q1,2009-05-08,2009-03-31,30836000.0,240274000.0,0.0,0.20490580390951674,240274000.0,1.0,17947457000.0,1607612000.0,12691676000.0,0.0,16337416000.0,0.0,645736000.0,2747957616.2316,2628322616.2316,10.725651921086959,0.0,0.04720863797027066,0.5270394846517692,0.0,10.725651921086959,0.019181245225838077,11.436766425962025,22.278810612851863,1.7093413188204616,0.5921325723180698,0.0,0.006644571187032863,0.013387634805309743,0.0,0.0017181264175754815,-36.54782167675161,1.0,-0.33274539292520433,-0.31595670950661203,0.3091946272293481,0.2335395829113283,0.11219941213229338,-0.29655990510083036,0.0,-0.40311386841683156,0.1550596428367765,0.2497849993851185,Banks—Regional,Financial Services,CBSH
2008Q4,2008,Q4,2009-02-26,2008-12-31,43836000.0,216035000.0,0.0,0.3070878818024375,216035000.0,1.0,17532447000.0,1576632000.0,13198387000.0,0.0,15955815000.0,0.0,633159000.0,3168664205.1547003,3786564205.1547003,11.044907847750737,0.0,0.09968836637578314,1.108553549591788,0.0,11.044907847750737,0.02780357115674425,14.667365034159744,18.07112992263608,2.0097677867471293,0.4118076466830915,0.0,0.005697037878180174,0.01232201072673997,0.0,0.0025002784836594687,26.920844882073528,1.0,0.8776872153462073,-0.073378114258368,0.20613365151997812,0.23715108544013122,-0.12996464040337324,0.7766789608073603,0.0,-0.20123253374941977,0.026708159890035492,0.20774991338212567,Banks—Regional,Financial Services,CBSH
2008Q3,2008,Q3,2008-11-07,2008-09-30,24673000.0,248306000.0,0.0,0.163545812791731,248306000.0,1.0,16953400000.0,1598611000.0,12574576000.0,0.0,15354789000.0,0.0,760145000.0,3367109667.713,4120649667.713,10.59644693225394,0.0,0.07376160534170137,0.7822478389051495,0.0,10.59644693225394,0.015434023661791392,13.560323422361924,34.11735163653589,2.1062720497438088,0.7302719572001783,0.0,0.0053511770563262175,0.014646383616265763,0.0,0.0014553422912218198,204.72485363367178,1.0,-0.5584415608079625,-0.4771858668152232,0.4533444205662933,0.2916510955617209,-0.0008610976983743764,-0.5592454313224602,0.0,-0.5856921075101247,0.23073130043204915,0.235705487353517,Banks—Regional,Financial Services,CBSH
2008Q2,2008,Q2,2008-08-07,2008-06-30,55979000.0,248520000.0,0.0,0.3703831662485869,248520000.0,1.0,17018463000.0,1605540000.0,12684109000.0,0.0,15412923000.0,0.0,753490000.0,2846311141.611,3301524141.611,10.76096238609532,0.0,0.06320694177846731,0.6699833077967537,0.0,10.76096238609532,0.03486615095232756,11.453046602329792,12.71151298527573,1.7728061223083822,0.3215491523607067,0.0,0.006323974823712377,0.014602963851670977,0.0,0.0032893099688262096,364.6311992840123,1.0,-0.1312405113788756,0.3098679220454794,0.4506362370037555,0.28665111203243976,-0.027661489103642554,-0.1276045319245095,0.0,0.11475000810943381,0.2669807552722119,0.263121317447709,Banks—Regional,Financial Services,CBSH
2008Q1,2008,Q1,2008-05-08,2008-03-31,64167000.0,255590000.0,0.0,0.42633567874631306,255590000.0,1.0,16767800000.0,1578121000.0,12665871000.0,0.0,15189679000.0,0.0,715511000.0,3012703154.8812,3109769154.8812,10.590167178404974,0.0,0.04662889585992199,0.4954398300257078,0.0,10.590167178404974,0.04066038028769657,11.787249715877772,11.737743524246106,1.909044461661178,0.28028425826359343,0.0,0.005969721899371531,0.015242906046112191,0.0,0.0038267989837665046,91.92076750209611,1.0,0.3848346960317677,0.6091698435295946,0.522587396591574,0.3086000078470254,0.0701395925271523,0.46862125789618236,0.0,0.40039295253480955,0.3753079001457732,0.25167371670133415,Banks—Regional,Financial Services,CBSH
2007Q4,2007,Q4,2008-02-26,2007-12-31,43692000.0,238838000.0,0.0,0.3078603388317569,238838000.0,1.0,16204831000.0,1527686000.0,12355584000.0,0.0,14677145000.0,0.0,669142000.0,3062438830.8648,2972996830.8648,10.764303028737077,0.0,0.036016358331660475,0.3820412048025576,0.0,10.764303028737077,0.028600118087093812,12.822242820927993,17.52288079548201,2.0046258399074155,0.3914675455460954,0.0,0.005585091146186261,0.014738691196470978,0.0,0.0026962329937288455,24.49069399707945,1.0,-0.17034504890040872,0.005494391053252009,0.41133594872397966,0.27748909759226725,0.02964722518009493,-0.21836201653010842,0.0,-0.09741198085107577,0.28652227528403024,0.1647028609263125,Banks—Regional,Financial Services,CBSH
2007Q3,2007,Q3,2007-11-05,2007-09-30,55898000.0,231961000.0,0.0,0.3710703328217727,231961000.0,1.0,16024309000.0,1491566000.0,11951073000.0,0.0,14532743000.0,0.0,794779000.0,3184827056.1019998,2986950056.1019998,10.023774143979006,0.0,0.02157653100673483,0.23180268254974973,0.0,10.023774143979006,0.037476048662948874,13.730010890201369,14.243922215920069,2.1352236884603157,0.30650470499838994,0.0,0.005379569972935851,0.014475569586183092,0.0,0.0034883251440046494,42.861544392732654,1.0,0.025316458980796243,0.32474794814552566,0.428458432367937,0.2927244013776854,0.019922613551422417,0.00583006441861302,0.0,-0.038244682781943894,0.23153655278728774,0.09918280923678155,Banks—Regional,Financial Services,CBSH
2007Q2,2007,Q2,2007-08-07,2007-06-30,55574000.0,227430000.0,0.0,0.361908101222359,227430000.0,1.0,15519371000.0,1457687000.0,11752383000.0,0.0,14061684000.0,0.0,756014000.0,3142699795.116,2990927795.116,9.612886777556463,0.0,0.022303545678494314,0.23745632635812763,0.0,9.612886777556463,0.038124782617941985,13.818316823268699,14.137455442814986,2.1559496621126484,0.311638536006046,0.0,0.005510866811686905,0.014654588771671223,0.0,0.0035809440988297785,32.329641543041724,1.0,0.08219177811886338,0.34345428051715393,0.41850394950253333,0.2910318251184357,0.03538227608373016,0.0791906167469318,0.0,0.15762500511923802,0.2102227944969424,0.16096555678307317,Banks—Regional,Financial Services,CBSH
2007Q1,2007,Q1,2007-05-08,2007-03-31,51496000.0,219658000.0,0.0,0.33442141082558524,219658000.0,1.0,15194797000.0,1446015000.0,11355673000.0,0.0,13748782000.0,0.0,717759000.0,3361843441.1735997,2881940441.1735997,9.519239170259583,0.0,0.0025821338712192074,0.02713319018129134,0.0,9.519239170259583,0.035612355335179785,15.304898711513351,16.320895997619232,2.3249021906229186,0.337094143234426,0.0,0.005163536108611909,0.014456132582751845,0.0,0.003389054819225291,-303.689561081626,1.0,-0.15146262642405076,0.3117338318136791,0.3832358525972968,0.3260123214909087,-0.020634368618638703,-0.09683076977041935,0.0,0.12716119200043755,0.18094981382195488,0.09479203708162022,Banks—Regional,Financial Services,CBSH
