Quarters,Year,Quarter,FillingDate,Date,NetIncome,Revenue,OperatingIncome,EPSDiluted,GrossProfit,GrossProfitRatio,TotalAssets,CommonStockEquity,CurrentAssets,CurrentLiability,TotalLiability,Inventory,RetainedEarnings,MarketCap,EnterpriseValue,bookValuePerShare,currentRatio,debtToAssets,debtToEquity,roic,shareholdersEquityPerShare,roe,priceToSalesRatio,peRatio,pbRatio,payoutRatio,inventoryTurnover,dividendYield,assetTurnover,quickRatio,returnOnAssets,priceToFreeCashFlowsRatio,grossProfitMargin,epsdilutedGrowth,fiveYNetIncomeGrowthPerShare,fiveYRevenueGrowthPerShare,fiveYShareholdersEquityGrowthPerShare,grossProfitGrowth,netIncomeGrowth,operatingIncomeGrowth,threeYNetIncomeGrowthPerShare,threeYRevenueGrowthPerShare,threeYShareholdersEquityGrowthPerShare,Industry,Sector,Symbol
2023Q1,2023,Q1,2023-05-03,2023-03-31,5620000.0,200030000.0,10143000.0,0.06,35292000.0,0.176433535,684871000.0,417229000.0,396263000.0,153521000.0,267642000.0,149989000.0,8109000.0,341006050.0,437446050.0,4.710566425434387,2.581164791787443,0.17530016601666593,0.2877508514508819,0.013251151065787553,4.710566425434387,0.013469821129403757,1.704774533819927,15.169308274021354,0.8173114764314082,0.0,1.0983338778177065,0.0,0.2920696014285902,1.539281270966187,0.008205924911406674,15.174708526165896,0.17643353496975453,-0.4000000000000001,-0.21724484854404147,-0.11476989082217208,-0.23723779775605663,-0.07561748605254197,-0.375,-0.421259842519685,1.4682267799016238,0.2303309954752613,-0.2037870061447705,Oil & Gas Equipment & Services,Energy,NR
2022Q4,2022,Q4,2023-02-24,2022-12-31,8992000.0,225159000.0,17526000.0,0.1,38179000.0,0.1695646188,714875000.0,423028000.0,425966000.0,162942000.0,291847000.0,149571000.0,2489000.0,383144600.00000006,493893600.00000006,4.581993847753563,2.6142185562961053,0.18734883720930232,0.3166007923825373,0.02122525460475273,4.581993847753563,0.021256276180300123,1.7016623808064526,10.652374332740214,0.905719243170665,0.0,1.2501086440553315,0.0,0.3149627557265256,1.6289784094954032,0.012578422801189018,-51.21569308915921,0.16956461878050622,1.3846153846153846,1.9009296315322917,0.04303329931731892,-0.26841088221025433,0.19425068034658574,1.3656027647895914,1.1618354508449489,1.5102171281630494,0.1525601302058047,-0.2521840623547152,Oil & Gas Equipment & Services,Energy,NR
2022Q3,2022,Q3,2022-11-02,2022-09-30,-24595000.0,219853000.0,8107000.0,-0.26,31969000.0,0.1454107972,766684000.0,421972000.0,477338000.0,172809000.0,344712000.0,160039000.0,-6504000.0,236217240.0,392369240.0,4.501658896700342,2.762228819100857,0.23034522697747703,0.41851592048761527,0.014823944706091365,4.501658896700342,-0.05828585782942944,1.074432643630062,-2.401069729619841,0.5597936355966747,0.0,1.1739888402201963,0.0,0.2867582993775793,1.3422101858120816,-0.03207970950221995,-17.778071799503273,0.14541079721450242,-2.1063321385902034,-9.44867488417371,-0.006460372119654091,-0.26295861524547026,0.23251599969157222,-2.172729618163055,1.962483675650006,-15.328383101369518,0.0372991528195631,-0.27865636184985604,Oil & Gas Equipment & Services,Energy,NR
2022Q2,2022,Q2,2022-08-03,2022-06-30,-7752000.0,194144000.0,-8423000.0,-0.0837,25938000.0,0.1336018625,765924000.0,450751000.0,420931000.0,156265000.0,315173000.0,190171000.0,18091000.0,286310130.0,431098130.0,4.864726895971162,2.6936998048187375,0.21535687613914697,0.36593817872838885,-0.014113755407003197,4.864726895971162,-0.01719796517367682,1.4747307668534695,-9.2334278250774,0.6351846806773584,0.0,0.8844986880228847,0.0,0.25347684626673145,1.3628131699356862,-0.01012110862174315,-10.337971836071493,0.13360186253502554,-4.1231343283582085,-5.339680218440052,-0.03085325580888411,-0.19927955853999427,0.019174852652259333,-4.074970249900833,-9.710444674250258,-2.744885191813199,-0.13049966625608075,-0.22830015134432932,Oil & Gas Equipment & Services,Energy,NR
2022Q1,2022,Q1,2022-05-04,2022-03-31,2521000.0,176438000.0,967000.0,0.0268,25450000.0,0.1442433036,752386000.0,465143000.0,393189000.0,153378000.0,287243000.0,169968000.0,26866000.0,337151880.0,453517880.0,5.049425736555288,2.563529319719908,0.18298187366591084,0.29597994595210503,-0.012888436238805595,5.049425736555288,0.005419838630270691,1.9108801958761719,33.434339547798494,0.7248349002349814,0.0,0.8883319213028334,0.0,0.23450462927274032,1.3620988668518301,0.0033506737233281853,-69.78925274270337,0.14424330359673088,1.67,3.342849711294044,0.015698782666274655,-0.15922000500929537,-0.035290550017057734,1.684868242325455,2.792156862745098,0.923614887017157,-0.18384901545988966,-0.20144193533957616,Oil & Gas Equipment & Services,Energy,NR
2021Q4,2021,Q4,2022-02-25,2021-12-31,-3681000.0,179563000.0,255000.0,-0.04,26381000.0,0.1469177949,752886000.0,462386000.0,388512000.0,150392000.0,290500000.0,155341000.0,24345000.0,270606420.0,383673420.0,5.023586801820888,2.5833289004734294,0.18217233419136497,0.2966244652736026,0.0008375978285896357,5.023586801820888,-0.007960881168547491,1.5070277284295763,-18.37859413202934,0.5852392157201992,0.0,0.9861015443443778,0.0,0.2384995869228542,1.4520985158785042,-0.004889186410691659,-13.968224849016673,0.14691779486865333,0.6363636363636365,-57.98214736018692,0.19636271736779023,-0.15629057227476006,0.35120876869493955,0.6489270386266094,1.0420583869371598,-1.3429738835150387,-0.2860248420182373,-0.2007142458375033,Oil & Gas Equipment & Services,Energy,NR
2021Q3,2021,Q3,2021-11-03,2021-09-30,-10485000.0,151797000.0,-6063000.0,-0.11,19524000.0,0.12861914267080377,721112000.0,465713000.0,359869000.0,136178000.0,255399000.0,148194000.0,28026000.0,303375600.0,388382600.0,5.065842144193534,2.6426368429555436,0.16120796769433873,0.24961510629937322,-0.012410661979598238,5.065842144193534,-0.022513865835825927,1.998561236388071,-7.233562231759656,0.6514217984037379,0.0,0.8925665006680432,0.0,0.2105040548486227,1.428652205202015,-0.014540043710269695,-14.590275573510317,0.12861914267080377,-0.5714285714285713,0.2877768278547096,0.32655351035049085,-0.1306431735238638,0.07611751088574106,-0.7480826942314105,-0.8672620880813058,-3.8333269273671613,-0.3648235878080806,-0.1813092792028152,Oil & Gas Equipment & Services,Energy,NR
2021Q2,2021,Q2,2021-08-04,2021-06-30,-5998000.0,142249000.0,-3247000.0,-0.07,18143000.0,0.12754395461479517,709547000.0,476244000.0,342033000.0,119063000.0,233303000.0,147191000.0,38510000.0,315361700.0,381597700.0,5.225124801141039,2.872706046378808,0.14280942629593246,0.21276908475487355,-0.005749700350231647,5.225124801141039,-0.01259438439119443,2.216969539328923,-13.144452317439146,0.6621851403902201,0.0,0.8431629651269439,0.0,0.20047861522915325,1.4940241720769676,-0.008453280755186055,-83.78366099893731,0.12754395461479517,-0.16666666666666682,0.6050004305283486,0.12951847440174932,-0.12380021875430203,-0.14343043293517777,-0.1186124580380455,-6.96875,-1.5442657176837062,-0.4074439120777947,-0.1550569022074898,Oil & Gas Equipment & Services,Energy,NR
2021Q1,2021,Q1,2021-05-05,2021-03-31,-5362000.0,141172000.0,544000.0,-0.06,21181000.0,0.15003683449975916,697611000.0,480922000.0,320616000.0,151067000.0,216689000.0,139913000.0,45554000.0,284801140.0,347234140.0,5.302278916439731,2.122343066321566,0.13845681905818571,0.20084130066829964,0.002087225905376011,5.302278916439731,-0.011149417161202857,2.017405292834273,-13.278680529653114,0.5921981943017787,0.0,0.8576115157276307,0.0,0.2023649283053163,1.1080911118907504,-0.007686232011823208,14.892341560343024,0.15003683449975916,0.7000000000000001,0.6299255796518229,0.13133212986126025,-0.14254027339414332,0.49985837700042485,0.7091244439622437,1.032935763153115,-1.7292991508573927,-0.3899030007209126,-0.1414242836322504,Oil & Gas Equipment & Services,Energy,NR
2020Q4,2020,Q4,2021-02-26,2020-12-31,-18434000.0,129705000.0,-16517000.0,-0.2,14122000.0,0.10887783817123473,709192000.0,488032000.0,328180000.0,153658000.0,221160000.0,147857000.0,50937000.0,173998080.0,262031080.0,5.38524011299435,2.135782061461167,0.15825051608027163,0.2299644285620615,-0.02560754815325185,5.38524011299435,-0.03777211330404564,1.3414909217069504,-2.359743951394163,0.3565300636023867,0.0,0.7817215282333606,0.0,0.18289123396767026,1.0753881997683166,-0.025992961003508216,12.156646405365752,0.10887783817123473,0.23076923076923075,0.7966468502294536,-0.21044811305092742,-0.14011546812901518,5.908585331942996,0.22773355676581483,0.357115055270123,-0.8815923599901353,-0.38787944188460094,-0.1401596784589608,Oil & Gas Equipment & Services,Energy,NR
2020Q3,2020,Q3,2020-11-04,2020-09-30,-23870000.0,96424000.0,-25692000.0,-0.26,-2877000.0,-0.02983697004895047,723045000.0,489083000.0,328879000.0,90085000.0,233962000.0,159567000.0,69422000.0,95061750.0,199759750.0,5.4021428176948145,3.6507631681189987,0.1780331791243975,0.2631986799786539,-0.0331908612939618,5.4021428176948145,-0.04880562194964863,0.9858722932050112,-0.9956195014662756,0.19436731597704274,0.0,0.6223153910269668,0.0,0.13335822804942984,1.687128822778487,-0.03301315962353657,8.39323238566131,-0.02983697004895047,0.10344827586206887,-3.8939216007846795,-0.42668338264758343,-0.25726610851573334,0.7218677494199536,0.09045877152873037,0.1587150856282131,-9.489629442570426,-0.548838028899109,-0.11552542865609242,Oil & Gas Equipment & Services,Energy,NR
2020Q2,2020,Q2,2020-08-04,2020-06-30,-26244000.0,101946000.0,-30539000.0,-0.29,-10344000.0,-0.10146548172561945,787045000.0,507437000.0,381199000.0,96144000.0,279608000.0,177973000.0,93292000.0,200657630.0,320917630.0,5.639379424545182,3.964875603261774,0.20736044317669255,0.3216202208352958,-0.03490122209846226,5.639379424545182,-0.051718735527760094,1.9682736939163872,-1.9114619532083523,0.3954335809174341,0.0,0.6309384007686559,0.0,0.1295300776956845,1.898912048593776,-0.033344980274317225,12.073989409711775,-0.10146548172561945,-1.0714285714285712,-4.658330502588941,-0.42861889951579546,-0.23759137598773145,-1.560164626881837,-1.1603556140928548,-4.188413183826028,-16.128693099915864,-0.4759615209675799,-0.071773918876728,Oil & Gas Equipment & Services,Energy,NR
2020Q1,2020,Q1,2020-05-06,2020-03-31,-12148000.0,164550000.0,-5886000.0,-0.14,18466000.0,0.11222120935885749,866832000.0,530359000.0,450724000.0,113256000.0,336473000.0,187979000.0,120501000.0,80411565.0,194293565.0,5.916213955044899,3.9796920251465706,0.187978754822157,0.3072371733109083,-0.008288589443091602,5.916213955044899,-0.022905239658420052,0.48867556973564263,-1.6548313508396444,0.1516172347409962,0.0,0.7771293601944899,0.0,0.18982917105044575,2.176520449247722,-0.014014249589309117,-35.56460194604158,0.11222120935885749,0.26315789473684204,-12.231144667814421,-0.2753383032314622,-0.20548267234382497,-0.31786782904214844,0.2892997133329433,0.5285920230658337,-10.600983170476834,-0.0266049775647592,-0.014891078905142303,Oil & Gas Equipment & Services,Energy,NR
2019Q4,2019,Q4,2020-02-21,2019-12-31,-17093000.0,189471000.0,-12486000.0,-0.19,27071000.0,0.1428767463094616,900079000.0,548645000.0,478809000.0,128862000.0,351434000.0,196897000.0,134119000.0,561434610.0,672635610.0,6.127167952827134,3.7156725799692696,0.17762107548337425,0.2913960757867109,-0.020046180169107922,6.127167952827134,-0.031154936252039113,2.9631690865620595,-8.211469753700344,1.0233112668483262,0.0,0.8247967211283057,0.0,0.21050485568488989,2.059458956092564,-0.01899055527348155,55.60410121818362,0.1428767463094616,-8.5,-1.6694555918105696,-0.4317182587274614,-0.19450005448613486,-0.1878862422751545,-10.861901457321304,-2.9856870229007635,-280.5348615219856,0.2976210733518638,0.029055448028173093,Oil & Gas Equipment & Services,Energy,NR
2019Q3,2019,Q3,2019-10-31,2019-09-30,-1441000.0,202763000.0,6288000.0,-0.02,33334000.0,0.16439883016132134,912611000.0,559631000.0,492456000.0,126604000.0,352980000.0,183443000.0,151303000.0,683323500.0,792008500.0,6.240657931419013,3.889734921487473,0.17790493430388193,0.29011616583069916,-0.006627092842263335,6.240657931419013,-0.0025749109681200647,3.370060119449801,-118.55022553782096,1.2210251040417706,0.0,0.9236056976826589,0.0,0.22217900069142274,2.2930555116741966,-0.0015789860082773492,97.49229561991724,0.16439883016132134,-1.4000000000000001,-1.0561277526053154,-0.37523230060801493,-0.16000041573287596,-0.13370929597962525,-1.3346493265211332,-0.4238592633315008,0.8996524049945598,0.8165427207715048,0.07096873924508385,Oil & Gas Equipment & Services,Energy,NR
2019Q2,2019,Q2,2019-07-31,2019-06-30,4306000.0,216412000.0,10914000.0,0.05,38479000.0,0.17780437314012162,934498000.0,566129000.0,515367000.0,144221000.0,368369000.0,193464000.0,153395000.0,662768280.0,776045280.0,6.3039106518495425,3.5734532418995846,0.17368897525730392,0.286704973601423,0.009785441180395198,6.3039106518495425,0.007606040319432497,3.0625301739275086,38.47934742220158,1.1707018718348645,0.0,0.919721498573378,0.0,0.23158101997008018,2.0678819312028067,0.0046078215255677376,25.917733458470202,0.17780437314012162,4.0,-0.8042133523146494,-0.2658343121902595,-0.12606092965729607,0.05430583335616626,2.358814352574103,0.9218172213417856,1.2878005916832824,0.7440259849737876,0.057101092195310045,Oil & Gas Equipment & Services,Energy,NR
2019Q1,2019,Q1,2019-04-26,2019-03-31,1282000.0,211473000.0,5679000.0,0.01,36497000.0,0.17258467984092532,930098000.0,569788000.0,506569000.0,113753000.0,360310000.0,186495000.0,150084000.0,837131189.9999999,964204189.9999999,6.323179190109975,4.453236398160928,0.19520416128192944,0.3186430742662183,0.0030532891381413333,6.323179190109975,0.0022499596341095285,3.9585724418720116,163.24711193447735,1.4691976489501357,0.0,0.9382342690152551,0.0,0.22736636354448672,2.677195326716658,0.001378349378237562,-55.081667982629284,0.17258467984092532,-0.9090909090909092,-0.9655642508961685,-0.18098973946255664,-0.11803017980678351,-0.275191643166382,-0.8787018639417163,-0.7232860692881158,1.0890603810855501,0.7058103539182523,0.02255494006945091,Oil & Gas Equipment & Services,Energy,NR
2018Q4,2018,Q4,2019-02-22,2018-12-31,10569000.0,247664000.0,20523000.0,0.11,50354000.0,0.2033157826732993,915854000.0,569681000.0,523312000.0,141926000.0,346173000.0,196896000.0,148802000.0,622696800.0,728325800.0,6.285094880847308,3.6872172822456775,0.1766078436082607,0.28392556536026303,0.019137427289883945,6.285094880847308,0.01855248814687518,2.5142806382841267,14.729321600908317,1.0930622576494564,0.0,1.0021026328620186,0.0,0.27041864751368666,2.1878443696010597,0.011540048959768697,20.11294573643411,0.2033157826732993,1.7500000000000002,-0.26136048662336875,0.18517366367284116,-0.07334293654753604,0.24027685410970714,1.900384193194292,1.041277103640342,1.1165704703695152,0.507336345450983,0.0035682264828625345,Oil & Gas Equipment & Services,Energy,NR
2018Q3,2018,Q3,2018-10-26,2018-09-30,3644000.0,235329000.0,10054000.0,0.04,40599000.0,0.17252017388422167,928321000.0,560151000.0,536980000.0,144966000.0,368170000.0,202707000.0,138233000.0,936038840.0,1072193840.0,6.187736120009721,3.7041789109170424,0.20294488652093404,0.3363343098557353,0.007558876364311948,6.187736120009721,0.006505388725540078,3.977575394447773,64.21781284302963,1.671047342591551,0.0,0.9606476342701534,0.0,0.25349959766072294,2.181594304871487,0.003925366333412688,-104.8548045255965,0.17252017388422167,-0.6666666666666666,-0.8159512255005065,-0.21955833994368693,-0.06961000854773423,-0.15032857561424803,-0.6640236031716762,-0.47479496421668493,1.7471815373351678,0.3993553436242984,-0.14925586327728732,Oil & Gas Equipment & Services,Energy,NR
2018Q2,2018,Q2,2018-07-27,2018-06-30,10846000.0,236262000.0,19143000.0,0.12,47782000.0,0.20224157926369876,929714000.0,554723000.0,533939000.0,136607000.0,374991000.0,189571000.0,134589000.0,973277550.0,1098775550.0,6.183996075939489,3.908577159296376,0.21212975173010196,0.35552879545286564,0.01841523105026931,6.183996075939489,0.01955210077822625,4.119484089697031,22.434020606675272,1.7545289270500772,0.0,0.9942449003275817,0.0,0.2541233110397391,2.37085947279422,0.011665953185603314,143.29763692579505,0.20224157926369876,0.4999999999999999,-0.34533008553695355,-0.19246265312704677,-0.041046601341195636,0.17003770997600273,0.5018000553863196,0.38336464807053044,3.34569601284825,0.3282915338655907,-0.16396263059839447,Oil & Gas Equipment & Services,Energy,NR
2018Q1,2018,Q1,2018-04-27,2018-03-31,7222000.0,227293000.0,13838000.0,0.08,40838000.0,0.17967117333133883,928724000.0,550215000.0,532728000.0,147872000.0,378509000.0,189109000.0,123743000.0,721661400.0,848749400.0,6.175668395178127,3.602629301017096,0.20137952717922655,0.3399143970993157,0.013144265205906744,6.175668395178127,0.01312577810492262,3.1750269475962742,24.981355580171698,1.3115989204220169,0.0,0.9859657657752936,0.0,0.24473686477360335,2.212163222246267,0.007776260762077862,-68.31973871059358,0.17967117333133883,1.7272727272727273,-0.6076440807082262,-0.2405704779559291,-0.027038401455056888,0.044503555169062355,1.7642328042328042,0.4063008130081301,5.718221774252891,0.007166088821911973,-0.1706392657345357,Oil & Gas Equipment & Services,Energy,NR
2017Q4,2017,Q4,2018-02-23,2017-12-31,-9450000.0,204389000.0,9840000.0,-0.11,39098000.0,0.191292094975757,902716000.0,547480000.0,505037000.0,158414000.0,355236000.0,165336000.0,123375000.0,751760400.0,855883400.0,6.263069988788981,3.188083123966316,0.1777690879523571,0.2931157302549865,0.01877493182320599,6.263069988788981,-0.01726090450792723,3.6780863940818733,-19.887841269841267,1.3731285161101774,0.0,0.9997278269705328,0.0,0.22641561687175146,2.0340247705379575,-0.010468408668950146,57.23337647506661,0.191292094975757,-4.666666666666667,-1.8171183075632718,-0.2682442836808543,0.03171912969699911,0.05453662746790377,-4.562005277044855,-0.004250151791135397,-1.3791280667562775,-0.372044134982697,-0.17663387497134264,Oil & Gas Equipment & Services,Energy,NR
2017Q3,2017,Q3,2017-10-31,2017-09-30,2653000.0,201663000.0,9882000.0,0.03,37076000.0,0.1838512766347818,925923000.0,521760000.0,595933000.0,220306000.0,404163000.0,164384000.0,132825000.0,854260000.0,1014359000.0,6.10774237351626,2.7050239212731384,0.2428279673363768,0.43092609628948175,0.005735889664858127,6.10774237351626,0.005084713278135541,4.236077019582174,80.49943460233698,1.6372661760196259,0.0,1.0012349133735643,0.0,0.21779672823766122,1.4836000835201946,0.002865249054187011,-72.45017386141973,0.1838512766347818,0.4999999999999999,-0.856794208174698,-0.21410871108201202,0.028827910915500427,0.07190147156610482,0.6256127450980392,0.24021084337349397,-0.8915243562188376,-0.34771499082431956,-0.17789099948348355,Oil & Gas Equipment & Services,Energy,NR
2017Q2,2017,Q2,2017-07-28,2017-06-30,1632000.0,183020000.0,7968000.0,0.02,34589000.0,0.18899027428696316,840468000.0,514304000.0,505387000.0,208044000.0,326164000.0,156947000.0,130285000.0,622199550.0,714948550.0,6.075437373749306,2.429231316452289,0.19154328302802726,0.3130172038327526,0.004822584556960079,6.075437373749306,0.0031732205077152813,3.3996259971587803,95.31243106617646,1.209789443597561,0.0,0.9457396445933978,0.0,0.21775962915899236,1.4344561727326912,0.0019417752966204543,25.498936518995123,0.18899027428696316,3.0,-0.8818991192256035,-0.22055443619734125,0.07117094341545006,0.1885845847221745,2.6602238046795526,1.1270688734650294,-0.9212787106180562,-0.34132027538647003,-0.15773519271216466,Oil & Gas Equipment & Services,Energy,NR
2017Q1,2017,Q1,2017-04-28,2017-03-31,-983000.0,158691000.0,3746000.0,-0.01,29101000.0,0.18338154022597375,802258000.0,505393000.0,470183000.0,179979000.0,296865000.0,145384000.0,128704000.0,681639300.0,768785300.0,6.005644480886005,2.6124325615766284,0.1957250660012116,0.31069286673934937,-0.04087447845694742,6.005644480886005,-0.001945021003456716,4.295387262037544,-173.35689216683622,1.34873118543391,0.0,0.8913635613272437,0.0,0.19780544413393197,1.711499674962079,-0.0012252916144183043,-36.38320256204964,0.18338154022597375,-13.749262536873157,-1.06759783685667,-0.34965501888380757,0.06216557022840389,1.253096934035305,-16.24561403508772,1.4569407172481093,-1.028273738303568,-0.34189541043713856,-0.162320563169223,Oil & Gas Equipment & Services,Energy,NR
2016Q4,2016,Q4,2017-02-24,2016-12-31,-57000.0,137083000.0,-8198000.0,-0.000678,12916000.0,0.09422028989736145,798183000.0,500543000.0,462940000.0,179801000.0,297640000.0,143612000.0,129873000.0,630495000.0,698885000.0,5.954166964052054,2.574735401916563,0.19577966456313903,0.3121969541078389,-6.561345309173112e-05,5.954166964052054,-0.00011387633030528846,4.599366806970959,-2765.3289473684213,1.2596220504532079,0.0,0.8646004512157759,0.0,0.1717438231583484,1.6806636225604974,-7.141219494777514e-05,-26.3915864378401,0.09422028989736145,0.9957624999999999,-1.0028023079188841,-0.4402587670855887,0.08181690435669761,1.4550465690933283,0.995762396847818,0.4554633012288276,-1.0042950973092486,-0.2927023372824614,-0.12213403634881545,Oil & Gas Equipment & Services,Energy,NR
2016Q3,2016,Q3,2016-10-31,2016-09-30,-13451000.0,104554000.0,-15055000.0,-0.16,5261000.0,0.050318495705568414,776443000.0,489466000.0,430808000.0,92229000.0,286977000.0,138747000.0,129931000.0,618225280.0,695892280.0,5.8271149313078885,4.67106875277841,0.21834313658568627,0.3463590933793154,-0.017126035419475837,5.8271149313078885,-0.027480969056073352,5.91297587849341,-11.490321909151735,1.2630607233188822,0.0,0.715640698537626,0.0,0.1346576632154582,2.8375348317774236,-0.017323873098218413,183.39521803619104,0.050318495705568414,0.058823529411764754,-1.6281722585735101,-0.5700930316725491,0.10516403138236462,-0.5795236572890026,0.03258055235903337,0.005285761480013214,-1.7321726800429962,-0.6263112421083564,-0.12383312636764493,Oil & Gas Equipment & Services,Energy,NR
2016Q2,2016,Q2,2016-07-29,2016-06-30,-13904000.0,115315000.0,-15135000.0,-0.17,12512000.0,0.10850279668733469,790023000.0,497687000.0,446706000.0,97230000.0,292336000.0,144876000.0,143756000.0,483216030.0,560721030.0,5.963394322824928,4.5943227398950945,0.21601016679261237,0.3428922194069767,-0.018084271335761896,5.963394322824928,-0.027937237661421737,4.19040046828253,-8.688435522151899,0.9709235523531858,0.0,0.7095930312819239,0.0,0.14596410484251723,2.783420754911036,-0.017599487609854397,50.90771491782554,0.10850279668733469,-0.06250000000000006,-1.7751688162816173,-0.46300261907979656,0.15549966740103677,3.211376640861663,-0.04541353383458647,0.19601593625498007,-1.9020627321638959,-0.5763582606583234,-0.07525535540596276,Oil & Gas Equipment & Services,Energy,NR
2016Q1,2016,Q1,2016-05-13,2016-03-31,-13300000.0,114544000.0,-18825000.0,-0.16,2971000.0,0.02593763095404386,799889000.0,514843000.0,453430000.0,93194000.0,285046000.0,154638000.0,158488000.0,359674560.0,442950560.0,6.18370607028754,4.8654419812434275,0.20729126166255568,0.3220593462473026,-0.019822256657883133,6.18370607028754,-0.025833118057349523,3.1400558737253808,-6.760800000000001,0.6986101782485146,0.0,0.7215108834827144,0.0,0.14319986898182122,2.907751571989613,-0.01662730703885164,-22.041583527393062,0.02593763095404386,0.84,-1.9030183975098656,-0.39157450339785155,0.2614146713826185,-0.6563728891973167,0.8399441609704438,0.8003330434229228,-1.7732089089112097,-0.5904600776963184,-0.025772085208357838,Oil & Gas Equipment & Services,Energy,NR
2015Q4,2015,Q4,2016-02-26,2015-12-31,-83096000.0,150587000.0,-94282000.0,-1.0,8646000.0,0.057415314735003685,848893000.0,520259000.0,506378000.0,125428000.0,328634000.0,163657000.0,171788000.0,438620160.0,510075160.0,6.262747977657935,4.037200625059795,0.21038340521125748,0.34327709852208227,-0.1162778800843404,6.262747977657935,-0.15972044693124002,2.9127358935366265,-1.3196187542119957,0.8430803888063446,0.0,0.8673078450662055,0.0,0.17739220372885628,2.4994578563000287,-0.09788748405276047,-119.22265833106823,0.057415314735003685,-18.999999999999996,-7.069525527789746,-0.16484911852750686,0.34486107844475167,-0.4557814565367911,-17.58555133079848,-9.178343949044587,-8.560657734851619,-0.4326874206985451,0.03166608461775359,Oil & Gas Equipment & Services,Energy,NR
2015Q3,2015,Q3,2015-10-30,2015-09-30,-4471000.0,154170000.0,-9263000.0,-0.05,15887000.0,0.1030485827333463,912670000.0,603613000.0,501801000.0,114038000.0,309057000.0,176828000.0,254884000.0,424908800.0,489468800.0,7.273322086998434,4.400296392430593,0.19548138976848148,0.2955701749299634,-0.0036203608179636707,7.273322086998434,-0.007407063797499391,2.756105597716806,-23.759159024826662,0.703942426687298,0.0,0.7820198158662656,0.0,0.16892195426605455,2.54730879180624,-0.004898813371755399,51.14453538757824,0.1030485827333463,0.0,-1.584500413747389,-0.07431358660661211,0.6221326239525014,-0.2606915165898832,-0.05101081335213916,-4.507134363852557,-1.2484232903182926,-0.38155592870019805,0.2251657503808834,Oil & Gas Equipment & Services,Energy,NR
2015Q2,2015,Q2,2015-07-31,2015-06-30,-4254000.0,163644000.0,-1682000.0,-0.05,21489000.0,0.13131553860819828,931593000.0,610450000.0,524522000.0,113102000.0,321143000.0,188000000.0,259355000.0,670960770.0000001,729437770.0000001,7.396793854281525,4.6376014570918285,0.19507875220187357,0.29770497174215743,-0.0025836042274902226,7.396793854281525,-0.00696862969940208,4.100124477524383,-39.43116889985896,1.0991248587107871,0.0,0.7561436170212766,0.0,0.17566040105496714,2.7989160227051686,-0.0045663717954085095,19.50864332858431,0.13131553860819828,-6.0,-1.4223403836263036,-0.02888168739304967,0.7233767124408503,-0.3248821866163996,-5.283987915407855,-1.2744778067885119,-1.3157666345661667,-0.2851365447727054,0.30414160556982556,Oil & Gas Equipment & Services,Energy,NR
2015Q1,2015,Q1,2015-05-01,2015-03-31,993000.0,208464000.0,6128000.0,0.01,31830000.0,0.15268823393967304,959169000.0,612823000.0,556163000.0,127293000.0,346346000.0,183821000.0,263609000.0,749743890.0,840457890.0,7.446299469009344,4.369156198691209,0.1901708666564495,0.29764875012850367,0.0033139951072685696,7.446299469009344,0.0016203699926406157,3.5965149378309924,188.75727341389728,1.2234264869301577,0.0,0.9609021820140246,0.0,0.21733813332165655,2.768494732624732,0.0010352711565949275,57.271704988159804,0.15268823393967304,-0.96,-0.8625446021368031,0.39654264281439755,0.7634459638614086,-0.5393299080975469,-0.957647359890813,-0.8412064989246197,-0.9301761849811988,-0.1264302083204478,0.3169615595402238,Oil & Gas Equipment & Services,Energy,NR
2014Q4,2014,Q4,2015-02-27,2014-12-31,23446000.0,306162000.0,38591000.0,0.25,69095000.0,0.2256811753254813,1020122000.0,625458000.0,623836000.0,173232000.0,394664000.0,196556000.0,262616000.0,784426499.9999999,883520499.9999999,7.606664639708118,3.6011591391890643,0.18051370326294305,0.294417850599081,0.03139912554847468,7.606664639708118,0.03748613016381595,2.5621288729496143,8.364182589780773,1.254163349097781,0.0,1.2061041128228087,0.0,0.30012292647350025,2.330123764662418,0.02298352549989119,17.816537203597708,0.2256811753254813,0.0,1578.9495925813314,1.4356243160276791,0.8323938432177518,0.011595391124840784,-0.0019581134003064872,-0.021327855548792858,0.17849097316710114,0.27811957819942873,0.382060402855819,Oil & Gas Equipment & Services,Energy,NR
2014Q3,2014,Q3,2014-10-31,2014-09-30,23492000.0,296964000.0,39432000.0,0.25,68303000.0,0.23000431028676876,987105000.0,609616000.0,596775000.0,160950000.0,377489000.0,198140000.0,239170000.0,1020764200.0,1160675200.0,7.4293583571994395,3.7078285181733457,0.1836694171339422,0.2974019710768746,0.0326335581197949,7.4293583571994395,0.038535733970237004,3.4373331447582873,10.862891622680062,1.67443800687646,0.0,1.154037549207631,0.0,0.3008433753248135,2.314377135756446,0.0237988866432649,4884.03923444976,0.23000431028676876,0.19047619047619052,124.49392721978919,1.7108845510378252,0.7910773727326288,0.18263353822179898,0.1555905356879335,0.23937641438270052,0.12307321193219566,0.24997559042213702,0.40904370849330784,Oil & Gas Equipment & Services,Energy,NR
2014Q2,2014,Q2,2014-07-25,2014-06-30,20329000.0,272466000.0,31816000.0,0.21,57755000.0,0.2119714019363884,983101000.0,598769000.0,601059000.0,175054000.0,384332000.0,199129000.0,215678000.0,1034304600.0000001,1170768600.0,7.21321527526804,3.433563357592514,0.19653830074427756,0.3226903864428519,0.02652285649657898,7.21321527526804,0.03395132346530966,3.7960868512034533,12.719570564218605,1.7273850182624686,0.0,1.0782507821562906,0.0,0.27714955024966914,2.1251728038205355,0.020678445042777903,-21.949505538814144,0.2119714019363884,-0.4166666666666667,3.4669306612627286,1.6508629656939124,0.7663803353513013,0.24837886909908352,-0.4193539173402645,0.5327841210194152,0.1394752738134335,0.27564853784123766,0.3976717621309296,Oil & Gas Equipment & Services,Energy,NR
2014Q1,2014,Q1,2014-04-25,2014-03-31,35011000.0,242824000.0,20757000.0,0.36,46264000.0,0.19052482456429348,987132000.0,607555000.0,632618000.0,169283000.0,379577000.0,199565000.0,195349000.0,970307349.9999999,1028650349.9999999,7.169382721876733,3.7370438850918286,0.19098762880749484,0.3103093547086272,0.017216393958322113,7.169382721876733,0.057626058546139856,3.9959285325997427,6.928589229099425,1.59706915423295,0.0,0.9849422493924286,0.0,0.24598939148968932,2.399939745869343,0.035467394431545125,-65.05580623533355,0.19052482456429348,1.5714285714285712,4.039824466938069,0.9937464862613403,0.7436333926575981,0.8582158492991123,1.5888050872522923,1.3433054865658163,1.335455586199026,0.2672106342242225,0.46248292647451783,Oil & Gas Equipment & Services,Energy,NR
2013Q4,2013,Q4,2014-02-28,2013-12-31,13524000.0,197508000.0,8858000.0,0.14,24897000.0,0.1260556534418859,968417000.0,581054000.0,559440000.0,153751000.0,387363000.0,189680000.0,160338000.0,1052872009.9999999,1172685010.0,6.7825467788815095,3.63861048058224,0.1917077044289805,0.3195107511522165,0.0019436570343066206,6.7825467788815095,0.0232749451858175,5.330781588593879,19.463028874593316,1.8120037208245703,0.0,0.9100115984816534,0.0,0.2039493317444861,2.1747435789035516,0.013965058440733692,25.783568262519893,0.1260556534418859,-0.3,1.0850859093075482,-0.25760350158904466,0.5852961484038708,-0.5514215703938596,-0.2791044776119403,-0.7076664136497145,-0.04212077355593082,0.06216777858338615,0.4564825549725761,Oil & Gas Equipment & Services,Energy,NR
2013Q3,2013,Q3,2013-10-25,2013-09-30,18760000.0,285708000.0,30301000.0,0.2,55502000.0,0.19426127374802246,1017886000.0,570463000.0,611472000.0,162708000.0,447423000.0,203926000.0,146814000.0,1085911500.0,1248539500.0,6.6506907607111625,3.75809425473855,0.22795971258078015,0.406752059292189,0.02663150884555768,6.6506907607111625,0.032885568389185625,3.8007738670250744,14.471102078891258,1.9035616683290593,0.0,1.1288702764728382,0.0,0.28068762120709,2.370412026452295,0.018430354676260405,29.620345871634708,0.19426127374802246,0.1764705882352941,0.8617580193104564,0.39619851810896334,0.5537317124377957,0.08026781891081786,0.1976506639427988,0.1257198053274882,1.3728922884950667,0.6597835500080572,0.4832702753606763,Oil & Gas Equipment & Services,Energy,NR
2013Q2,2013,Q2,2013-07-26,2013-06-30,15664000.0,276622000.0,26917000.0,0.17,51378000.0,0.18573360036439618,1021141000.0,546933000.0,618428000.0,158055000.0,474208000.0,202053000.0,128054000.0,952449990.0,1154537990.0,6.448693006968272,3.9127392363417797,0.25474738552266535,0.4756213283894005,0.022099009315785165,6.448693006968272,0.028639705411814608,3.443146206736991,15.201257501276814,1.74143814690282,0.0,1.114776815983925,0.0,0.2708950086227073,2.48787447407548,0.015339703331861123,129.32111201629328,0.18573360036439618,-0.055555555555555455,0.6390057538466957,0.49203156382873503,0.5136861096671358,-0.01408504758980657,-0.0984748201438849,-0.051182628925940284,0.513254438688492,0.5973604663767826,0.5024789892524015,Oil & Gas Equipment & Services,Energy,NR
2013Q1,2013,Q1,2013-04-26,2013-03-31,17375000.0,282518000.0,28369000.0,0.18,52112000.0,0.18445550372011696,1019192000.0,533807000.0,621755000.0,175482000.0,485385000.0,210264000.0,112390000.0,754377000.0,964464000.0,6.3472889417360285,3.5431269303974195,0.24705551063980094,0.4717004460413595,0.02393217447956913,6.3472889417360285,0.03254921722645076,2.670190925887908,10.85434532374101,1.4132017751734243,0.0,1.095793859148499,0.0,0.27719801568301167,2.1971484254795364,0.01704781827172898,-850.4813979706877,0.18445550372011696,0.5,0.6398898000259997,0.6959466050228932,0.5507004952980807,0.03169606620340124,0.5523094791387474,0.08068264066130815,1.3536177269353251,0.8521144498709241,0.5031763243408315,Oil & Gas Equipment & Services,Energy,NR
2012Q4,2012,Q4,2013-02-28,2012-12-31,11193000.0,270328000.0,26251000.0,0.12,50511000.0,0.18685078867153976,994541000.0,513578000.0,604056000.0,159596000.0,480963000.0,209734000.0,95015000.0,664125700.0,876710700.0,6.070518427460343,3.7849068898969898,0.2608550074858653,0.5051443013524722,0.016164520349469257,6.070518427460343,0.021794157849440592,2.4567403302654554,14.83350531582239,1.293135025254197,0.0,1.0480751809434807,0.0,0.2718118207293616,2.3201396024963032,0.011254437976915985,32.402698087431695,0.18685078867153976,-0.4000000000000001,0.7670120363307943,0.8022568801202025,0.5165018959356894,0.024086126148044524,-0.4027851883470281,-0.08711225483377383,732.0679401787191,1.0901299984669777,0.4623466550045086,Oil & Gas Equipment & Services,Energy,NR
2012Q3,2012,Q3,2012-10-26,2012-09-30,18742000.0,259599000.0,28756000.0,0.2,49323000.0,0.18999687980308091,904455000.0,513059000.0,554484000.0,133236000.0,391396000.0,181188000.0,83822000.0,642122890.0,808302890.0,5.936602524790854,4.161668017652887,0.22293757013892343,0.3930093809873718,0.028831572686992313,5.936602524790854,0.03652991176453391,2.4735183494543507,8.565293058371571,1.251557598638753,0.0,1.1605404331412676,0.0,0.28702257160389405,2.608131435948242,0.020721871182093083,11.40801410627676,0.18999687980308091,0.3333333333333335,1.6460997399701633,0.7596729251466855,0.5157279462119022,0.11534982587852201,0.29585839728963564,0.1616239143607352,94.05924566514484,1.2500177558685814,0.4312022575619117,Oil & Gas Equipment & Services,Energy,NR
2012Q2,2012,Q2,2012-07-27,2012-06-30,14463000.0,245756000.0,24755000.0,0.15,44222000.0,0.1799427074008366,915582000.0,502519000.0,563266000.0,113280000.0,413063000.0,174820000.0,65080000.0,522740000.00000006,733543000.0,5.671772009029345,4.972334039548023,0.26172969761310294,0.4768675413267956,0.022189512875934715,5.671772009029345,0.02878100131537315,2.1270691254740477,9.035815529281615,1.0402392745348934,0.0,1.1528086031346527,0.0,0.2684150627688181,3.2027542372881355,0.015796509761004475,39.550578800030266,0.1799427074008366,-0.06250000000000006,1.7718639297759233,0.4940498562561188,0.4933673562801076,-0.06771514103807395,-0.07490085710630677,-0.05280275492634398,2.6443565974874126,1.2401432111730437,0.3889099605408761,Oil & Gas Equipment & Services,Energy,NR
2012Q1,2012,Q1,2012-05-02,2012-03-31,15634000.0,262336000.0,26135000.0,0.16,47434000.0,0.18081391802878752,942486000.0,511548000.0,597865000.0,152625000.0,430938000.0,189285000.0,50617000.0,740973870.0,938026870.0,5.654150962165508,3.917215397215397,0.24130013602324066,0.44457607106273506,0.02304139944274004,5.654150962165508,0.03056213688647009,2.824522253903391,11.848757035947294,1.4484933378685871,0.0,1.135335605040019,0.0,0.2783447181178288,2.523053235053235,0.016588044809153664,-31.251533951919022,0.18081391802878752,-0.2727272727272727,1.16003669603086,0.5261747319002176,0.5401150116238852,-0.1894810587290467,-0.2856620670748424,-0.2322493463764284,2.271448991026549,1.0175349255120865,0.37512067735981214,Oil & Gas Equipment & Services,Energy,NR
2011Q4,2011,Q4,2012-02-29,2011-12-31,21886000.0,263514000.0,34041000.0,0.22,58523000.0,0.22208687204474906,886837000.0,497846000.0,553818000.0,146843000.0,388991000.0,175929000.0,34983000.0,859313000.0,1026174000.0,5.503858314723506,3.771497449657117,0.2166215437560679,0.38587836399207787,0.034329911607741265,5.503858314723506,0.043961385649377516,3.2609766464020886,9.815784062871241,1.7260618745555854,0.0,1.1651916398092412,0.0,0.29713915860524537,2.409627970008785,0.02467871773505165,-15.063510149703747,0.22208687204474906,-0.04347826086956525,1.5193947213013945,0.582529938590029,0.5401428720686291,-0.02333071877972664,-0.04831064921511501,-0.13114168304448812,2.1958111449027333,-0.06189632412510753,0.28642612755125724,Oil & Gas Equipment & Services,Energy,NR
2011Q3,2011,Q3,2011-10-28,2011-09-30,22997000.0,261193000.0,39179000.0,0.23,59921000.0,0.22941273311306198,836742000.0,475654000.0,503224000.0,147322000.0,361088000.0,156445000.0,13097000.0,549391080.0,661032080.0,5.27262448454751,3.415810265948059,0.2085983493119743,0.36695371004974203,0.038248220709223124,5.27262448454751,0.04834816904724863,2.103391285371354,5.9724211853720055,1.155022516366939,0.0,1.2865352040653264,0.0,0.31215476216085725,2.1483349397917486,0.027483979530129956,238.24418039895923,0.22941273311306198,0.21052631578947373,9.497391330052174,0.28479145775622855,0.09191016548950706,0.15430255629827974,0.19279045643153528,0.23999873401696417,1.1699913359522565,0.2136199886038858,0.23178842080780365,Oil & Gas Equipment & Services,Energy,NR
2011Q2,2011,Q2,2011-07-29,2011-06-30,19280000.0,230822000.0,31596000.0,0.19,51911000.0,0.22489624039303013,805033000.0,462967000.0,470006000.0,128387000.0,342066000.0,134238000.0,-9900000.0,813642490.0,923392490.0,5.160879307077486,3.660853513206166,0.21620728591250296,0.3759533616866861,0.03191432010959237,5.160879307077486,0.04164443686051058,3.5249780783460847,10.5503434906639,1.7574524534146063,0.0,1.3327895230858624,0.0,0.28672364983795695,2.3349949761268665,0.02394932878527961,-109.59624057112069,0.22489624039303013,0.1875,2.070313045343196,0.32085658981832627,0.19343903783652586,0.1892826868885885,0.2160968840671124,0.13052812365822242,0.9073084175901173,0.17707621919856942,0.21140071520699982,Oil & Gas Equipment & Services,Energy,NR
2011Q1,2011,Q1,2011-04-29,2011-03-31,15854000.0,202651000.0,27948000.0,0.16,43649000.0,0.2153900054773971,746451000.0,439340000.0,449615000.0,97229000.0,307111000.0,122911000.0,-29180000.0,704421060.0,782410060.0,4.902199261333839,4.6242890495634015,0.23223895473380035,0.39458050712432285,0.028507492793424415,4.902199261333839,0.03608594710247189,3.4760305155168245,11.107939005929104,1.6033619975417672,0.0,1.293635231997136,0.0,0.27148600510951154,3.039895504427691,0.02123917042109931,60.160650781450165,0.2153900054773971,-0.02915639810426537,1.5271500502326436,0.19805214898169063,0.2110030954113758,0.04807068936538046,0.07339201083276913,0.12389914344311738,0.4041545626415353,0.1415659677826456,0.1976519254724699,Oil & Gas Equipment & Services,Energy,NR
2010Q4,2010,Q4,2011-03-08,2010-12-31,14770000.0,194526000.0,24867000.0,0.16480512379910958,41647000.0,0.21409477396337764,737342000.0,417347000.0,440527000.0,111156000.0,319995000.0,123028000.0,-45034000.0,552065360.0,643648360.0,4.656799187690385,3.963141890676167,0.2367869997911417,0.41834013422883115,0.02727614446236243,4.656799187690385,0.0353902148571812,2.838002940480964,9.344369668246445,1.3227970010566745,0.0,1.2426358227395389,0.0,0.2638205880039385,2.5172640253337653,0.020031410119049235,854.5903405572756,0.21409477396337764,0.8311680422123288,1.1024703855978384,0.30158095461319806,0.17413485908789356,0.2229694015387326,0.7937818800097158,0.27314151136596354,1.2011231617515525,0.22426141420346535,0.16333471045548223,Oil & Gas Equipment & Services,Energy,NR
2010Q3,2010,Q3,2010-10-29,2010-09-30,8234000.0,179278000.0,19532000.0,0.09,34054000.0,0.189950802664019,633783000.0,400556000.0,341522000.0,119124000.0,233227000.0,117629000.0,-59804000.0,750405600.0,838072600.0,4.4838023596838825,2.866945367851986,0.1574182330545313,0.24907628396528825,0.02133006220144033,4.4838023596838825,0.02055642656707177,4.185709345262665,22.783750303619144,1.8734099601553842,0.0,1.234593510103801,0.0,0.2828696888367154,1.5713038514489104,0.01299182843339124,44.43161821303807,0.189950802664019,-0.25,0.5182172989271584,0.19853267740809483,0.08796470456417822,-0.055446148725487476,-0.24040590405904058,-0.0182951347004423,0.12464044242381508,0.17562413387315381,0.14480033208946605,Oil & Gas Equipment & Services,Energy,NR
2010Q2,2010,Q2,2010-07-30,2010-06-30,10840000.0,181352000.0,19896000.0,0.12,36053000.0,0.1988012263443469,643458000.0,381210000.0,348533000.0,123058000.0,262248000.0,116470000.0,-68038000.0,537348900.0,645201900.0,4.292035398230088,2.832266085910709,0.18659492927277305,0.31496025812544265,0.02278731470360042,4.292035398230088,0.02843577031032764,2.9630161233402443,12.392732933579335,1.4095876288659794,0.0,1.2475229672877135,0.0,0.28183968495224243,1.5008207511904956,0.0168464763822969,86.59933924254634,0.1988012263443469,0.3333333333333333,0.9435647256249184,0.16140355310932983,0.03933119974588116,0.3215909090909091,0.3929581084554099,0.45130935881537676,1.072409313704524,0.09980589250546885,0.13008519127912346,Oil & Gas Equipment & Services,Energy,NR
2010Q1,2010,Q1,2010-05-10,2010-03-31,7782000.0,160798000.0,13709000.0,0.09,27280000.0,0.1696538514160624,605788000.0,374349000.0,303505000.0,107481000.0,231439000.0,105359000.0,-78878000.0,465433500.0,581443500.0,4.222584429354569,2.8238014160642346,0.21175064544031905,0.342664198381724,0.017437771123226458,4.222584429354569,0.02078808812097802,2.894522941827635,14.952245566692367,1.2433143937876154,0.0,1.2672671532569595,0.0,0.26543609315470096,1.5468036211051255,0.012846078165959049,-105.82844474761255,0.1696538514160624,497.6787499999999,0.3986239231258355,0.14520434651958258,0.04893711070036809,0.34067230194613723,485.375,1.668158816660179,0.09724321519615584,-0.04534233202798354,0.15017545711364153,Oil & Gas Equipment & Services,Energy,NR
2009Q4,2009,Q4,2010-03-03,2009-12-31,16000.0,135530000.0,5138000.0,0.00018047691023529677,20348000.0,0.15013650114365823,585114000.0,368022000.0,268612000.0,105502000.0,217092000.0,115495000.0,-86660000.0,375006420.00000006,486502420.00000006,4.151217091163399,2.5460370419518115,0.21026671725509902,0.33430066680796255,6.170733698705536e-05,4.151217091163399,4.347566178108918e-05,2.766962443739394,5859.475312500001,1.0189782676035672,0.0,0.9972899259708212,0.0,0.2316300755066534,1.2693598225626055,2.7345098561989628e-05,21.15214732923459,0.15013650114365823,-0.9207911857578702,-0.980418295372152,0.09568935296476833,0.04734260552864435,0.43064051184700836,-0.9207920792079208,1.29579982126899,1.0003874186831268,-0.16955070439702832,0.16163372088657463,Oil & Gas Equipment & Services,Energy,NR
2009Q3,2009,Q3,2009-10-30,2009-09-30,202000.0,118208000.0,2238000.0,0.0022784952907337432,14223000.0,0.12032180563075257,577812000.0,367279000.0,257137000.0,90426000.0,210533000.0,123299000.0,-86676000.0,284226240.0,412842240.0,4.147982923744127,2.843617985977484,0.23349290080510615,0.3673365479648986,-0.008037517089297874,4.147982923744127,0.0005499906065960754,2.4044585814834867,351.7651485148515,0.7738701096441669,0.0,0.8433563938069246,0.0,0.2045786518798502,1.2671797934222457,0.00034959467785369635,30.96821093920244,0.12032180563075257,1.0227849529073374,-0.8253340147271413,-0.11432474980992867,-0.04093936319306506,1.498331284033023,1.0229885057471264,1.2247213575660207,1.0760450548126732,-0.4075889508598436,-0.14099235893113454,Oil & Gas Equipment & Services,Energy,NR
2009Q2,2009,Q2,2009-07-31,2009-06-30,-8787000.0,109599000.0,-9959000.0,-0.1,5693000.0,0.051943904597669684,582208000.0,361457000.0,261680000.0,88725000.0,220751000.0,137464000.0,-86878000.0,252264900.0,390338900.0,4.083613891587771,2.949337841645534,0.24868260140705728,0.4005594026398714,-0.015812428054317,4.083613891587771,-0.02430994558135546,2.3017080447814307,-7.177219187435985,0.6979112314881162,0.0,0.7558779025781296,0.0,0.18824715565571068,1.1903747534516764,-0.015092544245355612,14.116670397313934,0.051943904597669684,0.28571428571428575,-5.250912668980404,-0.20594887185440658,-0.13009780588101383,0.6617046117921774,0.26799400199933354,0.22067454417403554,-2.4181775973567983,-0.36437726155390127,-0.055675604157427505,Oil & Gas Equipment & Services,Energy,NR
2009Q1,2009,Q1,2009-05-01,2009-03-31,-12004000.0,126938000.0,-12779000.0,-0.14,3426000.0,0.026989553955474328,622721000.0,363162000.0,313120000.0,105929000.0,259559000.0,142423000.0,-78091000.0,223457189.99999997,377403190.0,4.111748921571958,2.9559421876917558,0.26216395464421466,0.4495376718929844,-0.020155089482697237,4.111748921571958,-0.03305411909836382,1.7603648237722351,-4.653806856047984,0.6153099443223684,0.0,0.8672194799997192,0.0,0.20384409711572277,1.355804359523832,-0.01927669052432791,8.763714408973252,0.026989553955474328,-2.8491431135038137,-6.730422751997466,-0.025184330103426487,-0.07684567817792463,-0.8847046945986875,-2.7951248691490953,-1.6494054273808314,-2.9415748396564307,-0.23852684681507838,0.015736082140242972,Oil & Gas Equipment & Services,Energy,NR
2008Q4,2008,Q4,2009-03-10,2008-12-31,6687000.0,274283000.0,19678000.0,0.07571074352094019,29715000.0,0.10833700958499068,713679000.0,377882000.0,402793000.0,149657000.0,335797000.0,149304000.0,-66087000.0,326795100.0,506697100.0,4.278409927199031,2.6914410953045964,0.2636395354213869,0.49791733927522347,0.02230994160664457,4.278409927199031,0.01769600033873008,1.1914522591629813,12.217552714221624,0.8648072678772738,0.0,1.6380539034453196,0.0,0.3843226436535193,1.4674756276017829,0.00936975867301686,-22.68622700451232,0.10833700958499068,-0.3690771373254984,3.050740851495604,1.321862254665707,-0.03587546749649972,0.1115891066886129,-0.3581301593396045,-0.011950190801365735,-0.03413442218942593,0.8622088791731598,0.0787302682646985,Oil & Gas Equipment & Services,Energy,NR
2008Q3,2008,Q3,2008-10-31,2008-09-30,10418000.0,211568000.0,19916000.0,0.12,26732000.0,0.1263518112379944,684618000.0,379600000.0,436243000.0,136709000.0,305018000.0,121226000.0,-72774000.0,647378600.0,809756600.0,4.2804627771137325,3.191033509132537,0.2530842017008025,0.4564436248682824,0.024180577747471232,4.2804627771137325,0.027444678609062172,3.059907925584209,15.535097907467845,1.7054230769230767,0.0,1.524722419282992,0.0,0.30903072954552757,1.4447914914160735,0.015217245237490105,74.1641196013289,0.1263518112379944,0.09090909090909087,10.230638513947335,0.8705100566664264,0.016535652957440916,0.30266556210710976,0.041591681663667265,0.2828341384863124,0.9350345659949697,0.42480084050183625,0.03862571253672108,Oil & Gas Equipment & Services,Energy,NR
2008Q2,2008,Q2,2008-08-01,2008-06-30,10002000.0,194032000.0,15525000.0,0.11,20521000.0,0.10576090541766306,679040000.0,378149000.0,432854000.0,126900000.0,300891000.0,122574000.0,-83192000.0,697669320.0,866641320.0,4.260257767963768,3.410985027580772,0.26392406927426953,0.47392694414106606,0.018459484300471837,4.260257767963768,0.02644989144490664,3.5956405129050877,17.438245350929815,1.8449587860869658,0.0,1.4155612120025454,0.0,0.28574458058435437,1.4595508274231679,0.014729618284637135,27.17309912366115,0.10576090541766306,-0.12461502956413781,3.5205850890816928,1.0988555044250718,0.20743490172506918,-0.030106815388978164,-0.11884415470002643,-0.05202418025279355,0.7944463837467317,0.2433920073954421,0.03163613679197474,Oil & Gas Equipment & Services,Energy,NR
2008Q1,2008,Q1,2008-05-02,2008-03-31,11351000.0,178467000.0,16377000.0,0.125659,21158000.0,0.11855413045549038,689634000.0,368791000.0,442889000.0,121816000.0,320843000.0,133247000.0,-93194000.0,459504899.99999994,651322900.0,4.093175284964317,3.6357210875418664,0.29003500407462507,0.5423613916825519,0.01943565545369252,4.093175284964317,0.030778950679382088,2.574733143942577,10.120361642146065,1.2459764473644965,0.0,1.1805819267976014,0.0,0.25878509470240735,1.4470102449596112,0.016459455305277874,-33.28298565840938,0.11855413045549038,0.6782908747405868,3.5487898414988353,0.33835535914523757,-0.1898319929630329,0.11434139147837995,0.6826267417729025,0.17845578182341512,1.0073458952745515,0.25065819405044076,0.01679043458626451,Oil & Gas Equipment & Services,Energy,NR
2007Q4,2007,Q4,2008-03-07,2007-12-31,6746000.0,159740000.0,13897000.0,0.07487319504101045,18987000.0,0.11886190058845623,641779000.0,360664000.0,395090000.0,112190000.0,281115000.0,120202000.0,-104545000.0,491039550.0,662776550.0,4.002974505821374,3.521615117211873,0.2765406783331957,0.49208681764745027,0.021486285773183424,4.002974505821374,0.018704389681254575,3.0739924251909354,18.197433664393714,1.3614875618304019,0.0,1.170970532936224,0.0,0.24890188055389784,1.3164274890810232,0.01051140657453734,311.37574508560556,0.11886190058845623,-0.06408506198736941,2.5220903432051034,0.2174481146453636,-0.19789262839973382,-0.051693137548696436,-0.08627929026141135,-0.10080879974118408,7.123725012384293,0.2707029785231244,0.009941339304114873,Oil & Gas Equipment & Services,Energy,NR
2007Q3,2007,Q3,2007-11-07,2007-09-30,7383000.0,153778000.0,15455000.0,0.08,20022000.0,0.13020067890075304,629196000.0,352833000.0,382294000.0,101662000.0,276363000.0,108319000.0,-111291000.0,497269199.99999994,668103200.0,3.916667591718932,3.760441462886821,0.2832916928906096,0.5051851725887317,0.01915912606961474,3.916667591718932,0.020924913485983455,3.2336823212683217,16.838317757009346,1.409361369259678,0.0,1.2348341472871796,0.0,0.24440396951029567,1.4710806397670713,0.011734022466767113,19.925039067195573,0.13020067890075304,0.3333333333333334,6.358596313883223,0.3607931548684095,-0.18028024851692218,-0.0671387969994875,0.39328175127382525,-0.05485567514677104,5.274750929677526,0.13247468343862315,-0.09442208810145143,Oil & Gas Equipment & Services,Energy,NR
2007Q2,2007,Q2,2007-08-03,2007-06-30,5299000.0,167050000.0,16352000.0,0.06,21463000.0,0.12848249027237355,618090000.0,341738000.0,320910000.0,101535000.0,276352000.0,107464000.0,-118674000.0,697337250.0,870823250.0,3.79797508307494,3.160585019943862,0.28631590868643725,0.5178499318191129,0.020259457015719035,3.79797508307494,0.015506030935980195,4.174422328644119,32.899473957350445,2.040561043840603,0.0,1.3547513585945061,0.0,0.2702680839359964,1.5774265031762447,0.008573185134850912,34.96301077964402,0.12848249027237355,-0.25000000000000006,2.331396926783661,0.5153021016403192,-0.20534211658603563,-0.11964725184577522,-0.2674868675698092,0.007827426810477657,1.521774686517828,0.19058158373445694,-0.19094533771126554,Oil & Gas Equipment & Services,Energy,NR
2007Q1,2007,Q1,2007-05-08,2007-03-31,7234000.0,171800000.0,16225000.0,0.08,24380000.0,0.14190919674039582,612410000.0,331973000.0,307716000.0,93471000.0,280437000.0,105203000.0,-123973000.0,637496250.0,831614250.0,3.671252419131877,3.292101293449305,0.31861824594634314,0.5877737044880156,0.01968480782251749,3.671252419131877,0.02179092878035262,3.7106883003492435,22.03125,1.9203255987685746,0.0,1.4012908377137534,0.0,0.28053101680246895,1.7324624749922435,0.011812347936839699,136.42119623368285,0.14190919674039582,1.171731079669547,2.385026737967914,0.6011815975588582,-0.21611590726894744,-0.1650970857162426,1.171731079669547,1.4836930598616742,2.373063170441001,0.2886628371209227,-0.17574428743921297,Oil & Gas Equipment & Services,Energy,NR
