Year,Date,FillingDate,NetIncome,Revenue,OperatingIncome,EPSDiluted,GrossProfit,GrossProfitRatio,TotalAssets,CommonStockEquity,CurrentAssets,CurrentLiability,TotalLiability,Inventory,RetainedEarnings,EnterpriseValue,bookValuePerShare,currentRatio,debtToAssets,debtToEquity,roic,shareholdersEquityPerShare,roe,priceToSalesRatio,peRatio,pbRatio,payoutRatio,inventoryTurnover,dividendYield,assetTurnover,quickRatio,returnOnAssets,priceToFreeCashFlowsRatio,grossProfitMargin,epsdilutedGrowth,fiveYNetIncomeGrowthPerShare,fiveYRevenueGrowthPerShare,fiveYShareholdersEquityGrowthPerShare,grossProfitGrowth,netIncomeGrowth,operatingIncomeGrowth,threeYNetIncomeGrowthPerShare,threeYRevenueGrowthPerShare,threeYShareholdersEquityGrowthPerShare,Industry,Sector,Price,MarketCap,AvgVolume,Symbol
2022,2022-12-31,2023-03-31,-66915000.0,192000.0,-58333000.0,-7.57,192000.0,1.0,13290000.0,-19483000.0,13290000.0,32773000.0,32773000.0,0.0,-262486000.0,33081512.310000002,-2.205076531423557,0.4055167363378391,0.0,0.0,3.1991982979422784,-2.205076531423557,3.4345326695067495,235.15370994791667,-0.674729317940671,-2.317379885541241,0.0,0.0,0.0,0.014446952595936794,0.3704573887041162,-5.034988713318285,-0.784472188032109,1.0,-0.016107382550335586,0.24459861743622072,-0.9715060916931337,-1.3316034286876688,-0.2835820895522388,-0.18188883197626154,-0.028383548119810306,-0.08784765108122998,-0.9550836457634244,-1.4130520062161125,Biotechnology,Healthcare,2.5625,44314853,215693,CKPT
2021,2021-12-31,2022-03-28,-56617000.0,268000.0,-56723000.0,-7.45,268000.0,1.0,55728000.0,29746000.0,55728000.0,25982000.0,25982000.0,0.0,-199862000.0,181723276.0,3.912320666670174,2.144869525055808,0.0,0.0,-1.9051284351619548,3.912320666670174,-1.9033483493578969,882.307,-4.17645364466503,7.949246150742957,0.0,0.0,0.0,0.0048090726385300025,2.107305057347394,-1.0159524834912432,-8.988758306089865,1.0,-0.8126520681265206,0.28574348669930216,-0.9704513179785189,-0.7390872681316136,-0.7492984097287184,-1.4657898175166586,-1.4448515150209043,0.4153340642059639,-0.9712927694725855,-0.05377545533536492,Biotechnology,Healthcare,2.5625,44314853,215693,CKPT
2020,2020-12-31,2021-03-12,-22961000.0,1069000.0,-23201000.0,-4.11,1069000.0,1.0,42596000.0,35379000.0,42596000.0,7217000.0,7217000.0,0.0,-143192000.0,107179037.0,6.336849805250098,5.902175419149231,0.0,0.0,-0.6523750278476081,6.336849805250098,-0.6490008196952994,138.40134424695978,-6.443579852793867,4.181888606235337,0.0,0.0,0.0,0.02509625316931167,5.652210059581543,-0.5390412245281248,-8.939099571022899,1.0,0.4094827586206896,0.27686083529013966,-0.20727682856459725,-0.6663732438769129,-0.3741217798594848,0.06579054438929123,0.06635814889336016,0.5897910652441744,-0.7489336419502395,-0.04705297410101994,Biotechnology,Healthcare,2.5625,44314853,215693,CKPT
2019,2019-12-31,2020-03-11,-24578000.0,1708000.0,-24850000.0,-6.96,1708000.0,1.0,26966000.0,18847000.0,26966000.0,8119000.0,8119000.0,0.0,-120111000.0,34645794.0,5.338496117289992,3.321344993225767,0.0,0.0,-1.3112565181877418,5.338496117289992,-1.3040802249694912,35.55198711943794,-2.4706157539262756,3.221881148193346,0.0,0.0,0.0,0.06333901950604465,3.2150511146692944,-0.9114440406437736,-2.841098301595471,1.0,0.45353251970192754,-0.22412696534614612,1.002998177977924,-0.7189352443367778,-0.5128351397604107,0.32416751450490827,0.3236254763200871,0.33223334864686,-0.5944335537282364,-0.6439756030488153,Biotechnology,Healthcare,2.5625,44314853,215693,CKPT
2018,2018-12-31,2019-03-18,-36367000.0,3506000.0,-36740000.0,-12.736348000440293,3506000.0,1.0,24899000.0,11806000.0,24899000.0,13093000.0,13093000.0,0.0,-95397000.0,29972752.199999996,4.134664111949025,1.901703200183304,0.0,0.0,-3.1119769608673558,4.134664111949025,-3.0803828561748263,14.82251916714204,-1.42898100475706,4.401808588853125,0.0,0.0,0.0,0.14080886782601712,1.7969143817306958,-1.4605807462147073,-2.0138636775818637,1.0,-0.27037340306895524,-1.2394849923738516,4.083529575951272,-0.7823154062788055,1.032463768115942,-0.6036953741676588,-0.6131723380900109,-1.2394849923738516,4.083529575951272,-0.7823154062788055,Biotechnology,Healthcare,2.5625,44314853,215693,CKPT
2017,2017-12-31,2018-03-16,-22677000.0,1725000.0,-22775000.0,-10.025672742889572,1725000.0,1.0,21413000.0,15041000.0,21413000.0,6372000.0,6372000.0,0.0,-59030000.0,68536448.39999999,6.649739841805072,3.3604833647206527,0.0,0.0,-1.5141945349378365,6.649739841805072,-1.5076790107040756,50.87620197101449,-3.870064311857829,5.834814733062961,0.0,0.0,0.0,0.08055853920515575,3.069052102950408,-1.0590295614813432,-5.533159851207364,1.0,0.03835470889218982,-0.7628557143454335,2.1574249038904996,-0.6498999975278225,-0.32879377431906615,-0.009616668892747428,-0.027567226132467065,-0.7628557143454335,2.1574249038904996,-0.6498999975278225,Biotechnology,Healthcare,2.5625,44314853,215693,CKPT
2016,2016-12-31,2017-03-17,-22461000.0,2570000.0,-22164000.0,-10.425541346269217,2570000.0,1.0,35978000.0,32305000.0,35978000.0,3673000.0,3673000.0,0.0,-36353000.0,137267680.0,14.994748008861778,9.795262728015246,0.0,0.0,-0.6860857452406748,14.994748008861778,-0.6952793685188051,67.0636887159533,-7.6734642268821505,5.335201362018263,0.0,0.0,0.0,0.07143254210906665,9.775932480261366,-0.6242981822224692,-13.146733790999237,1.0,-0.8331658918671987,-0.8331657666126576,3.9387669921681505,-0.2105463612322062,3.3559322033898304,-0.6168298301180536,-0.6764238711141366,-0.8331657666126576,3.9387669921681505,-0.2105463612322062,Biotechnology,Healthcare,2.5625,44314853,215693,CKPT
2015,2015-12-31,2015-12-31,-13892000.0,590000.0,-13221000.0,-5.687178335862514,590000.0,1.0,50654000.0,46396000.0,50654000.0,1790000.0,4258000.0,0.0,-13892000.0,74184400.0,18.993829748211805,28.298324022346367,0.048722706992537605,0.053194240882834726,-0.2705672888015717,18.993829748211805,-0.29942236399689626,207.00745762711864,-8.791707457529514,2.6324338305026296,0.0,0.0,0.0,0.011647648754293836,28.202793296089386,-0.2742527737197457,-33.61805670244976,1.0,0.0,0.0,0.0,0.0,0.0,0.0,0.0,0.0,0.0,0.0,Biotechnology,Healthcare,2.5625,44314853,215693,CKPT
TTM,,,,,,,,,,,,,,,,39468853.0,-1.8877127932523396,0.21000890471950134,0.0,0.0,2.5222241098937435,-1.8877127932523396,5.947488391726467,253.22773142857145,-0.5698230124820198,-1.3574628561927948,0.0,0.0,0.0,0.02968113975576662,0.17385574354407837,-8.961329715061058,-0.8525530117932242,1.0,,,,,,,,,,,Biotechnology,Healthcare,2.5625,44314853,215693,CKPT
