Quarters,Year,Quarter,FillingDate,Date,NetIncome,Revenue,OperatingIncome,EPSDiluted,GrossProfit,GrossProfitRatio,TotalAssets,CommonStockEquity,CurrentAssets,CurrentLiability,TotalLiability,Inventory,RetainedEarnings,MarketCap,EnterpriseValue,bookValuePerShare,currentRatio,debtToAssets,debtToEquity,roic,shareholdersEquityPerShare,roe,priceToSalesRatio,peRatio,pbRatio,payoutRatio,inventoryTurnover,dividendYield,assetTurnover,quickRatio,returnOnAssets,priceToFreeCashFlowsRatio,grossProfitMargin,epsdilutedGrowth,fiveYNetIncomeGrowthPerShare,fiveYRevenueGrowthPerShare,fiveYShareholdersEquityGrowthPerShare,grossProfitGrowth,netIncomeGrowth,operatingIncomeGrowth,threeYNetIncomeGrowthPerShare,threeYRevenueGrowthPerShare,threeYShareholdersEquityGrowthPerShare,Industry,Sector,Symbol
2023Q1,2023,Q1,2023-05-15,2023-03-31,-2865000.0,35000.0,-18083000.0,-0.24,35000.0,1.0,5896000.0,-22179000.0,5896000.0,28075000.0,28075000.0,0.0,-272960000.0,26435562.75,21589562.75,-1.8877127932523396,0.21000890471950134,0.0,0.0,0.22301833960312306,-1.8877127932523396,0.12917624780197484,755.3017928571429,-2.306768128272251,-1.191918605437576,0.0,0.0,0.0,0.005936227951153324,0.17385574354407837,-0.48592265943012214,-1.8840825849903784,1.0,0.916376306620209,0.9311396755393138,-0.9785033748656226,-1.1616797037538493,-0.527027027027027,0.8870490833826138,-0.08645758231194424,0.6218876402470012,-0.9844079127140256,-1.5921710103517914,Biotechnology,Healthcare,CKPT
2022Q4,2022,Q4,2023-03-31,2022-12-31,-25365000.0,74000.0,-16644000.0,-2.87,74000.0,1.0,13290000.0,-19483000.0,13290000.0,32773000.0,32773000.0,0.0,-262486000.0,45149512.31,33081512.310000002,-2.205076531423557,0.4055167363378391,0.0,0.0,1.0307722342074548,-2.205076531423557,1.3019042241954524,610.1285447297298,-0.44499815010841715,-2.317379885541241,0.0,0.0,0.0,0.005568096313017306,0.3704573887041162,-1.9085778781038374,-2.9509485169934644,1.0,-1.411764705882353,-0.20068792494474386,-0.9375598592659341,-1.3628685727103036,0.5416666666666666,-1.4138751427483822,-0.5607651912978244,-0.6548068114044128,0.704386428372475,-1.5952370508458036,Biotechnology,Healthcare,CKPT
2022Q3,2022,Q3,2022-11-10,2022-09-30,-10508000.0,48000.0,-10664000.0,-1.19,48000.0,1.0,21620000.0,-1335000.0,21620000.0,22955000.0,22955000.0,0.0,-241464000.0,92110189.60000001,71632189.60000001,-0.15073250918593267,0.9418427357874102,0.0,0.0,7.909730627894928,-0.15073250918593267,7.871161048689139,1918.9622833333335,-2.1914300913589644,-68.99639670411985,0.0,0.0,0.0,0.0022201665124884367,0.894184273578741,-0.4860314523589269,-8.067810247875975,1.0,0.2608695652173914,0.5436523613909761,-0.9645921343377167,-1.0173431226241387,1.6666666666666667,0.25464604908497657,0.24710533747528945,0.212340675360309,-0.9331031413767867,-1.0831008592324571,Biotechnology,Healthcare,CKPT
2022Q2,2022,Q2,2022-08-12,2022-06-30,-14098000.0,18000.0,-14164000.0,-1.61,18000.0,1.0,32083000.0,7462000.0,32083000.0,24621000.0,24621000.0,0.0,-230852000.0,90135114.60000001,59248114.60000001,0.8527043022143115,1.3030746111043419,0.0,0.0,-1.8922449144206857,0.8527043022143115,-1.8893058161350844,5007.506366666667,-1.5983670485175203,12.079216644331279,0.0,0.0,0.0,0.0005610447900757411,1.2552292758214532,-0.43942274724932207,-8.025564473332741,1.0,0.18686868686868682,0.4320670125014025,-0.9866792092590294,-0.9219530928154667,-0.6538461538461539,0.1619308048983474,0.15865755865755865,-0.09949337103902202,-0.993599384962302,-0.6131593203612824,Biotechnology,Healthcare,CKPT
2022Q1,2022,Q1,2022-05-12,2022-03-31,-16822000.0,52000.0,-16835000.0,-1.98,52000.0,1.0,42906000.0,20216000.0,42906000.0,22690000.0,22690000.0,0.0,-216710000.0,150538305.29999998,109062305.29999998,2.376957806764947,1.8909651828999559,0.0,0.0,-0.8314711150439452,2.376957806764947,-0.8321131776810448,2894.9674096153844,-2.237223655035073,7.446493139097744,0.0,0.0,0.0,0.0012119517083857736,1.830233583076245,-0.3920663776627977,-7.678175318779965,1.0,0.47757255936675463,0.004534313970345838,-0.9805378755456176,-0.8185727593781228,0.0,0.4344025284110013,0.4344978165938865,-0.08276646439753765,-0.943994182280969,0.082822154984001,Biotechnology,Healthcare,CKPT
2021Q4,2021,Q4,2022-03-28,2021-12-31,-29742000.0,0.0,-29770000.0,-3.79,0.0,0.0,55728000.0,29746000.0,55728000.0,25982000.0,25982000.0,0.0,-199862000.0,244231254.5,189496254.5,3.7878059542129567,2.144869525055808,0.0,0.0,-1.0003359582160007,3.7878059542129567,-0.999865528138237,0.0,-2.052915527704929,8.210557873327506,0.0,0.0,0.0,0.0,2.1066507582172274,-0.5336993970714901,-25.768226893859463,0.0,-1.6420977193075899,-0.0037910430221514543,-1.0,-0.7413503651310174,-1.0,-1.6402130492676432,-1.6396524206419578,-0.05100984714618758,-1.0,0.034501589246584204,Biotechnology,Healthcare,CKPT
2021Q3,2021,Q3,2021-11-04,2021-09-30,-11265000.0,29000.0,-11278000.0,-1.43446624714291,29000.0,1.0,60969000.0,47969000.0,60969000.0,13000000.0,13000000.0,0.0,-170106000.0,259152135.0,198949135.0,6.1082923356969445,4.689923076923077,0.0,0.0,-0.23511017532156184,6.1082923356969445,-0.23483916696199628,8936.28051724138,-5.751267976031957,5.402491921866206,0.0,0.0,0.0,0.0004756515606291722,4.633230769230769,-0.1847660286375043,-40.09780829336221,1.0,-0.18429516107853633,0.3167017204488032,-0.983479145632666,-0.5796170402924831,-0.8129032258064516,-0.23195538057742782,-0.2316260784099596,0.5509764371802909,1.1602238607835509,-0.18860217603663496,Biotechnology,Healthcare,CKPT
2021Q2,2021,Q2,2021-08-06,2021-06-30,-9144000.0,155000.0,-9157000.0,-1.2112404865663244,155000.0,1.0,66123000.0,56874000.0,66123000.0,9249000.0,9249000.0,0.0,-158841000.0,222703907.5,157579907.5,7.5336935882007365,7.1492053194939995,0.0,0.0,-0.16100502865984456,7.5336935882007365,-0.16077645321236417,1436.7994032258064,-6.088798870844269,3.915741947111158,0.0,0.0,0.0,0.0023441162681669013,7.057952211049844,-0.1382877364910848,-39.01610152417659,1.0,-0.3090593186339832,0.45260264214164597,-0.9598457574914014,-0.5383225558561244,1.2794117647058822,-0.4056879323597233,-0.40487879717704817,0.470094398543007,-0.530438005342937,-0.01893907406049643,Biotechnology,Healthcare,CKPT
2021Q1,2021,Q1,2021-05-07,2021-03-31,-6505000.0,68000.0,-6518000.0,-0.92527547783722,68000.0,1.0,61430000.0,54175000.0,61430000.0,7255000.0,7255000.0,0.0,-149697000.0,220752644.6,160719644.6,7.705887297895592,8.467263955892488,0.0,0.0,-0.12031379787724965,7.705887297895592,-0.12007383479464698,3246.362420588235,-8.483960207532666,4.074806545454545,0.0,0.0,0.0,0.0011069510011395083,8.28407994486561,-0.10589288621194856,-47.40232866652351,1.0,0.48957611266885936,0.3730487628401432,-0.9147055298882185,-0.5766289151614488,1.5185185185185186,0.36381418092909534,0.3636008592071861,0.7387107669574087,-0.9302023298166939,-0.3400025788150882,Biotechnology,Healthcare,CKPT
2020Q4,2020,Q4,2021-03-12,2020-12-31,-10225000.0,27000.0,-10242000.0,-1.8127589652498803,27000.0,1.0,42596000.0,35379000.0,42596000.0,7217000.0,7217000.0,0.0,-143192000.0,149475184.5,108703184.5,6.2722351080289185,5.902175419149231,0.0,0.0,-0.2894937674891885,6.2722351080289185,-0.28901325645156734,5536.117944444444,-3.654649987775061,4.224969176630204,0.0,0.0,0.0,0.0006338623344915016,5.652210059581543,-0.24004601371020753,-30.29492997567896,1.0,-1.0740365111561867,0.45000560361206365,-0.8201149040381863,-0.6697751221751671,-0.03571428571428571,-1.0740365111561867,-1.0716019417475728,0.24182836518794829,-0.9643134259757626,0.03216236213106298,Biotechnology,Healthcare,CKPT
2020Q3,2020,Q3,2020-11-06,2020-09-30,-4930000.0,28000.0,-4944000.0,-0.8740246160080107,28000.0,1.0,42645000.0,36225000.0,42645000.0,6420000.0,6420000.0,0.0,-132967000.0,151167356.4,109138356.4,6.422219870215313,6.642523364485982,0.0,0.0,-0.13648033126293996,6.422219870215313,-0.13609385783298827,5398.834157142857,-7.665687444219067,4.173011908902692,0.0,0.0,0.0,0.000656583421268613,6.550934579439252,-0.11560558095908079,-30.750072497965828,1.0,0.02526119820131783,0.43052291474306037,-0.5149764819992579,0.0,-0.3333333333333333,-0.061356297093649086,-0.057766367137355584,0.6638185271843893,-0.9675684537195078,-0.26106619381667506,Biotechnology,Healthcare,CKPT
2020Q2,2020,Q2,2020-08-06,2020-06-30,-4645000.0,42000.0,-4674000.0,-0.8966757190697406,42000.0,1.0,22685000.0,14974000.0,22685000.0,7711000.0,7711000.0,0.0,-128037000.0,102568851.0,80644851.0,2.890596873313907,2.9419011801322785,0.0,0.0,-0.3121410444770936,2.890596873313907,-0.31020435421397086,2442.1155,-5.520390258342304,6.849796380392681,0.0,0.0,0.0,0.0018514436852545735,2.848657761639217,-0.20476085519065462,-47.463605275335496,1.0,-0.39039329549879087,0.5947642810092892,-0.9841436015433519,-0.8228593503441696,-0.9567901234567902,-0.4157269125266687,-0.3989823406165819,0.68389468571654,-0.947493474407742,-0.735427456747214,Biotechnology,Healthcare,CKPT
2020Q1,2020,Q1,2020-05-07,2020-03-31,-3281000.0,972000.0,-3341000.0,-0.6449079709838981,972000.0,1.0,23206000.0,16218000.0,23206000.0,6988000.0,6988000.0,0.0,-123392000.0,76821974.8,55340974.8,3.1877831914313144,3.320835718374356,0.0,0.0,-0.2060056727093353,3.1877831914313144,-0.20230607966457023,79.03495349794238,-5.853548826577263,4.736834060919965,0.0,0.0,0.0,0.041885719210549,3.2130795649685173,-0.14138584848746014,-16.921139823788547,1.0,0.6282574212553819,0.5630211267765135,0.6847907716207526,-0.8248592049412736,37.88,0.6282574212553819,0.6227842384554589,0.6754212131945341,-0.3918392284685832,-0.756684487004284,Biotechnology,Healthcare,CKPT
2019Q4,2019,Q4,2020-03-11,2019-12-31,-8826000.0,25000.0,-8857000.0,-1.7348240633660117,25000.0,1.0,26966000.0,18847000.0,26966000.0,8119000.0,8119000.0,0.0,-120111000.0,87505825.6,61428825.599999994,3.704535072691206,3.321344993225767,0.0,0.0,-0.4699421658619409,3.704535072691206,-0.468297341752003,3500.2330239999997,-2.478637706775436,4.642957796996869,0.0,0.0,0.0,0.0009270933768449158,3.2150511146692944,-0.32730104576132907,-18.504086614506235,1.0,-0.1517233700634308,0.47365127455987116,-0.8153343448326414,-0.8049611309672831,-0.9107142857142857,-0.6953515174798309,-0.69220481467329,0.5401995400359846,-0.9782331272274658,-0.7470365020031725,Biotechnology,Healthcare,CKPT
2019Q3,2019,Q3,2019-11-12,2019-09-30,-5206000.0,280000.0,-5234000.0,-1.5062853706532557,280000.0,1.0,14080000.0,6269000.0,14080000.0,7811000.0,7811000.0,0.0,-111285000.0,86058981.6,72998981.6,1.8138501885316292,1.8025860965305338,0.0,0.0,-0.8349018982293827,1.8138501885316292,-0.8304354761524965,307.3535057142857,-4.132682558586247,13.727704833306746,0.0,0.0,0.0,0.019886363636363636,1.7078479067981052,-0.3697443181818182,-24.68702857142857,1.0,-0.028014304470216196,0.01856878492868595,6.915697080942449,0.0,-0.7335870599429115,-0.08639398998330551,-0.08431738139631241,0.2824911027101489,-0.6375596574660051,-0.8751677770455033,Biotechnology,Healthcare,CKPT
2019Q2,2019,Q2,2019-08-08,2019-06-30,-4792000.0,1051000.0,-4827000.0,-1.465237754088952,1051000.0,1.0,15223000.0,7209000.0,15223000.0,8014000.0,8014000.0,0.0,-106079000.0,106289917.5,93084917.5,2.2042777481692934,1.8995507861242824,0.0,0.0,-0.6695796920516022,2.2042777481692934,-0.6647246497433763,101.13217649857279,-5.5451751617278795,14.744058468580942,0.0,0.0,0.0,0.06904026801550285,1.7788869478412777,-0.31478683570912436,-21.451042885973763,1.0,0.19788069211642886,0.337813380377422,-0.3715082697723963,-0.8649181433988923,1.9857954545454546,0.1864176570458404,0.18627781523937964,0.337813380377422,-0.3715082697723963,-0.8649181433988923,Biotechnology,Healthcare,CKPT
2019Q1,2019,Q1,2019-05-10,2019-03-31,-5890000.0,352000.0,-5932000.0,-1.8267079967879711,352000.0,1.0,15288000.0,7078000.0,15288000.0,8210000.0,8210000.0,0.0,-101287000.0,96408962.0,82261962.0,2.195150695637611,1.8621193666260658,0.0,0.0,-0.8380898558914948,2.195150695637611,-0.8321559762644815,273.8890965909091,-4.0920612054329375,13.620932749364226,0.0,0.0,0.0,0.023024594453165882,1.7325213154689403,-0.38526949241234953,-11.752890649762282,1.0,0.4930716929167742,-0.2377467821679901,-0.03731395886076711,-0.8793956756089598,-0.883866710656549,0.4930716929167743,0.5011772620248907,-0.2377467821679901,-0.03731395886076711,-0.8793956756089598,Biotechnology,Healthcare,CKPT
2018Q4,2018,Q4,2019-03-18,2018-12-31,-11619000.0,3031000.0,-11892000.0,-3.6034839074158636,3031000.0,1.0,24899000.0,11806000.0,24899000.0,13093000.0,13093000.0,0.0,-95397000.0,58683716.0,36688716.0,3.6614791060607,1.901703200183304,0.0,0.0,-1.0072844316449263,3.6614791060607,-0.9841605963069625,19.361173210161663,-1.2626670969962992,4.9706688124682366,0.0,0.0,0.0,0.12173179645768907,1.7969143817306958,-0.4666452467970601,-7.716464957264957,1.0,-0.12797974026052394,-0.09330341657977945,34.325991486974004,-0.8072279706305457,605.2,-0.24347174657534246,-0.2668584212208373,-0.09330341657977945,34.325991486974004,-0.8072279706305457,Biotechnology,Healthcare,CKPT
2018Q3,2018,Q3,2018-11-02,2018-09-30,-9344000.0,5000.0,-9387000.0,-3.1946353101905753,5000.0,1.0,30801000.0,22019000.0,30801000.0,8782000.0,8782000.0,0.0,-83778000.0,93596928.0,63996928.0,7.528110324304661,3.507287633796402,0.0,0.0,-0.42631363822153595,7.528110324304661,-0.42436077932694494,18719.3856,-2.5041986301369863,4.250734729097597,0.0,0.0,0.0,0.00016233239180546085,3.3710999772261445,-0.30336677380604526,-14.484204271123492,1.0,-0.3976210451625769,-1.0814873306491988,-0.8329731163826232,0.0,-0.9606299212598425,-0.40744087965054976,-0.4056603773584906,-1.0814873306491988,-0.8329731163826232,0.0,Biotechnology,Healthcare,CKPT
2018Q2,2018,Q2,2018-08-07,2018-06-30,-6639000.0,127000.0,-6678000.0,-2.2857664609786714,127000.0,1.0,28959000.0,22304000.0,28959000.0,6655000.0,6655000.0,0.0,-74434000.0,86553980.8,58249980.8,7.679129184546992,4.351465063861758,0.0,0.0,-0.2994081779053085,7.679129184546992,-0.29765961262553803,681.5274078740157,-3.2593003765627353,3.8806483500717364,0.0,0.0,0.0,0.004385510549397424,4.272126220886552,-0.229255153838185,-13.25279142550911,1.0,0.35452067487465333,-0.03300919324737626,-0.9144857484943505,-0.5294100173220593,-0.6297376093294461,0.24255561893896177,0.2396675395650689,-0.03300919324737626,-0.9144857484943505,-0.5294100173220593,Biotechnology,Healthcare,CKPT
2018Q1,2018,Q1,2018-05-10,2018-03-31,-8765000.0,343000.0,-8783000.0,-3.541192369770782,343000.0,1.0,36429000.0,28899000.0,36429000.0,7530000.0,7530000.0,0.0,-67795000.0,108659304.5,73796304.5,11.675632435140425,4.8378486055776895,0.0,0.0,-0.3039205508841136,11.675632435140425,-0.30329769196165957,316.7909752186589,-3.099238576725613,3.759967628637669,0.0,0.0,0.0,0.009415575503033298,4.675564409030544,-0.24060501249004915,-20.867928653735355,1.0,-0.48107468739439013,-1.399453011742206,0.22202460179225028,-0.3585261529075957,0.03313253012048193,-0.48107468739439,-0.47886849637986195,-1.399453011742206,0.22202460179225028,-0.3585261529075957,Biotechnology,Healthcare,CKPT
2017Q4,2017,Q4,2018-03-16,2017-12-31,-5918000.0,332000.0,-5939000.0,-2.390961374136165,332000.0,1.0,21413000.0,15041000.0,21413000.0,6372000.0,6372000.0,0.0,-59030000.0,96036014.0,76811014.0,6.076791150453204,3.3604833647206527,0.0,0.0,-0.394854065554152,6.076791150453204,-0.3934578817897746,289.26510240963853,-4.056945505238256,6.384948740110365,0.0,0.0,0.0,0.015504600009340121,3.069052102950408,-0.2763741652267314,-22.903890770331504,1.0,0.08034990179093496,0.27457798322370874,4.040693899045639,-0.6800649878929598,-0.04871060171919771,0.0016869095816464238,0.0018487394957983194,0.27457798322370874,4.040693899045639,-0.6800649878929598,Biotechnology,Healthcare,CKPT
2017Q3,2017,Q3,2017-11-03,2017-09-30,-5928000.0,349000.0,-5950000.0,-2.5998598584313153,349000.0,1.0,25660000.0,19817000.0,25660000.0,5843000.0,5843000.0,0.0,-53112000.0,186970086.0,163552086.0,8.691197799416962,4.391579667978778,0.0,0.0,-0.3002472624514306,8.691197799416962,-0.29913710450623204,535.730905444126,-7.885040738866397,9.434833022152697,0.0,0.0,0.0,0.013600935307872175,4.06777340407325,-0.23102104442712393,-49.11218439716312,1.0,0.0834706138272267,-0.6939573751266397,13.955300428968089,0.0,-0.005698005698005698,0.08064516129032258,0.08065512978986403,-0.6939573751266397,13.955300428968089,0.0,Biotechnology,Healthcare,CKPT
2017Q2,2017,Q2,2017-08-09,2017-06-30,-6448000.0,351000.0,-6472000.0,-2.8366355707237743,351000.0,1.0,28942000.0,24835000.0,28942000.0,4107000.0,4107000.0,0.0,-47184000.0,226174942.5,198949942.5,10.925536103540736,7.046992938884831,0.0,0.0,-0.26059995973424604,10.925536103540736,-0.25963358163881617,644.3730555555555,-8.76918976814516,9.107104590295954,0.0,0.0,0.0,0.012127703683228526,6.834185536888239,-0.22279040840301292,-44.58406120638676,1.0,-0.4276637973658262,-0.28196427165196297,-0.6980108990684012,-0.33046472820658024,-0.4935064935064935,-0.4711384896189824,-0.4662437698232895,-0.28196427165196297,-0.6980108990684012,-0.33046472820658024,Biotechnology,Healthcare,CKPT
2017Q1,2017,Q1,2017-05-10,2017-03-31,-4383000.0,693000.0,-4414000.0,-1.9869072648319817,693000.0,1.0,33209000.0,28901000.0,33209000.0,4308000.0,4308000.0,0.0,-40736000.0,275742625.0,243444625.0,13.101438343092585,7.708681522748375,0.0,0.0,-0.1527282792982942,13.101438343092585,-0.15165565205356216,397.8970057720058,-15.72796172712754,9.540937164803985,0.0,0.0,0.0,0.020867837032129844,7.658077994428969,-0.13198229395645758,-98.90338055954089,1.0,0.47338699987985106,-0.3462952324280725,1.7703049102924893,-0.2801905932655839,0.39156626506024095,0.473386999879851,0.4704259148170366,-0.3462952324280725,1.7703049102924893,-0.2801905932655839,Biotechnology,Healthcare,CKPT
2016Q4,2016,Q4,2017-03-17,2016-12-31,-8323000.0,498000.0,-8335000.0,-3.772993193063332,498000.0,1.0,35978000.0,32305000.0,35978000.0,3673000.0,3673000.0,0.0,-36353000.0,176475280.0,141389280.0,14.644543983723953,9.795262728015246,0.0,0.0,-0.2580095960377651,14.644543983723953,-0.25763813651137596,354.3680321285141,-5.300831430974409,5.4627853273487075,0.0,0.0,0.0,0.013841792206348324,9.775932480261366,-0.23133581633220301,-41.34847235238988,1.0,-0.7972394086544867,-0.14473292497645962,7.483793565439177,-0.22898413969922632,-0.08791208791208792,-0.6230499219968799,-0.6219108776026464,-0.14473292497645962,7.483793565439177,-0.22898413969922632,Biotechnology,Healthcare,CKPT
2016Q3,2016,Q3,2016-11-14,2016-09-30,-5128000.0,546000.0,-5139000.0,-2.0993269872086793,546000.0,1.0,39952000.0,35493000.0,39952000.0,4459000.0,4459000.0,0.0,-28030000.0,122134400.0,82780400.0,14.530304320486284,8.959856470060553,0.0,0.0,-0.14478911334629363,14.530304320486284,-0.1444791930803257,223.6893772893773,-5.954290171606864,3.4410841574394953,0.0,0.0,0.0,0.013666399679615538,8.95447409733124,-0.12835402482979574,-42.20262612301313,1.0,0.05124884366327482,-0.36783142171245664,20.84,0.0,-0.5628502802241794,0.05124884366327474,0.05149501661129568,-0.36783142171245664,20.84,0.0,Biotechnology,Healthcare,CKPT
2016Q2,2016,Q2,2016-06-30,2016-06-30,-5405000.0,1249000.0,-5418000.0,-2.2127266704100843,1249000.0,1.0,43500000.0,39860000.0,43500000.0,3640000.0,3640000.0,0.0,-22900000.0,122134400.0,79884400.0,16.318088924987556,11.95054945054945,0.0,0.0,-0.1359257400903161,16.318088924987556,-0.13559959859508278,97.78574859887911,-5.649139685476411,3.0640842950326137,0.0,0.0,0.0,0.02871264367816092,11.95054945054945,-0.12425287356321839,-32.82300456866434,1.0,-0.49930651872399456,0.0,0.0,0.0,3.509025270758123,-0.49930651872399445,-0.6558679706601467,0.0,0.0,0.0,Biotechnology,Healthcare,CKPT
2016Q1,2016,Q1,2016-03-31,2016-03-31,-3605000.0,277000.0,-3272000.0,-1.475833422169908,277000.0,1.0,46060000.0,44460000.0,46060000.0,1590000.0,1590000.0,0.0,-17500000.0,122134400.0,76164400.0,18.201260251002175,28.968553459119498,0.0,0.0,-0.07359424201529464,18.201260251002175,-0.08108412055780477,440.9184115523466,-8.469791955617199,2.7470625281151597,0.0,0.0,0.0,0.006013894919669996,28.962264150943398,-0.07826747720364742,-54.84256847777279,1.0,0.5522295367035152,0.0,0.0,0.0,3.2615384615384615,0.552229536703515,0.5608053691275168,0.0,0.0,0.0,Biotechnology,Healthcare,CKPT
2015Q4,2015,Q4,2015-12-31,2015-12-31,-8051000.0,65000.0,-7450000.0,-3.295959745323143,65000.0,1.0,50654000.0,46396000.0,50654000.0,1790000.0,4258000.0,0.0,-13892000.0,122134400.0,74184400.0,18.993829748211805,28.298324022346367,0.048722706992537605,0.053194240882834726,-0.15246398166339228,18.993829748211805,-0.17352789033537375,1878.9907692307693,-3.792522667991554,2.6324338305026296,0.0,0.0,0.0,0.001283215540727287,28.202793296089386,-0.15894105105223674,-97.5514376996805,1.0,-1.1475060016004266,0.0,0.0,0.0,1.6,-1.1475060016004268,-1.0250067953248165,0.0,0.0,0.0,Biotechnology,Healthcare,CKPT
2015Q3,2015,Q3,2015-09-30,2015-09-30,-3749000.0,25000.0,-3679000.0,-1.5347848820291223,25000.0,1.0,,,,,,,,122134400.0,,,0.0,0.0,0.0,0.0,,0.0,4885.376,-8.144465190717524,0.0,0.0,0.0,0.0,0.0,0.0,0.0,-51.10225941422595,1.0,0.0,0.0,0.0,0.0,0.0,0.0,0.0,0.0,0.0,0.0,Biotechnology,Healthcare,CKPT
