Year,Date,FillingDate,NetIncome,Revenue,OperatingIncome,EPSDiluted,GrossProfit,GrossProfitRatio,TotalAssets,CommonStockEquity,CurrentAssets,CurrentLiability,TotalLiability,Inventory,RetainedEarnings,EnterpriseValue,bookValuePerShare,currentRatio,debtToAssets,debtToEquity,roic,shareholdersEquityPerShare,roe,priceToSalesRatio,peRatio,pbRatio,payoutRatio,inventoryTurnover,dividendYield,assetTurnover,quickRatio,returnOnAssets,priceToFreeCashFlowsRatio,grossProfitMargin,epsdilutedGrowth,fiveYNetIncomeGrowthPerShare,fiveYRevenueGrowthPerShare,fiveYShareholdersEquityGrowthPerShare,grossProfitGrowth,netIncomeGrowth,operatingIncomeGrowth,threeYNetIncomeGrowthPerShare,threeYRevenueGrowthPerShare,threeYShareholdersEquityGrowthPerShare,Industry,Sector,Price,MarketCap,AvgVolume,Symbol
2022,2022-12-31,2023-02-27,-1584511000.0,4095135000.0,-1458916000.0,-4.47,1659399000.0,0.4052122824,4556431000.0,388668000.0,2582859000.0,3132563000.0,4167763000.0,0.0,-9940595000.0,4653411620.0,1.0956696764590634,0.8245194111020273,0.2250370959200304,2.6381538999866208,-0.8949694022476647,1.0956696764590634,-4.076772463902354,0.9545804033322467,-2.4670927623727446,10.057775839533997,0.0,0.0,0.0,0.89875935792729,0.5735852718684349,-0.34775265992176774,-11.097459567642758,0.40521228237896917,-0.4801324503311257,-0.5441735999945259,1.5917337350381529,1.1317092108137403,0.06454232799650499,-0.5698190633857726,-0.3478130727842488,0.6094953738752024,-0.27368829120532967,-0.9126645676668647,Software—Application,Technology,11.94,4412068800,17913560,LYFT
2021,2021-12-31,2022-02-28,-1009359000.0,3208323000.0,-1082432000.0,-3.02,1558791000.0,0.4858584999,4773884000.0,1393998000.0,2776070000.0,2463576000.0,3379886000.0,0.0,-8309787000.0,14764601519.999998,4.164619208661464,1.1268456909792919,0.1925413353152276,0.6593768427214386,-0.4247322208877609,4.164619208661464,-0.7240749269367674,4.458016390494348,-14.170138196617852,10.260241779399971,0.0,0.0,0.0,0.6720571760855522,0.9148725267659694,-0.21143349943149017,-79.06574746955448,0.4858584999078958,0.4616755793226382,-0.050866431623771594,5.643521840778402,0.0,0.6995753217796143,0.4241635227517134,0.40143620097966026,0.21266571094699369,0.05754003535888806,-0.45919313901003195,Software—Application,Technology,11.94,4412068800,17913560,LYFT
2020,2020-12-31,2021-03-01,-1752857000.0,2364681000.0,-1808382000.0,-5.61,917165000.0,0.387859927,4678964000.0,1676163000.0,2594138000.0,2074471000.0,3002801000.0,0.0,-7300428000.0,15976753750.0,5.369305677905021,1.2505057915969904,0.20503042981309538,0.5723369385912945,-0.5977033301268107,5.369305677905021,-1.045755693211221,6.485930977582177,-8.749805460456843,9.150158874763374,0.0,0.0,0.0,0.5053855939049755,1.085128690639686,-0.3746250238300615,-10.415458039113421,0.38785992698380883,0.5096153846153846,-0.9567578252196323,4.250269258593333,0.0,-0.36285464792763555,0.32640481800109983,0.33084352150617213,-0.9411020796323318,0.700574815414725,1.6454381540794851,Software—Application,Technology,11.94,4412068800,17913560,LYFT
2019,2019-12-31,2020-02-28,-2602241000.0,3615960000.0,-2702480000.0,-11.44,1439491000.0,0.3980937289,5691383000.0,2854084000.0,3247363000.0,2451365000.0,2837299000.0,0.0,-5547571000.0,9904920960.0,12.545534466237067,1.3247162295292623,0.08368370218627001,0.16687525664976924,-0.7105825119517661,12.545534466237067,-0.9117604807707131,2.7066018318786713,-3.7609752363443665,3.429108589656086,0.0,0.0,0.0,0.6353394245300308,1.1626681461145116,-0.45722472024813654,-34.48664138976003,0.39809372891293043,-1.9869451697127936,-2.986195958753231,10.016741770448276,0.0,0.5762875376690728,-1.8554165043589899,-1.7640887746992722,-2.986195958753231,10.016741770448276,0.0,Software—Application,Technology,11.94,4412068800,17913560,LYFT
2018,2018-12-31,2018-12-31,-911335000.0,2156616000.0,-977711000.0,-3.83,913216000.0,0.42344858797300955,3760043000.0,1832363000.0,2320442000.0,1897222000.0,1927680000.0,0.0,-3630177000.0,18111102340.0,7.700751430996949,1.2230735253966063,0.0,0.0,-0.5340117613334604,7.700751430996949,-0.4973550546480146,8.63797372364853,-20.441212441089174,10.166540330709582,0.0,0.0,0.0,0.5735615257591469,1.0741336543641176,-0.2423735579619701,-52.9918056215349,0.42344858797300955,-0.32403306694802086,-0.3347144233839196,5.28205232771528,0.0,1.2810554817308941,-0.3240355600238849,-0.3804174102604649,-0.3347144233839196,5.28205232771528,0.0,Software—Application,Technology,11.94,4412068800,17913560,LYFT
2017,2017-12-31,2017-12-31,-688301000.0,1059881000.0,-708272000.0,-2.892677,400348000.0,0.377729197900519,3016727000.0,-1979438000.0,2563695000.0,696818000.0,4996165000.0,0.0,-2033995000.0,17522690340.0,-8.318853857597942,3.6791457740758706,0.0,0.0,0.3581039642721484,-8.318853857597942,0.34772546551091776,17.576305585249663,-27.064892162004707,-9.411152226035876,0.0,0.0,0.0,0.35133474126097586,3.430944665608523,-0.22816151411778393,-45.93475101652328,0.377729197900519,-0.008065423886046905,-0.008065390146955032,2.0873497660924327,0.0,5.227511005335449,-0.008065390146955011,-0.022623349884421523,-0.008065390146955032,2.0873497660924327,0.0,Software—Application,Technology,11.94,4412068800,17913560,LYFT
2016,2016-12-31,2016-12-31,-682794000.0,343298000.0,-692603000.0,-2.869533,64287000.0,0.18726296104259274,,,,,,,,,,0.0,0.0,0.0,0.0,,0.0,54.264202937389676,-27.28318107657654,0.0,0.0,0.0,0.0,0.0,0.0,0.0,-37.559412115762264,0.18726296104259274,0.0,0.0,0.0,0.0,0.0,0.0,0.0,0.0,0.0,0.0,Software—Application,Technology,11.94,4412068800,17913560,LYFT
TTM,,,,,,,,,,,,,,,,4899380800.0,1.0221257763019531,0.8124910697883285,0.22008952048652092,2.6096817767725318,-0.9364123055038489,1.0221257763019531,-2.5168864629082606,1.0454871771054202,-2.8327965094576784,11.68153692708824,0.0,0.0,0.0,0.9317009996321862,0.5596678471556,-0.3477734461413332,-15.190929655248398,0.3970689849643658,,,,,,,,,,,Software—Application,Technology,11.94,4412068800,17913560,LYFT
