Quarters,Year,Quarter,FillingDate,Date,NetIncome,Revenue,OperatingIncome,EPSDiluted,GrossProfit,GrossProfitRatio,TotalAssets,CommonStockEquity,CurrentAssets,CurrentLiability,TotalLiability,Inventory,RetainedEarnings,MarketCap,EnterpriseValue,bookValuePerShare,currentRatio,debtToAssets,debtToEquity,roic,shareholdersEquityPerShare,roe,priceToSalesRatio,peRatio,pbRatio,payoutRatio,inventoryTurnover,dividendYield,assetTurnover,quickRatio,returnOnAssets,priceToFreeCashFlowsRatio,grossProfitMargin,epsdilutedGrowth,fiveYNetIncomeGrowthPerShare,fiveYRevenueGrowthPerShare,fiveYShareholdersEquityGrowthPerShare,grossProfitGrowth,netIncomeGrowth,operatingIncomeGrowth,threeYNetIncomeGrowthPerShare,threeYRevenueGrowthPerShare,threeYShareholdersEquityGrowthPerShare,Industry,Sector,Symbol
2023Q4,2023,Q4,2023-12-31,2023-12-31,-69859000.0,142190000.0,-49806000.0,-0.84,132425000.0,0.9313242844,,,,,,,,2045228059.9999998,,,0.0,0.0,0.0,0.0,,0.0,14.383768619452843,-7.319128745043587,0.0,0.0,0.0,0.0,0.0,0.0,0.0,-25.01593820712599,0.9313242844081863,0.0,-1.90047835233966,-0.4598713903884371,0.0,0.0,0.0,0.0,0.16939471643157084,0.3351462452196589,0.0,Leisure,Consumer Cyclical,SIX
2023Q1,2023,Q1,2023-05-08,2023-04-02,-105563000.0,142190000.0,-49806000.0,-1.27,23555000.0,0.1656586258,2658192000.0,-1016713000.0,234866000.0,513657000.0,3153510000.0,41016000.0,-2055359000.0,2206649640.0,4772343640.0,-12.219080125470214,0.45724286829537997,0.9895609496981407,-2.5872030750074013,-0.03344420424793753,-12.219080125470214,0.10382772719538355,15.519021309515438,-5.225906899197635,-2.1703761435134594,0.0,2.892407840842598,0.0,0.053491245177173054,0.22353633066423703,-0.03971233078724185,-26.990345046907297,0.1656586257824038,-8.9375,-0.718644494566121,0.11911963573252352,0.4006054114694398,-0.9086020045087867,-8.89610292467649,-1.7346992963667744,-0.2703307347820498,0.41133666751299,0.42955071192126965,Leisure,Consumer Cyclical,SIX
2022Q4,2022,Q4,2023-03-07,2023-01-01,13369000.0,279876000.0,67791000.0,0.16,257719000.0,0.9208327974,2665825000.0,-950565000.0,240790000.0,434309000.0,3094995000.0,44811000.0,-1985500000.0,1933377000.0,4410278000.0,-11.43110539227476,0.5544209307198331,0.9591863681974623,-2.6900033138186235,0.031627282343171755,-11.43110539227476,-0.01406426704118077,6.907977104146122,36.15410651507218,-2.033924034653075,7.479991024010771e-05,0.4944544866215885,5.172296970533941e-07,0.104986636407116,0.31236285685997756,0.005014957846070166,52.25625709497811,0.9208327973816977,-0.8848920863309353,-0.8580942624109854,0.1340436556268626,0.35257949192896626,-0.44536840360946656,-0.8845798547859345,-0.6867719831629141,2.218712517048471,0.09042819888446761,0.4339435907190605,Leisure,Consumer Cyclical,SIX
2022Q3,2022,Q3,2022-11-10,2022-10-02,115829000.0,504831000.0,216427000.0,1.39,464667000.0,0.9204407019,2704066000.0,-965555000.0,271435000.0,484236000.0,3125902000.0,48493000.0,-1998868000.0,1458299700.0,3948225700.0,-11.620032734012083,0.5605427931834891,0.9479206498657947,-2.6546804687459544,0.09545139239361675,-11.620032734012083,-0.11996105866574147,2.888688887964487,3.14752717367844,-1.510322767734619,0.0016921496343748111,0.8282432516033242,0.00013440309971948837,0.18669329816653885,0.31326667162292765,0.042835123107202264,13.073879131814637,0.9204407019378762,0.7594936708860758,-0.33935951991766006,-0.10048024919029469,0.3615462446169539,0.16250450324233448,0.7104862885242996,0.479195429008844,-0.33935951994198404,-0.16642282408516837,0.3910260819230274,Leisure,Consumer Cyclical,SIX
2022Q2,2022,Q2,2022-08-11,2022-07-03,67717000.0,435422000.0,146314000.0,0.79,399712000.0,0.9179876074,2713793000.0,-1081020000.0,262796000.0,639881000.0,3251094000.0,47531000.0,-2114697000.0,1958215680.0,4548503680.0,-12.719079442771084,0.41069511362268923,0.9820535317174155,-2.4653475421361306,0.06051690113850876,-12.719079442771084,-0.06264176425968067,4.497282360560559,7.229409454051419,-1.8114518510295832,0.00016244074604604457,0.7512991521322926,5.617358757948461e-06,0.1604477570691648,0.23279797337317407,0.02495289802870005,21.28171452170322,0.9179876074245215,1.6528925619834711,0.35041623034080205,0.06956116112409334,0.2935269518418755,20.874459585180322,1.6518269675034654,3.924349929046829,-0.15239833187386484,-0.09183275221296014,0.3805059079148605,Leisure,Consumer Cyclical,SIX
2022Q1,2022,Q1,2022-05-12,2022-04-03,-103888000.0,138107000.0,-50033000.0,-1.21,18273000.0,0.1323104549,0.0,-2086757000.0,433279000.0,444265000.0,3399741000.0,39161000.0,-2088913000.0,3608209475.7799997,3356006475.7799997,-24.209139908961873,0.9752715158745343,0.0,-1.2645257689323672,-0.1110744743686706,-24.209139908961873,0.049784426265252736,26.12618821478998,-8.682931319738564,-1.7290990162151127,-0.00013476051131988296,3.060034217716606,3.880040805273249e-06,0.0,0.5676859532036059,0.0,-41.10373895724387,0.13231045493711396,-51.1551724137931,-0.9089947818418349,0.46737124778994965,-0.7400069431280286,-0.8825755871863252,-50.96998499249625,-1.8179871170257986,-0.4666421629849002,0.05145158994771692,-0.1655845846784934,Leisure,Consumer Cyclical,SIX
2021Q4,2021,Q4,2022-01-02,2022-01-02,-1999000.0,316810000.0,61166000.0,-0.0232,155615000.0,0.4911934598,0.0,-2021097000.0,516034999.0,435739000.0,3428723000.0,51073000.0,-2023251000.0,3761193659.94,,-23.487796124650828,1.1842754469992358,0.0,,0.0,-23.487796124650828,0.0009890668285589459,11.872079984659575,-470.38439969234616,-1.86096642562925,-0.017008504252126064,3.1561686213850764,9.039683428728948e-06,0.0,0.7701513979698856,0.0,-121.48165950518394,0.49119345980240525,-1.0128888888888887,-2.3832916498781223,0.7112308804745737,-1.114514370714447,-0.5629590102930645,-1.0127129692637415,-0.7680751672152033,-1.0249160206041679,0.16370254472415055,-0.2432955929267925,Leisure,Consumer Cyclical,SIX
2021Q3,2021,Q3,2021-10-03,2021-10-03,157241000.0,638284000.0,263732000.0,1.8,356065000.0,0.5578472905,0.0,-2019103000.0,622143000.0,522320000.0,3507029000.0,28996000.0,-2021252000.0,3869002156.19,,-23.113471706633096,1.1911146423648338,0.0,,0.0,-23.113471706633096,-0.07787666107177296,6.061568449451968,6.151388881064735,-1.9161985080454043,0.0036186490800745354,9.733032142364465,0.00014706634347299584,0.0,0.7480241997243069,0.0,24.636891997567513,0.5578472905477813,1.222222222222222,0.6513761403491077,0.23202571473641415,-0.9788656225878902,0.5034941412435343,1.229736245036869,0.645671354940159,-0.16666667283671402,0.006473347514725705,-0.23824512099987005,Leisure,Consumer Cyclical,SIX
2021Q2,2021,Q2,2021-07-04,2021-07-04,70520000.0,459787000.0,160258000.0,0.81,236825000.0,0.5150754589,0.0,-2176346000.0,479865000.0,595231000.0,3545603000.0,36038000.0,-2178493000.0,3665298748.8,,-24.99773494043215,0.8061828096990916,0.0,,0.0,-24.99773494043215,-0.03240293593022433,7.971732016781684,12.993827101531481,-1.6841525882373483,0.0001276233692569484,6.186858316221766,2.4554615099100866e-06,0.0,0.426254680955797,0.0,19.228906317479304,0.5150754588537736,1.7232142857142856,0.2656249990913855,0.23426716415573956,-1.1981094167931252,14.2794101155097,1.7358173603647784,2.9748367221195315,-0.07954545728735697,0.0037948139853020866,-0.23587373233629344,Leisure,Consumer Cyclical,SIX
2021Q1,2021,Q1,2021-04-04,2021-04-04,-95839000.0,82024000.0,-81150000.0,-1.12,-17834000.0,-0.2174241685,0.0,-2247073000.0,217548000.0,466008000.0,3387053000.0,39057000.0,-2249207000.0,4005675372.06,,-26.371308685375347,0.4668331874130916,0.0,,0.0,-26.371308685375347,0.04265059479598571,48.83540636959914,-10.44897007496948,-1.7826191548116148,-0.0020972672920209936,2.5567247868499883,5.017880415422473e-05,0.0,0.13670580762562015,0.0,-38.69058939593541,-0.21742416853603824,-0.10891089108910901,-1.213294488271132,-0.22970445118514193,-1.296908374997729,-2.500294406280667,-0.11742141591269471,-0.13159399272098504,-0.5236701718432465,-0.369590468583482,-0.29361781379387325,Leisure,Consumer Cyclical,SIX
2020Q4,2020,Q4,2020-12-31,2020-12-31,-85768000.0,108602000.0,-71713000.0,-1.01,-5095000.0,-0.0469144215,0.0,-2151242000.0,306740000.0,452405000.0,3407862000.0,60791000.0,-2153368000.0,2893422475.9,,-25.353142450164377,0.6780207999469502,0.0,,0.0,-25.353142450164377,0.039869061686225914,26.642441906226406,-8.433863666810467,-1.3450009231411435,-2.3318720268631656e-05,1.870293299995065,6.912229432993187e-07,0.0,0.35065262320266133,0.0,-64.53634608637076,-0.046914421465534706,0.2627737226277373,-45.80523021368001,-0.4302025581697902,-1.581035889290302,-9.483539094650206,0.26171538752883655,-0.02675963575969303,-1.8922004417803138,-0.5687411136801793,-0.4359192574128075,Leisure,Consumer Cyclical,SIX
2020Q3,2020,Q3,2020-09-30,2020-09-30,-116172000.0,126327000.0,-69844000.0,-1.37,-486000.0,-0.0038471586,0.0,-2065476000.0,381565000.0,428356000.0,3397657000.0,43892000.0,-2067600000.0,1721380724.0,,-24.357867039761274,0.8907660917554557,0.0,,0.0,-24.357867039761274,0.05624466224734637,13.626388056393328,-3.7043795492889853,-0.8334063063429448,-0.009287952346520677,2.8892053221543788,0.0006268224018988143,0.0,0.501104221722119,0.0,-28.40656001848246,-0.003847158564677385,0.15432098765432098,-1.835365855260287,-0.7516093595951444,-1.9336710785485147,0.9893775135513202,0.1513725948544129,0.3708427917702591,-1.6492890945284575,-0.7794283770081657,-0.3383242578256522,Leisure,Consumer Cyclical,SIX
2020Q2,2020,Q2,2020-06-30,2020-06-30,-136894000.0,19143000.0,-111012000.0,-1.62,-45752000.0,-2.3900120148,0.0,-1949309000.0,463175000.0,380385000.0,3395696000.0,43456000.0,-1951428000.0,1623292429.49,,-23.06807153764939,1.2176479093549957,0.0,,0.0,-23.06807153764939,0.0702269368273578,84.79822543436244,-2.964506168075299,-0.8327527495589463,-0.0003725510248805645,1.4933495719808543,3.1417629426155206e-05,0.0,0.7797652378511245,0.0,-22.396109732067714,-2.39001201483571,-0.6200000000000001,-3.4179104461124803,-0.9426070181825851,-1.7524208600342184,-3.738684619368203,-0.6191658978544224,-0.44210758778368126,-3.745762715749308,-0.9527051441929058,-0.2813011262065241,Leisure,Consumer Cyclical,SIX
2020Q1,2020,Q1,2020-03-31,2020-03-31,-84546000.0,102503000.0,-76979000.0,-1.0,-9655000.0,-0.0941923651,0.0,-1813341000.0,216262000.0,385005000.0,3044137000.0,42397000.0,-1815457000.0,1061586892.0799999,,-21.42009882530312,0.5617121855560318,0.0,,0.0,-21.42009882530312,0.04662443522757165,10.356642167351199,-3.1390807728337236,-0.585431472668406,-0.2527263264968183,2.6454230252140483,0.02012741506080108,0.0,0.05924858118725731,0.0,-9.324844236286179,-0.09419236510150922,-6.692307692307692,-0.332836878761435,0.33452365089174296,-1.435700096801619,-1.0842723598879278,-6.579202151501569,-2.9000123411082317,-0.58185593679824,0.10890769614255831,-0.5395474939908431,Leisure,Consumer Cyclical,SIX
2019Q4,2019,Q4,2019-12-31,2019-12-31,-11155000.0,261000000.0,40515000.0,-0.13,114569000.0,0.4389616858,0.0,-1707631000.0,376240000.0,339732000.0,3069400000.0,55851000.0,-1709747000.0,3814506336.5499997,,-20.19428665562797,1.1074611752793377,0.0,,0.0,-20.19428665562797,0.006532441727750316,14.61496680670498,-85.48871215934558,-2.2338001222453796,-6.294128193635141,2.621815186836404,0.018406313636773714,0.0,0.5141228968716518,0.0,77.12773548087704,0.4389616858237548,-1.0616113744075828,0.6434648629805395,0.5742099465381078,-1.7034031548230733,-0.6977677299538879,-1.0620297720663059,-0.8617523314258806,-8.85506731572134,0.4345959814402968,-0.8180126016521752,Leisure,Consumer Cyclical,SIX
2019Q3,2019,Q3,2019-09-30,2019-09-30,179833000.0,621180000.0,293061000.0,2.11,379076000.0,0.6102514569,0.0,-1626281000.0,508385000.0,410646000.0,3110504000.0,36953000.0,-1628394000.0,4328776288.11,,-19.081330725470156,1.2380127896046718,0.0,,0.0,-19.081330725470156,-0.11057929103273051,6.968634354148556,6.017772444587478,-2.6617640420751396,0.39192473016632096,6.5516737477336076,0.016281968692536182,0.0,0.5175138683927275,0.0,23.053855226183373,0.6102514569046009,1.2446808510638299,0.9537037114038058,0.308167075609531,-2.3389111177436925,0.476146899739487,1.2615098278398873,0.7506003369054872,0.9357798281388873,0.2289370603074549,-0.6336528707207045,Leisure,Consumer Cyclical,SIX
2019Q2,2019,Q2,2019-06-30,2019-06-30,79519000.0,477210000.0,167406000.0,0.94,256801000.0,0.5381299637,0.0,-1736847000.0,410053000.0,476639000.0,3142487000.0,42866000.0,-1738955000.0,4397231466.4,,-20.531397482678578,0.860300982504579,0.0,,0.0,-20.531397482678578,-0.04578353764033331,9.214457925022526,13.824467946025477,-2.5317321942577555,0.8698047007633396,5.141814025101479,0.01572944261144979,0.0,0.23875092050797353,0.0,37.15729515890519,0.5381299637476163,2.146341463414634,0.40298508726043386,0.48258876490900854,-2.8557731016358687,50.14538936466839,2.1502487993982524,3.586139776308472,0.4687500070571254,0.318397145771063,-0.8053738970406996,Leisure,Consumer Cyclical,SIX
2019Q1,2019,Q1,2019-03-31,2019-03-31,-69132000.0,128193000.0,-64732000.0,-0.82,5021000.0,0.0391675052,0.0,-1747294000.0,222616000.0,531176000.0,2964818000.0,39468000.0,-1749400000.0,4172651336.0,,-20.769955460280517,0.4191002605539407,0.0,,0.0,-20.769955460280517,0.03956517907118092,32.54975962806081,-15.089435196435804,-2.388064822519851,-0.9994358618295435,3.1208067295023816,0.016558536632067165,0.0,0.038469358555356416,0.0,-46.93329287112231,0.03916750524599627,-1.8817204301075268,-0.27503588890538094,0.9628746818693233,-2.6103169988976798,-0.9537695197407189,-1.8704389212057113,-1.4515692470822956,-0.6170785967422935,0.21937092042313192,-0.8090374358821517,Leisure,Consumer Cyclical,SIX
2018Q4,2018,Q4,2018-12-31,2018-12-31,79422000.0,269503000.0,143349000.0,0.93,108608000.0,0.4029936587,0.0,-1609235000.0,241929000.0,368360000.0,2635150000.0,51679000.0,-1611334000.0,4738715714.940001,,-18.891562278733044,0.6567732652839613,0.0,,0.0,-18.891562278733044,-0.04935388554188792,17.583164992374854,14.916256562854121,-2.9447008764661473,0.8662461282767999,3.1133535865632074,0.014518490692128619,0.0,0.12109892496470843,0.0,99.26298862990404,0.40299365869767684,-0.5694444444444444,6.172092326246446,1.014990120903917,-3.2505084516846794,-0.7218994456322737,-0.5693347142617003,-0.5003903499905897,40.328545933711446,0.40848475984725074,-0.9232251127061661,Leisure,Consumer Cyclical,SIX
2018Q3,2018,Q3,2018-09-30,2018-09-30,184417000.0,619820000.0,286922000.0,2.16,390535000.0,0.6300780872,0.0,-1593697000.0,343408000.0,398250000.0,2634646000.0,35826000.0,-1595807000.0,5844140528.0,,-18.66631357123314,0.8622925298179536,0.0,,0.0,-18.66631357123314,-0.11571647559103142,9.428770494659739,7.922453634968577,-3.6670336506876775,0.3627593985370112,6.399960922235248,0.011447192222616588,0.0,0.17214563716258632,0.0,31.48596003469622,0.6300780871866025,1.4545454545454548,0.7704918077579682,0.4200952521095825,-3.594453912802589,0.5802432668652078,1.4753295213551314,0.9584317365841672,0.31707318014910035,0.2104262396662387,-1.2481781421030778,Leisure,Consumer Cyclical,SIX
2018Q2,2018,Q2,2018-06-30,2018-06-30,74502000.0,445420000.0,146506000.0,0.88,247136000.0,0.5548381303,0.0,-1712426000.0,312960000.0,566332000.0,2762385000.0,42485000.0,-1714524000.0,5930528478.15,,-20.226770976980372,0.5526087171482452,0.0,,0.0,-20.226770976980372,-0.04350669751568827,13.314463827735619,19.900568032234034,-3.4632319750751273,0.8767818313602319,4.667153112863364,0.0110145327251471,0.0,0.12117450541378555,0.0,54.18580949994518,0.5548381303039828,2.1891891891891895,0.8723404376288364,0.4576825929076927,-4.106754535802153,11.738312458120715,2.1949955890608708,3.80185124978485,0.3134328426870215,0.3329155832707949,-1.4134044442038545,Leisure,Consumer Cyclical,SIX
2018Q1,2018,Q1,2018-03-31,2018-03-31,-62345000.0,128964000.0,-52289000.0,-0.74,19401000.0,0.1504373313,0.0,-1721716000.0,189182000.0,505572000.0,2647735000.0,36162000.0,-1723804000.0,5081779675.610001,,-20.385703106572546,0.3741939822616759,0.0,,0.0,-20.385703106572546,0.03621096626853674,39.40463753923576,-20.377655287553132,-2.951578352997823,-1.05901034565723,3.029782644765223,0.01299229880368135,0.0,0.06538138979215621,0.0,-77.83396773539545,0.15043733134828324,-1.6548672566371683,-0.2033509327347955,0.7783387236708126,-4.437958887592314,-0.8535065994140566,-1.6360890902227256,-2.247858148581247,0.01483776493924144,0.6829855379438453,-1.3180779619650123,Leisure,Consumer Cyclical,SIX
2017Q4,2017,Q4,2017-12-31,2017-12-31,98013000.0,256755999.0,41903000.0,1.13,132436000.0,0.5158048907,0.0,-1527496000.0,221072000.0,297840000.0,2467357000.0,46060000.0,-1529608000.0,5759129735.73,,-17.656384451480122,0.7422508729519205,0.0,,0.0,-17.656384451480122,-0.06416579814284293,22.430360958109492,14.689708854259127,-3.7703075724780946,0.6026445471519084,2.6990881458966567,0.010256237089702053,0.0,0.26019339242546335,0.0,123.21629729845955,0.5158048906970232,-0.46445497630331756,-0.18736201409768183,1.3021390141541114,-68.68895183342653,-0.6391556794371923,-0.4594622914656004,-0.8721303871517023,4.061989188285262,0.5136656407823228,-1.3636549407699847,Leisure,Consumer Cyclical,SIX
2017Q3,2017,Q3,2017-09-30,2017-09-30,181325000.0,580418000.0,327701000.0,2.11,367017000.0,0.6323322157,0.0,-1564059000.0,275012000.0,345290000.0,2595994000.0,30578000.0,-1566152000.0,5236940936.92,,-18.200273138092108,0.7964667381042022,0.0,,0.0,-18.200273138092108,-0.11593232736105223,9.022705941097623,7.220379066482835,-3.348301398425507,0.3019440231628292,6.978906403296488,0.010454576566639704,0.0,0.23945958469692144,0.0,23.02539081137169,0.632332215747961,2.576271186440678,-0.027649764528238866,0.5770529964092962,-85.96305568620696,0.5399723908747226,2.4852765924729945,0.881446820726281,0.9537037113318728,0.212267118681694,-2.1847408967987634,Leisure,Consumer Cyclical,SIX
2017Q2,2017,Q2,2017-06-30,2017-06-30,52026000.0,422372000.0,174175000.0,0.59,238327000.0,0.5642585209,0.0,-1587554000.0,279162000.0,429630000.0,2593100000.0,40261000.0,-1589693000.0,5256389592.21,,-18.003630111483417,0.649773060540465,0.0,,0.0,-18.003630111483417,-0.03277116872874875,12.444929096175883,25.258474571416215,-3.3109989280427627,1.0521277822627149,4.571297285213979,0.010413611670094249,0.0,0.15892512161627448,0.0,35.543043331507626,0.5642585209246825,1.9365079365079365,-0.078124999822805,0.442937567628256,-9.38499886136467,251.08079748163695,1.9040453186904844,3.341974694437348,-0.11940298583502232,0.2588700928634258,-2.381061263570788,Leisure,Consumer Cyclical,SIX
2017Q1,2017,Q1,2017-03-31,2017-03-31,-57548000.0,99528000.0,-74371000.0,-0.63,-953000.0,-0.0095751949,0.0,-1268208000.0,184697000.0,393354000.0,2128340000.0,36745000.0,-1270489000.0,5422581378.09,,-13.913243280191084,0.4695439731132771,0.0,,0.0,-13.913243280191084,0.04537741443044043,54.48297341542079,-23.556775987393134,-4.275782346499943,-1.0173420449016473,2.734548918220166,0.010796702883345513,0.0,0.0788119607274872,0.0,-48.32012776541142,-0.009575194920022507,-38.50000000000001,-0.02918776738373764,0.27164233744265787,-2.7114071835155764,-1.0080667688062368,-31.80728051391863,-3.665340644375157,0.020415659710012326,0.40650684564527895,-1.418455774752748,Leisure,Consumer Cyclical,SIX
2016Q4,2016,Q4,2016-12-31,2016-12-31,1868000.0,239314000.0,27903000.0,0.0168,118139000.0,0.4936568692,0.0,-1235533000.0,278791000.0,315952000.0,2188286000.0,45556000.0,-1237804000.0,6669362851.96,,-11.107891461960048,0.8823840330176735,0.0,,0.0,-11.107891461960048,-0.001511898103895242,27.86866983110056,892.5806814721628,-5.397964159565143,31.48608137044968,2.65991307401879,0.00881883341865484,0.0,0.43482870815820124,0.0,110.3158106137554,0.4936568692178477,-0.9845871559633028,-0.9879539158790519,0.6689165990903638,-43.58411636910827,-0.6737870458066066,-0.981772408813255,-0.8609217058436509,-0.8708153843106805,0.3702704632349888,-1.4992208607653423,Leisure,Consumer Cyclical,SIX
2016Q3,2016,Q3,2016-09-30,2016-09-30,102482000.0,557599000.0,200628000.0,1.09,362153000.0,0.6494864589,0.0,-1098171000.0,432548000.0,308297000.0,2212518000.0,30704000.0,-1100472000.0,5040422010.63,,-11.680162332804649,1.4030237076585241,0.0,,0.0,-11.680162332804649,-0.09332062128757726,9.039510491643636,12.295871496043207,-4.5898334691318565,0.532395932944322,6.36548983845753,0.010824688862347946,0.0,0.7744382851600892,0.0,23.339933461892876,0.6494864589068489,0.7031250000000001,-0.49769585292021223,0.38478240128382174,-55.52568075085754,0.5817995195457524,0.6831507546766962,0.3902089179918927,-0.10655737791973861,0.16011216737167616,-1.8749097848021725,Leisure,Consumer Cyclical,SIX
2016Q2,2016,Q2,2016-06-30,2016-06-30,60887000.0,407066000.0,144315000.0,0.64,228950000.0,0.5624395061,0.0,-1081922000.0,360594000.0,371672000.0,2227763000.0,40494000.0,-1084244000.0,5513127549.150001,,-11.372379713882463,0.9701941496803633,0.0,,0.0,-11.372379713882463,-0.056276700168773716,13.543571679162595,22.636718631029616,-5.09567930881339,0.8840474978238376,4.39857756704697,0.009763423668349357,0.0,0.4400331475064035,0.0,35.927140877988705,0.562439506124314,2.2549019607843137,5.255637418322134e-09,0.2889648523768314,-5.559907621316098,19.49686660698299,2.2972621710876746,3.8230081571174273,0.3617021333786097,0.18549230643938783,-1.871241868157235,Leisure,Consumer Cyclical,SIX
2016Q1,2016,Q1,2016-03-31,2016-03-31,-46935000.0,115419000.0,-51121000.0,-0.51,11170000.0,0.0967778269,0.0,-1060393999.0,171917000.0,362875000.0,2030820000.0,37644000.0,-1062724999.0,5125001242.940001,,-11.481219265179186,0.4737636927316569,0.0,,0.0,-11.481219265179186,0.04426184988246053,44.40344521214012,-27.298398012890168,-4.833110379512814,-1.1315649302226483,2.769339071299543,0.010362924316001337,0.0,0.06224733034791595,0.0,-53.446670590676824,0.09677782687425814,-23.56637168141593,0.17159242378994757,0.45539161327624356,-2.0626561182158984,-0.8938677004351709,-22.490384615384617,-4.749523250696788,0.17159242378994757,0.45539161327624356,-2.0626561182158984,Leisure,Consumer Cyclical,SIX
2015Q4,2015,Q4,2015-12-31,2015-12-31,2184000.0,217457000.0,13634000.0,0.0226,105246000.0,0.4839853396,0.0,-950936000.0,227977000.0,272058000.0,1968503000.0,43635000.0,-953225000.0,5318659539.4,,-9.822855449381464,0.837972050077557,0.0,,0.0,-9.822855449381464,-0.0022966845297685647,24.45844253990444,608.8209179716117,-5.593078334819588,24.310897435897434,2.5715824452847484,0.009982778481434754,0.0,0.36668651537539787,0.0,81.35741458006875,0.4839853396303637,-0.9862195121951219,-0.9838180505585676,0.7424049925681402,-38.657697769724045,-0.7223383037325481,-0.9861157024793389,-0.9531157045539733,-0.9838180505585676,0.7424049925681402,-38.657697769724045,Leisure,Consumer Cyclical,SIX
2015Q3,2015,Q3,2015-09-30,2015-09-30,157300000.0,575261000.0,290801000.0,1.64,379044000.0,0.6589078696,0.0,-796366000.0,483610000.0,283649000.0,2104445000.0,26624000.0,-798695000.0,4390971944.52,,-8.302862314003095,1.7049592982876725,0.0,,0.0,-8.302862314003095,-0.19752224479699032,7.633008224997003,6.978658525937699,-5.51376119085948,0.3157787666878576,7.369929387019231,0.011312301838318828,0.0,0.7432707324898026,0.0,20.015644140158926,0.6589078696452567,1.4477611940298505,-0.24423963467207102,0.40042772302194196,-39.75966848338757,0.7299098178100697,1.4003540255142526,1.1053008803428703,-0.24423963467207102,0.40042772302194196,-39.75966848338757,Leisure,Consumer Cyclical,SIX
2015Q2,2015,Q2,2015-06-30,2015-06-30,65532000.0,386065000.0,138128000.0,0.67,219112000.0,0.5675520961,0.0,-819738000.0,448052000.0,343294000.0,2108018000.0,35921000.0,-822107000.0,4386731631.75,,-8.381011738649084,1.3051553478942248,0.0,,0.0,-8.381011738649084,-0.07994261581139339,11.362676315516817,16.735074588559787,-5.35138255363299,0.7540438259171092,4.647782634113749,0.011264422843274608,0.0,0.45088175150162835,0.0,27.21854741820596,0.5675520961496121,1.8933333333333333,0.04687500239625303,0.18905695502495096,-3.8344026634628094,41.63649851632047,1.9318317549697124,2.5918132159402587,0.04687500239625303,0.18905695502495096,-3.8344026634628094,Leisure,Consumer Cyclical,SIX
2015Q1,2015,Q1,2015-03-31,2015-03-31,-70326000.0,85155000.0,-86774000.0,-0.75,-5392000.0,-0.0633198285,0.0,-825383000.0,244848000.0,320079000.0,1918295000.0,34260000.0,-827755000.0,4543525245.7699995,,-8.79422670033573,0.7649611502160404,0.0,,0.0,-8.79422670033573,0.08520408101451084,53.35594205589806,-16.15165531158462,-5.504747790746841,-0.6935699456815403,2.6429363689433742,0.010735276544443156,0.0,0.051074887762083736,0.0,-52.50991364868669,-0.06331982854794199,-1.027027027027027,-0.22147489003228024,0.05665716286752121,-1.3458912844253992,-1.0633637303751058,-1.0289077375800588,-1.7280558350100603,-0.22147489003228024,0.05665716286752121,-1.3458912844253992,Leisure,Consumer Cyclical,SIX
2014Q4,2014,Q4,2014-12-31,2014-12-31,-34662000.0,183681000.0,-31808000.0,-0.37,85096000.0,0.4632814499,0.0,-699793000.0,198511000.0,231671000.0,1755456000.0,42699000.0,-702116000.0,4042338645.15,,-7.469950095900367,0.8568659866793858,0.0,,0.0,-7.469950095900367,0.049531790115076885,22.00738587632907,-29.15540538017137,-5.776477680042526,-1.3999480699324909,2.3088362725122367,0.01200418971780613,0.0,0.3189177756387291,0.0,80.40295022581252,0.46328144990499837,-1.3425925925925926,-1.26539544587922,0.520903264319506,-29.63740839065797,-0.7624556153554122,-1.3300074261667651,-1.1555875130846516,-1.26539544587922,0.520903264319506,-29.63740839065797,Leisure,Consumer Cyclical,SIX
2014Q3,2014,Q3,2014-09-30,2014-09-30,105034000.0,541843000.0,204438000.0,1.08,358232000.0,0.6611361594,0.0,-555789000.0,491901000.0,253419000.0,1943455000.0,25795000.0,-558152000.0,3344554846.17,,-5.71483638006051,1.9410580895670806,0.0,,0.0,-5.71483638006051,-0.18898178985190422,6.172553389395083,7.960648090546871,-6.017670098130766,0.4402288782679894,7.118084900174453,0.013825158242792865,0.0,0.6502156507602035,0.0,16.90612111433496,0.6611361593671967,0.6119402985074627,-0.5023041468202496,0.3009121274561141,-27.678168943542655,0.63821614106973,0.5840798721081049,0.5448404062386653,-0.5023041468202496,0.3009121274561141,-27.678168943542655,Leisure,Consumer Cyclical,SIX
2014Q2,2014,Q2,2014-06-30,2014-06-30,66306000.0,376551000.0,132336000.0,0.67,218672000.0,0.5807234611,0.0,-526969000.0,450022000.0,321297000.0,1968797000.0,35582000.0,-529354000.0,4210925816.45,,-5.3248458717572955,1.4006417738105241,0.0,,0.0,-5.3248458717572955,-0.1258252382967499,11.182883106006889,15.876865654880401,-7.990841617723243,0.6725484873163816,4.437046821426564,0.010590070199240591,0.0,0.36490225554549216,0.0,30.57177572401426,0.580723461098231,2.046875,0.04687500110519792,0.14621641725251436,-2.071520464079648,16.450575849643187,2.083413669711279,2.737126055053097,0.04687500110519792,0.14621641725251436,-2.071520464079648,Leisure,Consumer Cyclical,SIX
2014Q1,2014,Q1,2014-03-31,2014-03-31,-61201000.0,73718000.0,-76181000.0,-0.64,-14153000.0,-0.1919883882,0.0,-546289000.0,267531999.0,239286000.0,1824924000.0,34956000.0,-548667000.0,3812569561.9,,-5.752945092251485,1.1180428399488478,0.0,,0.0,-5.752945092251485,0.11203044542357617,51.718298948696386,-15.573967589990358,-6.9790341044758355,-0.7343344063005507,2.5137601556242135,0.011787850495664946,0.0,0.0935491420308752,0.0,-37.31119229128133,-0.19198838818199082,-5.923076923076923,-0.05063721933229945,-0.09588613707795197,-0.5346185868935371,-1.2127950684107653,-5.79406235312549,-76.0283114256825,-0.05063721933229945,-0.09588613707795197,-0.5346185868935371,Leisure,Consumer Cyclical,SIX
2013Q4,2013,Q4,2013-12-31,2013-12-31,12766000.0,154188000.0,-989000.0,0.13,66510000.0,0.4313565258,0.0,-436454000.0,353858000.0,216810000.0,1796908000.0,43672000.0,-438825000.0,3615724000.0,,-4.4445417515274945,1.6321110649877772,0.0,,0.0,-4.4445417515274945,-0.029249359611780393,23.450099878070926,70.8076923076923,-8.284318622351956,3.5036816543944855,2.007647920864627,0.012370413228443322,0.0,0.7809141644758083,0.0,70.8687573500588,0.43135652579967315,-0.8934426229508196,-0.906752951528547,0.2179468534630159,-18.038956835558597,-0.8005750969239211,-0.8939727415429848,-1.003956585574665,-0.906752951528547,0.2179468534630159,-18.038956835558597,Leisure,Consumer Cyclical,SIX
2013Q3,2013,Q3,2013-09-30,2013-09-30,120403000.0,504520000.0,249963000.0,1.22,333509000.0,0.6610421787,0.0,-400961000.0,476550000.0,222151000.0,1885509000.0,27210000.0,-403337000.0,3334768315.5699997,,-4.06279264641634,2.145162524589131,0.0,,0.0,-4.06279264641634,-0.3002860627342809,6.609784182133512,6.924180285312659,-8.316939342155472,0.36085479597684444,6.2848585079015065,0.013028791174829664,0.0,0.9046189303671827,0.0,21.90453501730808,0.6610421787045112,1.595744680851064,-0.43778801831701303,0.19366250973916893,-19.966049313651606,0.5852016978073948,1.5422393952830389,1.100794217758541,-0.43778801831701303,0.19366250973916893,-19.966049313651606,Leisure,Consumer Cyclical,SIX
2013Q2,2013,Q2,2013-06-30,2013-06-30,47361000.0,363701000.0,118985000.0,0.47,210389000.0,0.5784669275,0.0,-399121000.0,482771000.0,313595000.0,1910341000.0,38449000.0,-401515000.0,3713303932.25,,-3.960787783155748,1.5394728870039383,0.0,,0.0,-3.960787783155748,-0.11866326251938634,10.20977102688747,19.601063809093983,-9.303704721751048,0.9038238212875572,3.9874118962781866,0.011527739388157916,0.0,0.6416428833367879,0.0,27.08325564887278,0.5784669275036363,1.7704918032786887,-0.26562499922470495,0.08728234285064414,-1.2846934958935559,46.50919316461172,1.7574487821261215,2.497288182516013,-0.26562499922470495,0.08728234285064414,-1.2846934958935559,Leisure,Consumer Cyclical,SIX
2013Q1,2013,Q1,2013-03-31,2013-03-31,-62527000.0,87521000.0,-79467000.0,-0.61,-4623000.0,-0.0528216085,0.0,-382106000.0,362276000.0,236892000.0,1791919000.0,36792000.0,-383311000.0,3700500977.48,,-3.7487784530858095,1.5292876078550564,0.0,,0.0,-3.7487784530858095,0.16363783871491158,42.281292232492774,-14.795612205447245,-9.684488015053415,-0.7227117885073648,2.5044574907588606,0.012211589802301095,0.0,0.5797494216773889,0.0,-50.320251532928104,-0.05282160852823894,-1.4388489208633095,0.0,0.0,0.0,-1.074967162339663,-1.4017463601434097,-2.3831580739920812,0.0,0.0,0.0,Leisure,Consumer Cyclical,SIX
2012Q4,2012,Q4,2012-12-31,2012-12-31,155638000.0,143919000.0,-23489000.0,1.39,61667000.0,0.4284840778,0.0,29120000.0,763474000.0,181863000.0,1729784000.0,45280000.0,27775000.0,3416086110.6000004,,0.26084588360786154,4.198072175208811,0.0,,0.0,0.26084588360786154,5.344711538461539,23.736171809142647,5.487230160050888,117.31064940247254,0.3316285225973091,1.8165194346289752,0.01510910390690782,0.0,3.4597911614786954,0.0,158.75481506645602,0.42848407784934583,-0.35944700460829493,0.0,0.0,0.0,-0.8060316491729129,-0.3668516288606112,-1.1027982984384848,0.0,0.0,0.0,Leisure,Consumer Cyclical,SIX
2012Q3,2012,Q3,2012-09-30,2012-09-30,245816000.0,485143000.0,228496000.0,2.17,317923000.0,0.6553181227,0.0,24266000.0,481883000.0,204428000.0,1439393000.0,26610000.0,22914000.0,3369491648.19,,0.2142139661891512,2.3572260160056353,0.0,,0.0,0.2142139661891512,10.130058518091156,6.9453576537021045,3.4268432976189507,138.85649254883376,0.13110212109870797,6.284103720405862,0.009564350461385316,0.0,1.3767928072475395,0.0,18.440435339997894,0.6553181226978437,2.3906249999999996,0.0,0.0,0.0,0.46619780017063667,2.400791345009823,1.1715610803824295,0.0,0.0,0.0,Leisure,Consumer Cyclical,SIX
2012Q2,2012,Q2,2012-06-30,2012-06-30,72282000.0,374912000.0,105222000.0,0.64,216835000.0,0.578362389,0.0,-195796000.0,279846000.0,283005000.0,1523352000.0,37668000.0,-197123000.0,3059561531.25,,-1.733618881602612,0.9888376530449992,0.0,,0.0,-1.733618881602612,-0.3691699523994362,8.160745805015576,10.58203125,-15.626271891407384,0.4408704795108049,4.196585961558883,0.010415544735581955,0.0,0.4517411353156305,0.0,20.88238360929593,0.5783623890406282,0.0,0.0,0.0,0.0,0.0,0.0,0.0,0.0,0.0,0.0,Leisure,Consumer Cyclical,SIX
