Quarters,Year,Quarter,FillingDate,Date,NetIncome,Revenue,OperatingIncome,EPSDiluted,GrossProfit,GrossProfitRatio,TotalAssets,CommonStockEquity,CurrentAssets,CurrentLiability,TotalLiability,Inventory,RetainedEarnings,MarketCap,EnterpriseValue,bookValuePerShare,currentRatio,debtToAssets,debtToEquity,roic,shareholdersEquityPerShare,roe,priceToSalesRatio,peRatio,pbRatio,payoutRatio,inventoryTurnover,dividendYield,assetTurnover,quickRatio,returnOnAssets,priceToFreeCashFlowsRatio,grossProfitMargin,epsdilutedGrowth,fiveYNetIncomeGrowthPerShare,fiveYRevenueGrowthPerShare,fiveYShareholdersEquityGrowthPerShare,grossProfitGrowth,netIncomeGrowth,operatingIncomeGrowth,threeYNetIncomeGrowthPerShare,threeYRevenueGrowthPerShare,threeYShareholdersEquityGrowthPerShare,Industry,Sector,Symbol
2023Q1,2023,Q1,2023-05-26,2023-03-31,492016.0,0.0,958271.0,0.12,-958271.0,0.0,170896949.0,163613224.0,566561.0,1508725.0,7283725.0,0.0,-6082275.0,169620000.0,169094238.0,9.915952969696969,0.3755230409783095,0.0,0.0,0.003411146757554893,9.915952969696969,0.003007189687796874,0.0,86.18622158628988,1.036713267137869,0.0,0.0,0.0,0.0,0.34848100217070704,0.0028790215558500113,-350.9672186437627,0.0,1.7272727272727273,2.2444858490686426,0.0,-0.0005772507605483621,-0.01888985172859262,-0.3450981122933865,1.6447376565636993,2.2444858490686426,0.0,-0.0005772507605483621,Shell Companies,Financial Services,RCACU
2022Q4,2022,Q4,2023-03-27,2022-12-31,751282.0,0.0,-1486296.0,0.044,-940505.0,0.0,169625495.0,163121208.0,865720.0,729287.0,6504287.0,0.0,-5247190.0,164383402.05,163606795.05,9.913293237624655,1.187077241195853,0.0,0.0,-0.006565541678249588,9.913293237624655,0.004605667216490942,0.0,54.70096516687475,1.0077377679179522,0.0,0.0,0.0,0.0,1.0648852920729426,0.004429062977826535,-676.5027451746986,0.0,0.7599999999999998,5.798862692392859,0.0,0.09885572613819656,-3.6676807631034327,0.8170433217885958,-8.376415061565414,5.798862692392859,0.0,0.09885572613819656,Shell Companies,Financial Services,RCACU
2022Q3,2022,Q3,2022-11-14,2022-09-30,413464.0,0.0,201493.0,0.025,-201493.0,0.0,168486500.0,162369926.0,970062.0,341574.0,6116574.0,0.0,-4902477.0,164340000.0,163514403.0,9.840601575757576,2.8399761105938977,0.0,0.0,0.0009217579256619124,9.840601575757576,0.002546432151481057,0.0,99.36778050809744,1.012133244428528,0.0,0.0,0.0,0.0,2.417037011013719,0.0024539888952527355,-1336.260519575558,0.0,5.097560975609756,408868.9639083637,0.0,6507.017955225017,-0.4116876383712132,5.106485105377424,2.4116876383712134,408868.9639083637,0.0,6507.017955225017,Shell Companies,Financial Services,RCACU
2022Q2,2022,Q2,2022-08-12,2022-06-30,67709.0,0.0,-142732.0,0.0041,-142732.0,0.0,167907513.0,161956462.0,1012005.0,176051.0,5951051.0,0.0,-4750984.0,158924336.58,158112958.58,9.925829950442697,5.748362690356772,0.0,0.0,-0.0006639648117385615,9.925829950442697,0.00041806914749718355,0.0,586.7917728071601,0.9812781448634017,0.0,0.0,0.0,0.0,4.608766777808703,0.0004032517591991253,-5939.986416744534,0.0,1.1708333333333334,253.87163836644436,0.0,7983.099392217295,0.0,1.173184743352329,-1.7081154559796792,253.87163836644436,0.0,7983.099392217295,Shell Companies,Financial Services,RCACU
2022Q1,2022,Q1,2022-05-13,2022-03-31,-390964.0,0.0,201566.0,-0.024,0.0,0.0,167767021.0,161888753.0,1015004.0,103268.0,5878268.0,0.0,-4774563.0,161208669.96,160370536.96,9.921680267177114,9.828833714219313,0.0,0.0,0.005140341543333627,9.921680267177114,-0.002415016440332949,0.0,-103.08408827922777,0.9957990717242723,0.0,0.0,0.0,0.0,8.11609598326684,-0.002330398416027188,-197.37823074380165,0.0,-1.5263157894736843,0.0,0.0,0.0,0.0,-1.518448853388302,2.298415356866787,0.0,0.0,0.0,Shell Companies,Financial Services,RCACU
2021Q4,2021,Q4,2022-04-05,2021-12-31,-155240.0,0.0,-155240.0,-0.0095,0.0,0.0,153656017.0,147200311.0,2066677.0,1205706.0,6455706.0,0.0,-4300120.0,162024503.31,160369620.31,9.021469335618605,1.7140803811211025,0.0012351550151140519,0.0012893247216033395,-0.0010532593437415404,9.021469335618605,-0.001054617337051686,0.0,-260.9258298602164,1.100707615420731,0.0,0.0,0.0,0.0,1.5299517461138952,-0.0010103086298273631,0.0,0.0,-155009.3365,0.0,0.0,0.0,0.0,-155241.0,0.0,0.0,0.0,0.0,Shell Companies,Financial Services,RCACU
2021Q3,2021,Q3,2021-09-30,2021-09-30,1.0,0.0,0.0,6.128702632712918e-08,0.0,0.0,115942.0,24672.0,44672.0,91270.0,91270.0,0.0,-328.0,161371836.63,161418434.63,0.0015120735135429313,0.48944888791497754,0.7872039468009867,3.699335278858625,0.0,0.0015120735135429313,4.053177691309987e-05,0.0,40342959.157500006,6540.687282344358,0.0,0.0,0.0,0.0,0.48944888791497754,8.62500215625054e-06,80685918.315,0.0,1.0030643513163564,0.0,0.0,0.0,0.0,1.003030303030303,1.0,0.0,0.0,0.0,Shell Companies,Financial Services,RCACU
2021Q2,2021,Q2,2021-05-31,2021-05-31,-330.0,0.0,-330.0,-2e-05,0.0,0.0,77830.0,25000.0,45000.0,52830.0,52830.0,0.0,0.0,198881966.0,198889796.0,0.0012431996976538335,0.8517887563884157,0.6787871000899396,2.1132,-0.004240010278812797,0.0012431996976538335,-0.0132,0.0,-150668.15606060607,7955.27864,0.0,0.0,0.0,0.0,0.8517887563884157,-0.004240010278812797,-602672.6242424243,0.0,0.0,0.0,0.0,0.0,0.0,0.0,0.0,0.0,0.0,0.0,Shell Companies,Financial Services,RCACU
