Quarters,Year,Quarter,FillingDate,Date,NetIncome,Revenue,OperatingIncome,EPSDiluted,GrossProfit,GrossProfitRatio,TotalAssets,CommonStockEquity,CurrentAssets,CurrentLiability,TotalLiability,Inventory,RetainedEarnings,MarketCap,EnterpriseValue,bookValuePerShare,currentRatio,debtToAssets,debtToEquity,roic,shareholdersEquityPerShare,roe,priceToSalesRatio,peRatio,pbRatio,payoutRatio,inventoryTurnover,dividendYield,assetTurnover,quickRatio,returnOnAssets,priceToFreeCashFlowsRatio,grossProfitMargin,epsdilutedGrowth,fiveYNetIncomeGrowthPerShare,fiveYRevenueGrowthPerShare,fiveYShareholdersEquityGrowthPerShare,grossProfitGrowth,netIncomeGrowth,operatingIncomeGrowth,threeYNetIncomeGrowthPerShare,threeYRevenueGrowthPerShare,threeYShareholdersEquityGrowthPerShare,Industry,Sector,Symbol
2023Q1,2023,Q1,2023-05-10,2023-03-31,-23318000.0,49678000.0,-25819000.0,-1.27,-10898000.0,-0.2193727606,518926000.0,52734000.0,107798000.0,56877000.0,466192000.0,0.0,100224000.0,162456098.97,483087098.97,2.8792429645031503,1.8952828032420839,0.7201836099944886,7.086926840368642,-0.03578325049918741,2.8792429645031503,-0.4421815147722532,3.270181951165506,-1.7417456360965775,3.0806708948685855,-0.11497555536495412,0.0,0.016502919970367427,0.09573233948578411,1.7955588374914289,-0.04493511598956306,-4.797451465316127,-0.2193727605781231,-2.3368421052631576,-6.94887946829348,-0.0780877106991956,-0.5187115496680219,-1.2124573545179842,-2.171699914577157,-1.7826073777696947,-2.1782409443732065,-0.23579208314229644,4.402678657114471,Capital Markets,Financial Services,GHL
2022Q4,2022,Q4,2023-02-28,2022-12-31,19901000.0,95819000.0,32991000.0,0.95,51295000.0,0.535332241,552789000.0,80964000.0,159512000.0,57801000.0,471825000.0,0.0,125994000.0,185215747.25,465087747.25,4.4806179405460895,2.7596754381412087,0.6824846369953093,4.659725310014327,0.04158019087403361,4.4806179405460895,0.24580060273701893,1.9329751641115018,2.326714075297724,2.287630888419544,0.13959097532787298,0.0,0.014998724683222097,0.17333738551237451,2.4325876714935726,0.036001078169066315,3.832552139590705,0.5353322409960446,0.4179104477611939,2.2959550422246857,1.447502909702576,-0.3358834851329858,0.42962653288740243,0.40039406093870944,0.4356396866840731,0.044176507078475445,0.13708193608854966,1.2946673156302344,Capital Markets,Financial Services,GHL
2022Q3,2022,Q3,2022-11-08,2022-09-30,14211000.0,81145000.0,22980000.0,0.67,35880000.0,0.4421714215,519584000.0,58141000.0,126647000.0,50581000.0,461443000.0,0.0,108365000.0,106538937.12,423945937.12,3.2416086487798066,2.503845317411676,0.7215426187103529,6.448151906571955,0.032569388934944946,3.2416086487798066,0.2444230405393784,1.312945186025017,1.874233641545282,1.8324235413907572,0.12694391668425867,0.0,0.016932776398623787,0.1561730153353452,2.3690713904430516,0.02735072673523434,24.362894379144752,0.442171421529361,1.650485436893204,5.326224208155674,2.036740875592972,-0.6426431978688567,6.043576047230813,1.7586483023702755,2.10094380299909,0.24966538123478343,0.22394713099488106,1.6923359578385493,Capital Markets,Financial Services,GHL
2022Q2,2022,Q2,2022-08-08,2022-06-30,-18732000.0,36049000.0,-20873000.0,-1.03,-7114000.0,-0.197342506,502959000.0,49844000.0,102763000.0,44979000.0,453115000.0,0.0,96581000.0,168150100.36,483788100.36,2.7330443396471606,2.2846884101469573,0.7421897212297622,7.489186261134741,-0.03070540559265292,2.7330443396471606,-0.37581253510954177,4.664487235706955,-2.24415572763186,3.373527412727711,-0.10201793721973094,0.0,0.011364846026904863,0.07167383424891492,2.131616976811401,-0.0372435924200581,-47.98804234018265,-0.19734250603345446,-0.5606060606060606,-6.252142558342653,-0.0616539083711142,-0.6889611317129025,-4.052556818181818,-0.5473319015364282,-0.4367428414096916,-0.9354162955872288,-0.1567708624013869,1.8644179546961455,Capital Markets,Financial Services,GHL
2022Q1,2022,Q1,2022-05-06,2022-03-31,-12106000.0,45441000.0,-14528000.0,-0.66,-1408000.0,-0.0309852336,523284000.0,80169000.0,127668000.0,52395000.0,443115000.0,0.0,117895000.0,285028329.95,568490329.95,4.3511970554560655,2.4366447180074435,0.6876017611851308,4.4881562698798785,-0.019146158533353018,4.3511970554560655,-0.15100599982536891,6.272492461653573,-5.886096356145713,3.555343461312977,-0.20097472327771354,0.0,0.008535993599046101,0.08683812231981104,2.3039030441836053,-0.023134664923827215,-10.018570472759226,-0.030985233599612683,-1.5454545454545456,-27.100428316492298,0.3821826033474788,-0.5023899257627858,-1.0244194314851107,-1.4187623231519595,-1.3389719778809586,-0.023025234819365085,0.15406890024246767,2.2455096122971527,Capital Markets,Financial Services,GHL
2021Q4,2021,Q4,2022-02-28,2021-12-31,28909000.0,116732000.0,42859000.0,1.21,57659000.0,0.4939433917,568632000.0,104935000.0,194371000.0,71421000.0,463697000.0,0.0,132559000.0,329922686.28,562756686.28,5.702804409161529,2.721482477142577,0.6340322036044401,3.4357554676704627,0.05551783072027501,5.702804409161529,0.2754943536474961,2.8263259969845453,2.8531139634715834,3.144067148996998,0.006295617281815351,0.0,0.0005516443929701141,0.20528566805948312,2.6244941963848167,0.05083955880077097,4.993910334973132,0.49394339170064766,0.4235294117647059,1.1101464257011402,0.9849858966182145,-0.37744591821205997,0.30285159074475776,0.43511715647339155,0.4116000263487254,2.4145681356851756,0.7205463440404027,1.210838720629585,Capital Markets,Financial Services,GHL
2021Q3,2021,Q3,2021-11-08,2021-09-30,20144000.0,88646000.0,30362000.0,0.85,44256000.0,0.4992441847347878,534863000.0,80720000.0,149744000.0,44680000.0,454143000.0,0.0,104958000.0,278458470.34,566982470.3399999,4.238069678968847,3.3514771709937334,0.7142726268221956,4.732879088206145,0.040079230309582166,4.238069678968847,0.24955401387512388,3.1412412329941564,3.4558487681195396,3.449683725718533,0.07947776012708499,0.0,0.0057495108625899094,0.165735898725468,3.196575649059982,0.03766198073151442,7.914799338866465,0.4992441847347878,2.888888888888889,1.5562429906675728,0.9258135469488368,-0.5229573167675461,11.842716192687174,3.2826062322946177,4.3041680269887905,1.3450133573561232,0.3335236933873316,0.6817565914995634,Capital Markets,Financial Services,GHL
2021Q2,2021,Q2,2021-08-09,2021-06-30,-8825000.0,43237000.0,-9189000.0,-0.45,3446000.0,0.07970025672456461,528769000.0,67956000.0,128035000.0,35523000.0,460813000.0,0.0,86114000.0,302606476.52,614695476.52,3.4942919006894226,3.6042845480392987,0.7518443781689169,5.850138324798399,-0.011781244624142958,3.4942919006894226,-0.12986344105009123,6.998785219141013,-8.572421431161473,4.452976580728707,-0.14209631728045327,0.0,0.00414399590656851,0.08176916574156201,3.4056808265067704,-0.01668970760388752,8.634058334855055,0.07970025672456461,-6.000000000000001,-1.7331735766327903,-0.2208033045585965,-0.6029440833401565,-0.8406989644970414,-5.234644913627639,-2.271833910034602,-2.1651047670349985,-0.3218764276580312,-0.08038604532025406,Capital Markets,Financial Services,GHL
2021Q1,2021,Q1,2021-05-10,2021-03-31,2084000.0,68924000.0,7225000.0,0.09,21632000.0,0.31385293946956067,570591000.0,81294000.0,160853000.0,42451000.0,489297000.0,0.0,96192000.0,324252833.28000003,662893833.28,4.131729880192336,3.789145132034581,0.7351798398502605,5.1601225182670305,0.006259959529444169,4.131729880192336,0.025635348242182696,4.704498190470664,38.89789266794626,3.9886440977193893,0.6314779270633397,0.0,0.004058561298255805,0.12079405388448118,3.6228121834585756,0.0036523534370503565,-31.235221392929393,0.31385293946956067,-0.966789667896679,-0.23069075497122007,0.6579156138497494,-0.516067442825897,-0.7704924989920852,-0.9670513833992095,-0.9098115091748845,-0.505088648988103,0.19064365850050657,-0.30934836144637445,Capital Markets,Financial Services,GHL
2020Q4,2020,Q4,2021-02-26,2020-12-31,63250000.0,140748000.0,80110000.0,2.71,94254000.0,0.6696649330718731,585799000.0,88067000.0,198907000.0,55516000.0,497732000.0,0.0,95424000.0,230678355.68,541288355.6800001,4.634736435711011,3.5828770084300023,0.7103853028086425,4.725300055639456,0.11029828367614812,4.634736435711011,0.7182031862104988,1.6389458868332054,0.9117721568379447,2.619350672556122,0.015225296442687747,0.0,0.004174643941609702,0.24026671264375665,3.4537250522371927,0.10797218841274908,5.59125374312238,0.6696649330718731,6.530612244897959,12.261500084661977,2.0764392330200105,-0.4857195818682889,9.144656118824669,7.746666666666667,12.31337381725745,4.916890659645477,2.4188472499663787,-0.3130400650414702,Capital Markets,Financial Services,GHL
2020Q3,2020,Q3,2020-11-09,2020-09-30,-9375000.0,56045000.0,-7081000.0,-0.49,9291000.0,0.16577750022303506,502715000.0,13420000.0,134185000.0,37508000.0,489295000.0,0.0,33195000.0,215228165.9,558972165.9,0.7077001254137435,3.577503465927269,0.8450334682673085,31.655067064083457,-0.01198726923228605,0.7077001254137435,-0.6985842026825634,3.840274170755643,-5.739417757333333,16.037866311475412,-0.10485333333333334,0.0,0.004567246093881247,0.11148463841341516,3.319665138103871,-0.018648737356156072,21.78643242230995,0.16577750022303506,0.379746835443038,-23.548757009345827,0.8210388986711546,-0.91989488478768,6.092366412213741,0.373663816141101,0.5313699536730642,-1.699444056945681,0.9838165802612333,-0.9219827310798727,Capital Markets,Financial Services,GHL
2020Q2,2020,Q2,2020-08-07,2020-06-30,-14968000.0,47786000.0,-15110000.0,-0.79,1310000.0,0.02741388691248483,513876000.0,13468000.0,147185000.0,43847000.0,500408000.0,0.0,43881000.0,188679691.44,544093691.44,0.7130885098080909,3.3567860971104064,0.8374646801952222,31.953742203742205,-0.02261417355712938,0.7130885098080909,-1.1113751113751114,3.9484303235257188,-3.1513844775521114,14.009481098901098,-0.07963655799037947,0.0,0.006317585061236202,0.09299130529544092,3.137592081556321,-0.029127649471857024,35.748331079954525,0.02741388691248483,-0.975,-3.602837590757408,0.06717593352734473,-0.9233837528886817,-0.8971661825889002,-0.9764954443417404,-4.657057281916885,-5.052496716655348,0.2010941369183933,-0.9188457209194505,Capital Markets,Financial Services,GHL
2020Q1,2020,Q1,2020-05-08,2020-03-31,-7573000.0,67099000.0,-2671000.0,-0.4,12739000.0,0.189853798119197,433510000.0,10075000.0,148593000.0,43254000.0,423435000.0,0.0,60202000.0,186024855.6,484747855.6,0.5329287835232702,3.435358579553336,0.8505340130562156,36.59702233250621,-0.006705663996872304,0.5329287835232702,-0.7516625310173697,2.7723938598190734,-6.141055579030767,18.46400551861042,-0.12808662353096528,0.0,0.005214356957146322,0.15478074323545016,3.2116798446386463,-0.017469031856243225,17.587676619079133,0.189853798119197,-1.3809523809523812,-2.5856759990257867,0.7261406280277807,-0.9319046585381678,-0.7953705785973592,-1.3138156804243328,-1.0647248406717231,-16.13176323414292,0.9890945476531157,-0.9390533850450111,Capital Markets,Financial Services,GHL
2019Q4,2019,Q4,2020-03-02,2019-12-31,24132000.0,106697000.0,41267000.0,1.05,62254000.0,0.5834653270476209,494375000.0,44675000.0,194260000.0,48943000.0,449700000.0,0.0,69093000.0,390781723.35999995,675328723.3599999,1.952622024999506,3.969106920295037,0.7863524652338811,8.701801902630105,0.05951225308618126,1.952622024999506,0.5401678791270286,3.662537122505787,4.048376878833084,8.747212610184667,0.010981269683407922,0.0,0.0006781279270726639,0.215821997471555,3.7695073861430646,0.04881314791403287,23.67800068831798,0.5834653270476209,0.6666666666666667,1.0845860079097442,0.8305115118294037,-0.7701106650415102,0.4258818140174072,0.616451202357827,0.6372545129934537,0.4166362569133553,0.4591677423320566,-0.7868394697353465,Capital Markets,Financial Services,GHL
2019Q3,2019,Q3,2019-11-07,2019-09-30,14929000.0,87036000.0,25205000.0,0.63,43660000.0,0.501631508800956,458822000.0,28350000.0,163168000.0,37180000.0,430472000.0,0.0,46231000.0,308926786.88,589342786.88,1.2040134290603994,4.3885960193652505,0.8460819228371786,13.6931569664903,0.04320782462695014,1.2040134290603994,0.5265961199294532,3.549413884829266,5.173266576461919,10.896888426102292,0.1075758590662469,0.0,0.005198642747104468,0.18969447846877438,4.12799892415277,0.03253767256147264,8.53035446306779,0.501631508800956,2.188679245283019,-0.04139713982041604,0.20730104495955193,-0.8592475739507984,3.357720331370396,2.1757895565881706,4.958071608040201,0.5324223163633693,0.5294854343178033,-0.8644746688103938,Capital Markets,Financial Services,GHL
2019Q2,2019,Q2,2019-08-05,2019-06-30,-12697000.0,56084000.0,-6368000.0,-0.53,10019000.0,0.17864275016047357,469646000.0,22828000.0,165265000.0,41276000.0,446818000.0,0.0,32645000.0,336150605.5,636893605.5,0.9541360174643505,4.00390057176083,0.8533576353253302,17.55633432626599,-0.010393615891091328,0.9541360174643505,-0.5562029087086034,5.993698835675059,-6.618701376309364,14.725363829507623,-0.11183744191541309,0.0,0.004224297016772739,0.11941760389740358,3.76921213295862,-0.027035256342010792,166.2465902571711,0.17864275016047357,0.17187499999999997,-2.9737446473492493,0.11414413667071821,-0.8879917703096509,0.6336213924669819,0.1747692707656311,0.553467498772877,-1.8574410326081794,-0.17843565641135903,-0.8915816532220064,Capital Markets,Financial Services,GHL
2019Q1,2019,Q1,2019-05-10,2019-03-31,-15386000.0,51195000.0,-14261000.0,-0.64,6133000.0,0.11979685516163688,440804000.0,32117000.0,133574000.0,36348000.0,408687000.0,0.0,46695000.0,532295965.08,804839965.0799999,1.3406822272130983,3.674865192032574,0.792191087195216,10.872777656692717,-0.026024636355966527,1.3406822272130983,-0.47906093346202944,10.39742094110753,-8.64903101975822,16.57365149546969,-0.10763031327180554,0.0,0.0031110511982767254,0.11614005317556102,3.5704577968526467,-0.03490440195642508,-12.65653672587203,0.11979685516163688,-2.4222222222222225,-82.12443506969471,0.4745274766945108,-0.8392847416633354,-0.8427556854600928,-2.383135562747213,-1.6580380214101145,-5.664943817699724,0.011432600979663947,-0.8429713951815978,Capital Markets,Financial Services,GHL
2018Q4,2018,Q4,2019-03-01,2018-12-31,11124000.0,89143000.0,21672000.0,0.45,39003000.0,0.4375329526715502,485700000.0,62363000.0,220762000.0,116575000.0,423337000.0,0.0,63427000.0,589909528.0,756795528.0,2.579475542900538,1.8937336478661806,0.6577702285361334,5.122893382293989,0.03999739342624748,2.579475542900538,0.17837499799560638,6.617564228262455,13.257585580726357,9.459287205554576,0.10454872348076232,0.0,0.001971488753441528,0.18353510397364628,1.8612995925369933,0.022903026559604696,9.78242422433378,0.4375329526715502,0.046511627906976785,-0.12608257895437816,0.44783735788657975,-0.7205626308550306,-0.009925369345585622,-0.008290986894891682,0.045744064852345105,0.8330979788521278,0.5313904354408574,-0.7137757930435795,Capital Markets,Financial Services,GHL
2018Q3,2018,Q3,2018-11-06,2018-09-30,11217000.0,86803000.0,20724000.0,0.43,39394000.0,0.4538322408211698,485589000.0,62675000.0,215136000.0,73718000.0,422914000.0,0.0,53620000.0,663552383.72,869628383.72,2.520025609169701,2.9183645785289887,0.6747537526591418,5.227810131631432,0.03962957462903636,2.520025609169701,0.1789708815317112,7.644348510074537,14.788989563163057,10.587193996330274,0.07827404831951502,0.0,0.0013231811406927154,0.17875816791566532,2.8665590493502267,0.02309978191433496,16.296691399661075,0.4538322408211698,0.13157894736842102,6.477448787005923,1.3344258079574283,-0.7187468751468802,-0.016575964850966098,0.06696471035860363,0.06517269736842106,19.570360596525394,1.150457872698369,-0.7147563854923471,Capital Markets,Financial Services,GHL
2018Q2,2018,Q2,2018-08-08,2018-06-30,10513000.0,88496000.0,19456000.0,0.38,40058000.0,0.45265322726450913,524784000.0,102565000.0,252585000.0,70005000.0,422219000.0,0.0,43714000.0,766591316.8,952583316.8,3.7997377953081455,3.608099421469895,0.6315950943626331,3.2316189733339833,0.03399762564079865,3.7997377953081455,0.10250085311753522,8.662440300126558,18.229604223342527,7.4741999395505285,0.13602206791591362,0.0,0.001865400727429685,0.1686331900362816,3.5534318977215915,0.020033004055001677,22.902465248565964,0.45265322726450913,0.8095238095238096,-0.24775103281596245,0.1312455198495287,-0.5799919859168461,0.04494587191861223,0.6509108040201005,0.023138409760201935,0.279157653583893,0.38284370972200127,-0.5917454202678258,Capital Markets,Financial Services,GHL
2018Q1,2018,Q1,2018-05-10,2018-03-31,6368000.0,87543000.0,19016000.0,0.21,38335000.0,0.43789908959025853,599263000.0,178005000.0,321490000.0,68226000.0,421258000.0,0.0,34631000.0,550466704.5,681436704.5,5.982364551896344,4.7121332043502475,0.5594371753303641,1.8833740625263335,0.017152539964168573,5.982364551896344,0.03577427600348305,6.287957969226552,21.61065893922739,3.092422710036235,0.2649183417085427,0.0,0.0030646721885428767,0.14608444038760945,4.655556532700143,0.010626386077565275,-27.087230808975495,0.43789908959025853,1.2470588235294118,-0.5258320520298896,0.11532113754522456,-0.3876659042192332,0.4324415215604215,1.2427014254135225,2.503316138540899,-0.15283871332842094,0.430863162209294,-0.23559925921555303,Capital Markets,Financial Services,GHL
2017Q4,2017,Q4,2018-02-28,2017-12-31,-26238000.0,66892000.0,5428000.0,-0.85,26762000.0,0.4000777372481014,610817000.0,208302000.0,335854000.0,68651000.0,402515000.0,0.0,37595000.0,602052574.5,677326574.5,6.746734707302543,4.892193850053167,0.5550729596589485,1.6276752023504335,0.14700502420754544,6.746734707302543,-0.12596134458622577,9.000367375769898,-5.736456422936199,2.8902870567733387,-0.05190944431740224,0.0,0.002262260901601709,0.10951234166698046,4.8357926322996025,-0.04295558244122217,69.24123916043703,0.4000777372481014,-3.722222222222222,-2.692375188910467,-0.29307458792727836,-0.3273693792431233,1.4520798973795126,-3.43809201623816,1.5281183109554388,-2.679592011700726,-0.14956523007513148,-0.20568223898655674,Capital Markets,Financial Services,GHL
2017Q3,2017,Q3,2017-11-09,2017-09-30,-5912000.0,48092000.0,-10278000.0,-0.18,10914000.0,0.22694003160608833,424471000.0,292819000.0,128951000.0,33657000.0,131652000.0,0.0,65196000.0,535856881.00000006,573251881.0,9.07107022854485,3.8313278069940875,0.19736330632716959,0.28609823816077506,-0.01569860380144134,9.07107022854485,-0.020189946690617754,11.142328890459954,-22.659712491542628,1.8299935489158832,-2.6041948579161027,0.0,0.028731552296703638,0.11329867058055791,3.69777460855097,-0.013927924404729652,-76.9798708518891,0.22694003160608833,-1.9,-1.645074835319852,-0.28171276344315477,-0.1726029678474952,-0.6160557236332934,-1.9466773418734988,-2.0733082706766917,-1.2769003063828186,-0.5134017979269218,0.06043264195712184,Capital Markets,Financial Services,GHL
2017Q2,2017,Q2,2017-08-09,2017-06-30,6245000.0,67269000.0,9576000.0,0.2,28426000.0,0.4225720614250249,409611000.0,280597000.0,121858000.0,37106000.0,129014000.0,0.0,86503000.0,641869983.0,658195983.0,8.786825758137999,3.284051096857651,0.19506312086345337,0.2847500151462774,0.0173233064352824,8.786825758137999,0.02225611820511267,9.541839227578825,25.695355604483588,2.2875154866231644,2.456525220176141,0.0,0.02390047892300332,0.16422654665035852,3.16417830000539,0.015246172588138502,16.099475356793498,0.4225720614250249,11.0,1.6610638335672692,0.35814784790805043,-0.21315630514537875,1.2071589409115615,9.371313672922252,3.4047838086476543,-0.2726744349808288,0.0012071323220933944,0.031505759925229415,Capital Markets,Financial Services,GHL
2017Q1,2017,Q1,2017-05-08,2017-03-31,-746000.0,56929000.0,2174000.0,-0.02,12879000.0,0.22622916264118464,410155000.0,278977000.0,125616000.0,27191000.0,131178000.0,0.0,95599000.0,934795111.0,977933111.0,8.744190041019587,4.619763892464419,0.22156258000024381,0.3257436993013761,-0.0020170230254263873,8.744190041019587,-0.0026740555673048314,16.42036766849936,-313.269139075067,3.3507963416338984,-20.714477211796247,0.0,0.01653089518565101,0.13879874681522839,4.463241513736163,-0.0018188245907035144,-32.24988308148762,0.22622916264118464,-1.027027027027027,-1.044230111247751,-0.3413485493315124,-0.2414038733883941,-0.7343166580711707,-1.0315206828072845,-0.9328141417887384,-3.9534191899863,0.23117329018959465,0.048216149108374025,Capital Markets,Financial Services,GHL
2016Q4,2016,Q4,2017-02-28,2016-12-31,23667000.0,101591000.0,32358000.0,0.74,48475000.0,0.4771584097016468,456682000.0,291183000.0,169283000.0,65792000.0,165499000.0,0.0,111798000.0,880510204.4,867395204.4,9.160335745905638,2.573002796692607,0.17724587349621837,0.2779866956518753,0.06359908418608651,9.160335745905638,0.08127878344546213,8.667206784065517,9.301033130519288,3.023906630538184,0.6412726581315756,0.0,0.01723659751375847,0.2224545745179359,2.508359678988327,0.051823807375810736,13.666152481763154,0.4771584097016468,0.8048780487804879,0.41846757981799243,0.03800082167620119,-0.18787073938487633,0.3528410359455236,0.8052631578947368,0.6853125,0.41414384460596504,0.25495666096210823,-0.007650943477391372,Capital Markets,Financial Services,GHL
2016Q3,2016,Q3,2016-10-26,2016-09-30,13110000.0,76578000.0,19200000.0,0.41,35832000.0,0.4679150669905195,427284000.0,281503000.0,136254000.0,47326000.0,145087000.0,0.0,102794000.0,746847198.79,775348198.79,8.884047126038228,2.8790516840637284,0.18576637552541167,0.2819685758233482,0.036328066548805965,8.884047126038228,0.0465714397359886,9.752764485753088,14.24193742925248,2.653070122840609,1.1769641495041954,0.0,0.02066018326774047,0.17922037801555873,2.774563664793137,0.030682169236386104,53.12613449921753,0.4679150669905195,-0.33870967741935487,0.4827891922910248,0.22902233791347623,-0.16441518715089615,-0.2273423180592992,-0.33207662522926434,-0.3571069814163737,5.859565913135657,0.616466002276387,-0.008475943082224716,Capital Markets,Financial Services,GHL
2016Q2,2016,Q2,2016-08-08,2016-06-30,19628000.0,90485000.0,29865000.0,0.62,46375000.0,0.5125158866110405,418717000.0,279090000.0,134089000.0,44024000.0,138933000.0,0.0,104497000.0,510578639.90000004,529078639.90000004,8.800503289522746,3.04581591858986,0.1848503882096977,0.27732989358271526,0.05505904793963364,8.800503289522746,0.07032856784549787,5.642688179256231,6.503192376961484,1.8294408251818413,0.7931526390870185,0.0,0.030490895590636318,0.21610061210793927,2.9348537161548247,0.046876529971317145,11.900767776146191,0.5125158866110405,3.428571428571428,-0.1066018797620964,-0.025209685641625856,-0.24789922106052895,1.0741088599669038,3.5049345880192795,3.6244967482192627,0.19541795503392126,-0.015493446514624433,-0.02722711179470832,Capital Markets,Financial Services,GHL
2016Q1,2016,Q1,2016-05-05,2016-03-31,4357000.0,66865000.0,6458000.0,0.14,22359000.0,0.3343901891871682,404686000.0,270187000.0,126522000.0,28909000.0,133805000.0,0.0,99396000.0,702538846.8,740718846.8,8.537821683912611,4.376560932581549,0.21955293733907277,0.3288463175504373,0.012135239543556792,8.537821683912611,0.016125868380047894,10.506824897928661,40.310927633692906,2.600194853194269,3.5423456506770714,0.0,0.021968891927187307,0.16522686725016433,4.206025805112595,0.010766371952575578,635.2069139240506,0.3343901891871682,-0.43999999999999995,3.7061175708015903,0.3573678277280547,-0.25692533789185734,-0.3062028733670525,-0.44792194627470855,-0.5456272426651657,-0.6949586902109214,-0.19902434809318348,-0.1260981714832417,Capital Markets,Financial Services,GHL
2015Q4,2015,Q4,2016-02-26,2015-12-31,7892000.0,75703000.0,14213000.0,0.25,32227000.0,0.42570307649630795,423838000.0,283356000.0,139862000.0,51011000.0,139788000.0,0.0,109860000.0,899549812.17,907766812.17,9.012080320981655,2.7418007880653192,0.17353328394339346,0.2595674698965259,0.022112264854051204,9.012080320981655,0.027851889495899153,11.882617758477206,28.495622534528636,3.174627719794181,1.8556766345666498,0.0,0.016280365802835983,0.17861305498799068,2.65105565466272,0.018620321915448827,22.01703042734415,0.42570307649630795,11.5,2.8711163666872053,0.19636896252469804,-0.2518824754049729,0.6170906718851924,10.538011695906432,11.445709281961472,-0.5001433828948225,-0.21439371366239066,-0.10152074394572838,Capital Markets,Financial Services,GHL
2015Q3,2015,Q3,2015-11-04,2015-09-30,684000.0,50632000.0,1142000.0,0.02,19929000.0,0.39360483488702797,403525000.0,275613000.0,123857000.0,34311000.0,127218000.0,0.0,116200000.0,888174177.15,936085177.15,8.834643374995132,3.609833581067296,0.1949569419490738,0.28543646344693463,0.001930659952636734,8.834643374995132,0.0024817407016359894,17.541755750316007,324.625064747807,3.2225409438234043,21.78654970760234,0.0,0.01677824055616882,0.12547425810048943,3.47789338696045,0.0016950622638002603,-556.1516450532248,0.39360483488702797,-0.9333333333333332,-0.9533992709955947,-0.4061364278035439,-0.28051454935884945,-0.4093010848301618,-0.9273808259900201,-0.9275840202916931,-0.9227743050418411,-0.21750703386330497,-0.1941681053692639,Capital Markets,Financial Services,GHL
2015Q2,2015,Q2,2015-08-05,2015-06-30,9419000.0,73342000.0,15770000.0,0.3,33738000.0,0.46000927163153443,417486000.0,287919000.0,133282000.0,42524000.0,128873000.0,0.0,129919000.0,1278536606.56,1309290606.56,9.307275371658719,3.1342771141002728,0.17365851789042028,0.25180693181068287,0.026133472430698714,9.307275371658719,0.032714061941032026,17.432529881377654,33.935041048943624,4.440612139386424,1.5832890965070603,0.0,0.011664116555977667,0.17567535198785109,3.004209387639921,0.022561235586343015,37.67049518444313,0.46000927163153443,0.19999999999999996,-0.4672365490764374,-0.12838434803323692,-0.18890218754076207,0.1852034005480222,0.23885308430882546,0.29580936729663104,3.1431522606846922,0.5285796520906031,-0.1665510226280796,Capital Markets,Financial Services,GHL
2015Q1,2015,Q1,2015-05-08,2015-03-31,7603000.0,61883000.0,12170000.0,0.25,28466000.0,0.4599970912851672,294679000.0,235537000.0,113820000.0,23473000.0,58448000.0,0.0,134901000.0,1193302514.3,1199036514.3,7.826215010934047,4.848975418566012,0.11775525232541172,0.14732292590972967,0.0281345633647502,7.826215010934047,0.03227942955883789,19.283204018874326,39.237883542680514,5.066305991415361,1.9045113770879916,0.0,0.01213439159515563,0.21000139134447993,4.6155156988880846,0.025800956294815713,68.94115860534981,0.4599970912851672,-0.5098039215686274,13.61184035515387,0.24610820777119113,0.08109333392565643,-0.271428937063295,-0.5005583656309531,-0.4918580375782881,-0.522134538088604,-0.24101200791189617,-0.3210421587964575,Capital Markets,Financial Services,GHL
2014Q4,2014,Q4,2015-02-26,2014-12-31,15223000.0,76649000.0,23950000.0,0.51,39071000.0,0.5097392007723519,337650000.0,255548000.0,138204000.0,45446000.0,81408000.0,0.0,141290000.0,1311775803.6000001,1302131803.6000001,8.49374776499346,3.041059719227215,0.1054346216496372,0.1393084665111838,0.0522861225218789,8.49374776499346,0.05957002207021773,17.11406285274433,21.5426624778296,5.133187517022243,0.9257045260461144,0.0,0.010742689384364552,0.2270072560343551,2.9157241561413545,0.04508514734192211,32.96747433023373,0.5097392007723519,-0.2272727272727273,-0.11739768428731123,0.13747689832633653,0.08573881532698821,-0.1505750375024458,-0.2339858098928194,-0.2181378950117524,-0.03604236275133365,-0.17257154313638734,-0.24696853002154628,Capital Markets,Financial Services,GHL
2014Q3,2014,Q3,2014-11-04,2014-09-30,19873000.0,91993000.0,30632000.0,0.66,45997000.0,0.5000054351961563,333875000.0,257021000.0,127446000.0,36960000.0,76160000.0,0.0,139810000.0,1396859460.5,1403268460.5,8.554122034383429,3.4482142857142857,0.11740921003369524,0.15251672042362296,0.06708842384570979,8.554122034383429,0.07732053022904743,15.184410341004208,17.57232753610426,5.43480672980029,0.6851507069893826,0.0,0.009747580472502373,0.2755312616997379,3.3378517316017318,0.059522276301010854,43.615057935491926,0.5000054351961563,1.4444444444444444,-0.3469887621177597,-0.21898666760123686,0.04633096965378668,0.6493473895582329,1.467469580332754,1.445863941232833,1.370386468806799,0.5570033440605967,-0.19544613420166174,Capital Markets,Financial Services,GHL
2014Q2,2014,Q2,2014-08-05,2014-06-30,8054000.0,63023000.0,12524000.0,0.27,27888000.0,0.4425051171794424,321568000.0,255164000.0,109853000.0,27357000.0,65710000.0,0.0,133046000.0,1475248831.75,1487862831.75,8.51844565441392,4.01553532916621,0.11646059309384019,0.14676835290244705,0.02752431530958874,8.51844565441392,0.03156401373234469,23.408102307887596,45.792427109200396,5.781571192448778,1.766948100322821,0.0,0.009646508232186574,0.1959865409493482,3.8574770625434076,0.025046024480047765,207.75226471623714,0.4425051171794424,26.0,-0.22915663762532604,0.14758346618394733,0.1659143535073542,0.8937932907782155,32.84033613445378,33.40659340659341,-0.6118868731191821,-0.281194471708563,-0.2720041796171296,Capital Markets,Financial Services,GHL
2014Q1,2014,Q1,2014-05-01,2014-03-31,238000.0,43569000.0,364000.0,0.01,14726000.0,0.33799260942413184,314536000.0,250773000.0,105479000.0,24313000.0,62721000.0,0.0,138777000.0,1562601760.08,1566465760.08,8.34197226255053,4.338378645169251,0.11524912887555001,0.14455304199415409,0.0008292018409674486,8.34197226255053,0.000949065489506446,35.86499024719411,1641.3884034453781,6.231140354344367,60.26890756302521,0.0,0.009179562167692449,0.1385183254063128,4.168181631226093,0.0007566701426863697,71.24757250045595,0.33799260942413184,-0.9811320754716981,-0.9832499605202591,-0.3107187707118284,0.21994933149750537,-0.5893932634396609,-0.9849176172370089,-0.9829882693835584,1.1556113940397141,-0.06893150912132227,-0.2739707562656,Capital Markets,Financial Services,GHL
2013Q4,2013,Q4,2014-02-27,2013-12-31,15780000.0,76328000.0,21397000.0,0.53,35864000.0,0.46986689026307515,353446000.0,276668000.0,130792000.0,42542000.0,75736000.0,0.0,152412000.0,1736562789.4199998,1728961789.4199998,9.23096130912373,3.0744205726105966,0.08728065956327133,0.11150187228013358,0.05186446451649483,9.23096130912373,0.05703586970665202,22.751320477675293,27.51208475,6.276702724637472,0.8903675538656527,0.0,0.008090695070514901,0.215953780775564,2.975012928400169,0.04464614113612829,77.79950671654495,0.46986689026307515,7.833333333333334,0.17149670559906716,0.34636995067312076,0.29878358453573656,1.0528906697195193,7.781302170283807,5.707523510971787,7.119915471172719,0.26541007972260605,-0.23371256377552055,Capital Markets,Financial Services,GHL
2013Q3,2013,Q3,2013-10-31,2013-09-30,1797000.0,44543000.0,3190000.0,0.06,17470000.0,0.39220528478099814,332676000.0,266945000.0,99330000.0,25971000.0,64689000.0,0.0,150231000.0,1486074690.3600001,1492080690.3600001,8.95999150404372,3.8246505717916137,0.10926547150981736,0.13617037217404335,0.006409124925410209,8.95999150404372,0.0067317237633220325,33.36269874862493,206.7438356093489,5.5669695643671915,7.820812465219811,0.0,0.009457128966105621,0.13389303706910027,3.8246505717916137,0.005401652057858096,-6191.977876500001,0.39220528478099814,-0.8846153846153846,1.143938870269577,3.7918282421483327,0.8796509798534333,-0.5712252110740231,-0.8839671982953445,-0.8744786338238766,-0.8718020240610154,-0.45293673939628815,-0.27030630989886134,Capital Markets,Financial Services,GHL
2013Q2,2013,Q2,2013-08-01,2013-06-30,15487000.0,86690000.0,25414000.0,0.52,40744000.0,0.46999653939324026,342655000.0,270610000.0,93444000.0,31797000.0,71003000.0,0.0,161978000.0,1390915486.5,1389632486.5,9.046822126960336,2.9387678082838002,0.09411799039850578,0.1191751967776505,0.05113583834114772,9.046822126960336,0.05722996193784413,16.044705115930327,22.45295225834571,5.139926412549425,0.906502227674824,0.0,0.010093352282191301,0.2529949949657819,2.9387678082838002,0.045197064102377026,48.56209365616926,0.46999653939324026,0.15555555555555556,-0.5014012829087451,-0.2572916044313951,0.5436631507381112,0.08917878528656972,0.13724482302834484,0.17261108291422508,-0.09406529549688858,0.06547005090265645,-0.21159981370814165,Capital Markets,Financial Services,GHL
2013Q1,2013,Q1,2013-05-06,2013-03-31,13618000.0,79591000.0,21673000.0,0.45,37408000.0,0.4700028897739694,355703000.0,294772000.0,91813000.0,27704000.0,59740000.0,0.0,160050000.0,1565013340.8,1557511340.8,9.769772078865591,3.3140701703725095,0.07435978892503015,0.08973036787754604,0.04239435655092117,9.769772078865591,0.04619841776016718,19.6631948436381,28.730601791746217,5.309233376304398,1.0340725510353943,0.0,0.008998006363831757,0.22375689831123155,3.3140701703725095,0.038284748793234805,98.36046388033435,0.4700028897739694,-0.09999999999999998,-0.339472293687887,-0.01607544897633037,0.8344780470228549,1.62902303682529,-0.0997554042440669,-0.2304168738015766,25.105909370095485,0.5986519672269227,0.34957133859449513,Capital Markets,Financial Services,GHL
2012Q4,2012,Q4,2013-02-22,2012-12-31,15127000.0,92325000.0,28162000.0,0.5,-59470000.0,-0.6441375575412943,386970000.0,302159000.0,106322000.0,45088000.0,83458000.0,0.0,159918000.0,1566168023.91,1544969023.91,10.030371052258651,2.3580997161107167,0.07526423236943432,0.09638964915822465,0.04566172830562296,10.030371052258651,0.05006304627696014,16.963639576604386,25.883652143683477,5.183257900343859,0.9154491968004231,0.0,0.008841963179294086,0.23858438638654159,2.3580997161107167,0.0390908855983668,27.101021351617927,-0.6441375575412943,0.7857142857142856,-0.5058848359447522,-0.11309787435529649,0.966852114992916,-1.9477743955886337,0.7612061939690301,1.0147374445557305,-0.12406432764240931,0.3683903390694625,0.2821623015994766,Capital Markets,Financial Services,GHL
2012Q3,2012,Q3,2012-11-01,2012-09-30,8589000.0,62747000.0,13978000.0,0.28,62747000.0,1.0,421127000.0,331668000.0,98492000.0,75626000.0,88106000.0,0.0,158639000.0,1556785519.32,1569778519.32,10.963382603568345,1.3023563324782481,0.0,0.0,0.025896378306016855,10.963382603568345,0.02589637830601686,24.81051714536153,45.31335194201886,4.693806816816817,1.594248457329142,0.0,0.008795688185730984,0.1489978082621157,1.3023563324782481,0.02039527268496202,120.50356214258069,1.0,3.0,-0.7742553266029114,-0.5122078638112579,1.5032302942720088,0.3260704171773955,2.830954504906334,2.966515323496027,-0.719692969031478,-0.47090848340548896,0.3410291207172335,Capital Markets,Financial Services,GHL
2012Q2,2012,Q2,2012-08-02,2012-06-30,2242000.0,47318000.0,3524000.0,0.07,47318000.0,1.0,425932000.0,340685000.0,92015000.0,67412000.0,83894000.0,0.0,163743000.0,1087599505.0,1089489505.0,11.167180744533347,1.3649646947131076,0.0,0.0,0.006580859151415531,11.167180744533347,0.006580859151415531,22.984900143708526,121.27559154772524,3.1923903459207184,6.235504014272971,0.0,0.01285399628790747,0.11109285050195807,1.3649646947131076,0.005263751021289783,68.62259480093381,1.0,-0.8679245283018868,-0.950172404710582,-0.680398237908917,1.3841168674993263,-0.42776635627040754,-0.8610560237977194,-0.8579776729939951,-0.78931204993724,-0.15401791266832268,0.5284450763051987,Capital Markets,Financial Services,GHL
2012Q1,2012,Q1,2012-05-08,2012-03-31,16136000.0,82690000.0,24813000.0,0.53,82690000.0,1.0,439601000.0,351830000.0,99230000.0,65372000.0,86418000.0,0.0,175483000.0,1332013551.88,1331281551.88,11.526805548133956,1.517928164963593,0.0,0.0,0.04586305886365574,11.526805548133956,0.04586305886365574,16.108520400048373,20.637294742811108,3.7859578543046357,0.8692984630639564,0.0,0.010530673640821697,0.1881023928516996,1.517928164963593,0.03670601295265479,248.50999102238808,1.0,0.009733342362594977,0.7836670789393815,0.8332157790801763,1.187319326475276,-0.12500011904400363,0.001577658611112956,-0.02625592794615662,0.1184662809323177,0.28842749540344714,0.6857067226028283,Capital Markets,Financial Services,GHL
2011Q4,2011,Q4,2012-02-28,2011-12-31,16110583.0,94502870.0,25482055.0,0.5248910556522726,94502870.0,1.0,460743000.0,346201000.0,116454000.0,92821000.0,113189000.0,0.0,173374000.0,1116311465.78,1096661465.78,11.279406111986912,1.2546083321662125,0.0,0.0,0.04731795817678748,11.279406111986912,0.046535345074104346,11.812460994888303,17.322642293267723,3.2244605468499508,0.8194279499382486,0.0,0.011825966501898955,0.2051097249442748,0.6806638583941134,0.03496652797763612,51.72320966487105,1.0,0.8746109130438304,-0.22701621402863717,0.24731876766127142,1.1366686343320622,0.5657803707638747,0.8811267810216472,0.9083860587314615,0.16792578044798073,0.6277789982747537,0.5869969563279749,Capital Markets,Financial Services,GHL
2011Q3,2011,Q3,2011-11-01,2011-09-30,8564326.0,60355125.0,13352673.0,0.28,60355125.0,1.0,426788530.0,326334057.0,100610654.0,83636870.0,99025424.0,0.0,170465076.0,877518416.46,840706156.46,10.632130921271992,1.202946188684488,0.059279943629225465,0.07752791796413698,0.025059127660241525,10.632130921271992,0.02624404598996543,14.539252738851921,25.6155130146844,2.689018806455742,1.6324746395688348,0.0,0.015932480433175387,0.14141693311204967,1.202946188684488,0.020066907608786957,25.30610491445779,1.0,-0.5942028985507246,-0.41963605480358573,0.005316615104735663,1.203658286255514,-0.3350551866695251,-0.6013433528698997,-0.5970864165642485,1.665878988874272,4.671939311769887,1.230436858682246,Capital Markets,Financial Services,GHL
2011Q2,2011,Q2,2011-08-05,2011-06-30,21482963.0,90767119.0,33140290.0,0.69,90767119.0,1.0,473067160.0,362853572.0,99072835.0,81265015.0,108784539.0,0.0,175881795.0,1668951149.58,1648571786.58,11.701228792678872,1.2191326735127042,0.0,0.0,0.05922296666821844,11.701228792678872,0.05920559878076658,18.38717773536472,19.421798910839254,4.599516935663513,0.6641623411072299,0.0,0.008549186717412704,0.19186941448229042,1.2191326735127042,0.04541207848796776,33.845021555387504,1.0,14.799999999999999,0.5389240896977967,0.45475045744151293,1.7918805562632698,0.87659884494435,14.589312101169481,19.582249565165707,-0.3328463030467914,-0.24988864579846484,0.996585701821809,Capital Markets,Financial Services,GHL
2011Q1,2011,Q1,2011-05-10,2011-03-31,-1580872.0,48367886.0,-1783438.0,-0.05,48367886.0,1.0,478511302.0,357016103.0,85314379.0,120072452.0,120072452.0,0.0,168667007.0,2044245564.3600001,2074721663.3600001,11.489857102232975,0.7105241675251206,0.0,0.0,-0.0031471023711505974,11.489857102232975,-0.004428013153233035,42.26452163652553,-323.2781598320421,5.725919775557014,-9.092018835174512,0.0,0.007031111257174189,0.10107992391786809,0.7105241675251206,-0.0033037296995756227,-189.31470607421616,1.0,-1.7711280725085952,-1.053485950179999,-0.5425652493649487,1.4886153671855766,-0.21854274098847662,-1.7927603734148523,-1.9143097656906856,-1.074456571606288,-0.4193912714121,1.1574598104568543,Capital Markets,Financial Services,GHL
2010Q4,2010,Q4,2011-02-28,2010-12-31,1994136.0,61894474.0,1950584.0,0.06484007233369485,61894474.0,1.0,508677840.0,370481485.0,111313722.0,110639084.0,135815331.0,0.0,184621197.0,2512042670.8,2500815461.8,12.046343020583693,1.0060976462892626,0.0,0.0,0.008003725361667243,12.046343020583693,0.005382552383150807,40.5858957747989,314.9287048125103,6.780481002444698,7.34376441727144,0.0,0.005829703917941902,0.12167715817933017,1.0060976462892626,0.0039202336787464535,112.47835582004038,1.0,-0.862042399290011,-0.9041067595241479,-0.24581063119783128,2.2163144467528575,-0.2636015391221506,-0.8621868134214807,-0.9205347688089117,-0.9361975433003089,-0.41760785585551885,1.3621633860324525,Capital Markets,Financial Services,GHL
2010Q3,2010,Q3,2010-10-28,2010-09-30,14469849.0,84050249.0,24546383.0,0.47,84050249.0,1.0,508833882.0,377640262.0,109163513.0,102948743.0,126633330.0,0.0,197271526.0,2439461614.2,2445220151.2,12.279113312329487,1.060367614201953,0.12287900277835664,0.16556762160068622,0.035485117496018584,12.279113312329487,0.0383164891459587,29.02384755814346,42.147323275453665,6.459749819260532,1.0022295325956754,0.0,0.005944799424423754,0.16518209964642253,1.060367614201953,0.02843727493759938,60.574938193098255,1.0,-0.17543859649122803,-0.1912091464055259,0.2676523433421829,2.0518671946810723,0.006245118214176286,-0.17550858887420706,-0.20383281087230973,-0.6259009320531275,-0.35727003073659613,1.8036464238890566,Capital Markets,Financial Services,GHL
2010Q2,2010,Q2,2010-08-09,2010-06-30,17550030.0,83528603.0,30830689.0,0.57,83528603.0,1.0,466031004.0,352374591.0,71025387.0,109451910.0,109451910.0,0.0,197303787.0,1877196117.19,1895010298.19,11.474911198982502,0.6489186620863903,0.0,0.0,0.054636755367554926,11.474911198982502,0.04980503829800827,22.473692241566642,26.74063971956173,5.327274341384053,0.7810522261215508,0.0,0.007302108647294096,0.17923400435392492,0.6489186620863903,0.03765850308105252,74.33160975626174,1.0,27.499999999999996,1.8319871285286846,1.8607767835723,1.616905150243226,0.7096922813542709,33.284366355665995,7.3319453373903025,-0.6125047359950119,-0.43950438567461547,1.4498152191136864,Capital Markets,Financial Services,GHL
2010Q1,2010,Q1,2010-05-03,2010-03-31,511896.0,48855928.0,3700299.0,0.02,48855928.0,1.0,310597380.0,214337230.0,76874983.0,92697519.0,92697519.0,0.0,193461247.0,2430520473.73,2460922577.73,7.23916683725684,0.82931003795258,0.0,0.0,0.015519946128053477,7.23916683725684,0.002388273843046306,49.74873210329768,1187.0186882345242,11.339702737270608,27.39868840545736,0.0,0.005770483792089229,0.15729665201940854,0.82931003795258,0.0016481014746486272,-87.33214435168618,1.0,-0.9651126535971573,-0.9502313044150834,0.16260949393088717,0.6678801297795418,-0.2646143069756319,-0.9698970977258753,-0.8411549130872066,-0.9416669719996716,0.1165874316139462,0.3736997179825046,Capital Markets,Financial Services,GHL
2009Q4,2009,Q4,2010-02-26,2009-12-31,17004872.0,66435788.0,23295017.0,0.5732737528690451,66435788.0,1.0,328389483.0,232051994.0,105475332.0,94836275.0,94836275.0,0.0,206974630.0,2380138498.3199997,2342865039.3199997,7.823011985101985,1.1121834129398271,0.0,0.0,0.07439821386318879,7.823011985101985,0.07328043903815798,35.8261498805433,34.992008442051194,10.256918965841766,0.7034241716138763,0.0,0.005025605866399379,0.20230790399581705,1.1121834129398271,0.051782632758674556,118.97364798665812,1.0,-0.43240222488213353,0.49816969195217364,0.3555987000751022,0.8954803495290143,-0.428669229774505,-0.43400519081557754,-0.5490209425074042,-0.15576516094362722,-0.09266988660468263,0.4819206054481504,Capital Markets,Financial Services,GHL
2009Q3,2009,Q3,2009-10-30,2009-09-30,30044219.0,116282531.0,51654321.0,1.01,116282531.0,1.0,329158598.0,242503310.0,81639778.0,85058036.0,85058036.0,0.0,201931396.0,2657188517.94,2632207067.94,8.175350135353295,0.9598126389845164,0.10207845155544137,0.13855480982919366,0.1096708078744671,8.175350135353295,0.12389199553606094,22.851141053508716,22.110647292412562,10.957328862603978,0.4636786864055278,0.0,0.005242708187976056,0.35327204486391695,0.9598126389845164,0.09127581409858843,143.68746154605284,1.0,1.885714285714286,2.794049101495586,2.3112616015522343,1.1683362462085543,1.1493705926662439,1.918952631779394,1.9533573805516902,1.1066817274666765,1.0041672358527232,0.6944560034307865,Capital Markets,Financial Services,GHL
2009Q2,2009,Q2,2009-07-28,2009-06-30,10292808.0,54100736.0,17490034.0,0.35,54100736.0,1.0,261803567.0,215596217.0,86773524.0,44675588.0,44675588.0,0.0,185818041.0,2130810229.1999998,2109161528.1999998,7.306236198901199,1.9423028970542033,0.0,0.0,0.04869557134358192,7.306236198901199,0.04774113453020375,39.3859748821162,51.75483282113102,9.883337745207282,1.3470095818361714,0.0,0.006506685020563914,0.2066462906519528,1.9423028970542033,0.03931500291590756,59.10798001334333,1.0,-0.2553191489361702,0.2728368744931073,0.4989095792958341,0.9021460084212445,-0.12496131322208007,-0.25940978326916997,-0.23116454607256184,-0.22516470966961827,-0.08879597701885777,0.743247580625178,Capital Markets,Financial Services,GHL
2009Q1,2009,Q1,2009-05-07,2009-03-31,13898115.0,61826679.0,22748735.0,0.47,61826679.0,1.0,275080466.0,201063742.0,104645128.0,15400964.0,72404242.0,0.0,189389744.0,2171487393.95,2178541917.95,6.83796617381694,6.794712850442349,0.0,0.0,0.0693068944564999,6.83796617381694,0.06912293018002222,35.12217426315264,39.06082576576032,10.799994928722652,0.9976757279674258,0.0,0.006385398339696404,0.22475852211185363,6.794712850442349,0.050523816547555216,-122.15935759331559,1.0,0.04578866585640644,0.12752138846290004,0.7779662783478498,10.400718348539824,0.17183679847073433,0.10866582130733098,0.11799399591553196,-0.5031042595980136,-0.3821054964907773,0.48105129150377746,Capital Markets,Financial Services,GHL
2008Q4,2008,Q4,2009-02-26,2008-12-31,12535892.0,52760486.0,20347815.0,0.4494215852063308,52760486.0,1.0,265779193.0,198249205.0,93538877.0,65712393.0,65712393.0,0.0,189357441.0,1946121890.07,1909773235.07,7.10738988314472,1.4234586921830712,0.0,0.0,0.06352699031717876,7.10738988314472,0.0632330001020685,36.88597353083518,38.810997455745465,9.816543224322135,0.880316773628873,0.0,0.005670536905374957,0.19851247723519125,1.4234586921830712,0.0471665665716729,108.10091694331307,1.0,2.0700513933484066,0.33585530108248074,0.19392762274581707,4.508365904157553,4.532082981227313,2.0725020543775887,2.077294291596059,-0.3353417016033493,-0.291161520037817,0.8976382061180778,Capital Markets,Financial Services,GHL
2008Q3,2008,Q3,2008-10-31,2008-09-30,-11688455.0,-14937499.0,-18887889.0,-0.42,-14937499.0,-1.0,246202661.0,132963273.0,89444058.0,111074790.0,111074790.0,0.0,187857105.0,2057137586.25,2068080355.25,4.76683788643697,0.8052597533607762,0.32980959535607945,0.6106949548391457,-0.05686735092062213,4.76683788643697,-0.08790739530005402,-137.71633298519384,-43.99934778056638,15.471472233163214,-1.1102386072410768,0.0,0.006308267413292468,-0.060671557891894594,0.8052597533607762,-0.04747493366856827,90.05418238679016,1.0,-1.4038461538461537,-1.7474320995854251,-1.4126019472277036,0.0,-1.1374578418496237,-1.4041878636874856,-1.3940503595480311,-1.720342949715996,-1.2483985274563552,0.18475624403371288,Capital Markets,Financial Services,GHL
2008Q2,2008,Q2,2008-08-08,2008-06-30,28918372.0,108669675.0,47932678.0,1.04,108669675.0,1.0,311120878.0,163210841.0,106722017.0,145526649.0,145526649.0,0.0,212522532.0,1499932920.96,1497782126.96,5.860619347319749,0.7333503364047089,0.0,0.0,0.1829657587936487,5.860619347319749,0.17718413692874727,13.802681575701778,12.96695506372212,9.190154966237813,0.44713461048222214,0.0,0.008620655510197197,0.34928441864322585,0.7333503364047089,0.09294899199918046,206.09730714406433,1.0,0.5294117647058822,0.4940207460561552,1.5783505592168388,0.0,0.0,0.5052039944699898,0.5368997740501998,4.1456117605105804,3.1039955969265223,0.3365406222033396,Capital Markets,Financial Services,GHL
2008Q1,2008,Q1,2008-05-09,2008-03-31,19212261.0,75380385.0,31187901.0,0.68,0.0,0.0,264860362.0,149737265.0,0.0,0.0,113136547.0,0.0,196534567.0,1955768993.28,1869940516.28,5.325641315098209,0.0,0.005455871120496316,0.009650530213704652,0.1317522939675122,5.325641315098209,0.12830647734884165,25.945330383759647,25.449490214608264,13.061337759040812,0.6815309764946458,0.0,0.006694937410803617,0.28460425120162,0.0,0.07253732062784086,-30.161995420202057,0.0,-0.33088182979641567,2.051779377368301,2.9922249487072645,0.0,0.0,-0.32650035415041323,-0.2946433137105532,0.9669985740064883,0.8889740607200262,0.22701016946739908,Capital Markets,Financial Services,GHL
2007Q4,2007,Q4,2008-02-28,2007-12-31,28526015.0,96997402.0,44215787.0,1.0162629417059543,0.0,0.0,374213330.0,143146360.0,0.0,0.0,228813842.0,0.0,190416057.0,1866061822.5600002,1675836350.5600002,5.0997077898227126,0.0,0.0038615513776593686,0.010094870732305033,0.20188546483753653,5.0997077898227126,0.19927866136449435,19.238266016238253,16.3540352776229,13.036041032129633,0.38266249246521117,0.0,0.005849664715301264,0.25920349229676026,0.0,0.07622928611335145,35.968419589595044,0.0,-0.18698964663523654,2.0207277145985456,1.1812006207262082,2.9523730894859805,0.0,-0.1919467162137962,-0.1970738488783504,1.6558591435561798,1.0915364967577126,0.23563608522619134,Capital Markets,Financial Services,GHL
2007Q3,2007,Q3,2007-11-02,2007-09-30,35302146.0,119353233.0,55068311.0,1.25,0.0,0.0,306734571.0,122935916.0,0.0,0.0,181455141.0,0.0,172805878.0,1798133579.3200002,1683404908.3200002,4.379693961300801,0.0,0.00471105684399689,0.011754449366936835,0.2876740056525859,4.379693961300801,0.28715892920991454,15.065646184213545,12.733882943830102,14.626592763338586,0.30920921917891336,0.0,0.006070599607025863,0.3891091656571049,0.0,0.11509020937845314,21.39553389058411,0.0,-0.1496598639455782,1.243272541961274,2.2760752532113044,0.0,0.0,-0.1737974147094813,-0.16056062368036145,3.711068584631917,2.5916126821867276,0.16161987026367994,Capital Markets,Financial Services,GHL
2007Q2,2007,Q2,2007-08-02,2007-06-30,42728196.0,140593775.0,65601296.0,1.47,0.0,0.0,303806123.0,135698282.0,0.0,0.0,165404050.0,0.0,148419481.0,1990573842.4699998,1911631652.4699998,4.683990494243883,0.0,0.00475646766342494,0.01064894837799052,0.31197161406855534,4.683990494243883,0.3148764698435902,14.158335548426663,11.646722941860217,14.669116020717196,0.17404048605281627,0.0,0.0037358252386018058,0.46277465908743387,0.0,0.1406429718337178,34.775459622542066,0.0,4.068965517241379,1.1219956489725027,2.2066150943383733,0.0,0.0,3.900070241510382,3.6549003140150744,4.381985429832595,2.9675959428933165,0.21945603448311643,Capital Markets,Financial Services,GHL
2007Q1,2007,Q1,2007-05-03,2007-03-31,8719915.0,43478001.0,14092954.0,0.29,0.0,0.0,245203329.0,155042528.0,0.0,0.0,87637309.0,0.0,113127721.0,1806141193.08,1769940257.08,5.269832076466247,0.0,0.005893247884901269,0.009320307264339757,0.05587223101400539,5.269832076466247,0.05624208475238484,41.541495734360005,51.78207565899438,11.649327551470265,0.8766958164156416,0.0,0.004232622028272067,0.17731407308911373,0.0,0.03556197640367272,-34.56029751449371,0.0,-0.5729298575051368,0.32370383269868336,1.200544422558509,0.0,0.0,-0.5642263855999404,-0.49835058143717387,-0.2929764366253678,0.24959683691622872,7.786219428511152,Capital Markets,Financial Services,GHL
