Quarters,Year,Quarter,FillingDate,Date,NetIncome,Revenue,OperatingIncome,EPSDiluted,GrossProfit,GrossProfitRatio,TotalAssets,CommonStockEquity,CurrentAssets,CurrentLiability,TotalLiability,Inventory,RetainedEarnings,MarketCap,EnterpriseValue,bookValuePerShare,currentRatio,debtToAssets,debtToEquity,roic,shareholdersEquityPerShare,roe,priceToSalesRatio,peRatio,pbRatio,payoutRatio,inventoryTurnover,dividendYield,assetTurnover,quickRatio,returnOnAssets,priceToFreeCashFlowsRatio,grossProfitMargin,epsdilutedGrowth,fiveYNetIncomeGrowthPerShare,fiveYRevenueGrowthPerShare,fiveYShareholdersEquityGrowthPerShare,grossProfitGrowth,netIncomeGrowth,operatingIncomeGrowth,threeYNetIncomeGrowthPerShare,threeYRevenueGrowthPerShare,threeYShareholdersEquityGrowthPerShare,Industry,Sector,Symbol
2023Q1,2023,Q1,2023-05-15,2023-03-31,95000.0,7231000.0,169000.0,0.01,4302000.0,0.5949384594,27472000.0,19525000.0,24460000.0,6428000.0,7947000.0,6976000.0,-3036000.0,43825460.0,33255460.0,2.2142209117713767,3.80522713130056,0.076841875364007,0.10811779769526249,0.005385017877387286,2.2142209117713767,0.0048655569782330346,6.060774443368829,115.33015789473684,2.244581818181818,0.0,0.41986811926605505,0.0,0.263213453698311,2.613565650280025,0.0034580663948747814,156.5195,0.5949384594108699,-0.8333333333333333,-0.3132360381736658,-0.10924556983310363,-0.190343348371822,0.06537890044576523,-0.8137254901960784,-0.7304625199362041,1.1598316292650495,0.40852741838734435,-0.13190795297419652,Electronic Components,Technology,DAIO
2022Q4,2022,Q4,2023-03-30,2022-12-31,510000.0,7271000.0,627000.0,0.06,4038000.0,0.5553568973,27165000.0,19109000.0,23898000.0,6319000.0,8056000.0,6751000.0,-3131000.0,34999520.0,25788520.0,2.167536297640653,3.781927520177243,0.0846309589545371,0.12030980166413732,0.028314156174924585,2.167536297640653,0.02668899471453242,4.813577224590841,17.156627450980395,1.8315725574336703,0.0,0.47889201599763,0.0,0.2676605926743972,2.611489159677164,0.018774157923799006,173.2649504950495,0.5553568972631,-0.4000000000000001,-0.6889090148593467,-0.158542644796023,-0.18840209344914804,-0.017757236682072488,-0.39787485242030696,1.4396887159533074,1.9577802090041567,0.15420087354342424,-0.1732555468543872,Electronic Components,Technology,DAIO
2022Q3,2022,Q3,2022-11-14,2022-09-30,847000.0,7212000.0,257000.0,0.1,4111000.0,0.5700221852,26469000.0,17925000.0,23172000.0,6682000.0,8544000.0,7104000.0,-3641000.0,24596640.0,15981640.0,2.0332350272232307,3.4678240047889854,0.09165438815217802,0.13534170153417016,0.009620626987732849,2.0332350272232307,0.04725244072524407,3.4105158069883528,7.259929161747344,1.3721974895397488,0.0,0.43651463963963966,0.0,0.2724696815142242,2.3126309488177195,0.031999697759643356,23.073771106941837,0.5700221852468109,2.326259946949602,-0.5440314353742355,-0.3008655394829516,-0.17366765160524725,0.490572878897752,2.289193302891933,1.3535075653370015,1.9353683468661027,0.7652266839131295,-0.22053316139342702,Electronic Components,Technology,DAIO
2022Q2,2022,Q2,2022-08-12,2022-06-30,-657000.0,4769000.0,-727000.0,-0.0754,2758000.0,0.5783183057,25538000.0,17352000.0,21956000.0,6091000.0,8186000.0,6925000.0,-4488000.0,26736630.0,19047630.0,1.9924216327936617,3.604662616975866,0.10188738350693084,0.1499538958045182,-0.03667602023343579,1.9924216327936617,-0.037863070539419084,5.606338855105892,-10.173755707762556,1.540838520055325,0.0,0.2903971119133574,0.0,0.18674132665048163,2.373337711377442,-0.025726368548829197,-17.294068564036223,0.5783183057244705,0.6409523809523809,-1.5069314125205868,-0.5142084989306057,-0.12399170398438394,0.19756838905775076,0.639010989010989,0.46583394562821456,-5.904736072648171,-0.2249764634939807,-0.2761922908188981,Electronic Components,Technology,DAIO
2022Q1,2022,Q1,2022-05-12,2022-03-31,-1820000.0,4965000.0,-1361000.0,-0.21,2303000.0,0.4638469285,26488000.0,18260000.0,22793000.0,5897000.0,8228000.0,6625000.0,-3831000.0,36643500.0,27108500.0,2.1178380886105312,3.865185687637782,0.1042358803986711,0.15120481927710844,-0.07852945851760025,2.1178380886105312,-0.09967141292442497,7.38036253776435,-5.033447802197802,2.006763417305586,0.0,0.401811320754717,0.0,0.18744337058290547,2.6031880617263017,-0.06871035940803383,-19.764563106796118,0.4638469284994965,-7.823529411764705,-2.7316108707349827,-0.3598184952963561,-0.005068283730261638,-0.3338154469192942,-7.878048780487805,-3.3621794871794872,-68.41011366272326,-0.21074561539541334,-0.25147243105170947,Electronic Components,Technology,DAIO
2021Q4,2021,Q4,2022-03-29,2021-12-31,-205000.0,6357000.0,-312000.0,-0.0238,3457000.0,0.5438099733,29057000.0,19853000.0,25273000.0,6789000.0,9204000.0,6351000.0,-2011000.0,39742810.0,28430810.0,2.302865096856513,3.7226395640005894,0.09904670131121589,0.14496549639852918,-0.008004998242805263,2.302865096856513,-0.010325895330680502,6.251818467830738,-48.46684146341464,2.0018541278396214,0.0,0.45662100456621,0.0,0.21877688680868637,2.678597731624687,-0.007055098599304815,-345.58965217391307,0.543809973257826,-18.37226277372263,-1.2521534125433735,-0.07915957795758004,0.1499961305784209,-0.15435420743639922,-18.083333333333332,-3.1971830985915495,-1.3093857448292356,-0.20874420723984904,-0.1687521671619958,Electronic Components,Technology,DAIO
2021Q3,2021,Q3,2021-11-12,2021-09-30,12000.0,6730000.0,142000.0,0.00137,4088000.0,0.6074294205052005,27254000.0,19713000.0,24860000.0,6378000.0,7541000.0,6050000.0,-1806000.0,56295130.0,43552130.0,2.286625681475467,3.8977735967387894,0.05496440889410729,0.07599046314614721,0.0006051316871668049,2.286625681475467,0.0006087353523055851,8.364803863298663,1172.8152083333334,2.8557363161365594,0.0,0.43669421487603305,0.0,0.24693622954428707,2.867983693947946,0.00044030234094077935,43.538383604021654,0.6074294205052005,1.4023494860499264,-0.982234265166454,-0.0547571070683714,0.16410830692002049,0.0654156893406307,1.4137931034482758,0.2909090909090909,-0.9656530259647494,0.00840675873736812,-0.16191817042469203,Electronic Components,Technology,DAIO
2021Q2,2021,Q2,2021-08-12,2021-06-30,-29000.0,6733000.0,110000.0,-0.003405,3837000.0,0.5698796970147036,26890000.0,19498000.0,24305000.0,6146000.0,7392000.0,5611000.0,-1818000.0,58000770.0,46676770.0,2.289303745450276,3.954604620891637,0.06281145407214578,0.08662426915581085,-0.0030314664314983614,2.289303745450276,-0.001487332034054775,8.61440219812862,-500.0066379310345,2.974703559339419,0.0,0.5161290322580645,0.0,0.2503904797322425,2.8498210218027986,-0.0010784678319077723,-179.56894736842105,0.5698796970147036,0.914875,-1.060905745477778,0.08230330460285709,0.21340432103350862,0.14949071300179748,0.9129129129129129,1.3333333333333333,-1.0585428030407353,-0.08304780516375226,-0.15629064980450288,Electronic Components,Technology,DAIO
2021Q1,2021,Q1,2021-05-14,2021-03-31,-333000.0,6015000.0,-330000.0,-0.04,3338000.0,0.5549459684123026,25344000.0,19416000.0,23377000.0,5296000.0,5928000.0,5132000.0,-1789000.0,45636400.0,33109400.0,2.305938242280285,4.4140861027190335,0.04316603535353535,0.05634528224145035,-0.016898863936234278,2.305938242280285,-0.01715080346106304,7.587098919368246,-34.26156156156156,2.3504532344458178,0.0,0.5216289945440374,0.0,0.2373342803030303,3.2029833836858006,-0.013139204545454546,-671.1235294117647,0.5549459684123026,0.7999999999999999,-0.8703236342042757,0.2303650532189058,0.2472380240259286,0.43755383290267014,0.7976913730255164,0.778672032193159,-3.52107710579207,-0.22401511111028086,-0.15680579738883993,Electronic Components,Technology,DAIO
2020Q4,2020,Q4,2021-03-26,2020-12-31,-1646000.0,4941000.0,-1491000.0,-0.2,2322000.0,0.46994535519125685,25592000.0,19639000.0,23250000.0,5191000.0,5953000.0,5270000.0,-1456000.0,34673920.0,21767920.0,2.333531368821293,4.478905798497399,0.0492732103782432,0.06420897194358165,-0.06510491960907856,2.333531368821293,-0.08381282142675289,7.01759158065169,-5.266391251518834,1.7655644381078466,0.0,0.4969639468690702,0.0,0.19306814629571742,3.209593527258717,-0.064316974054392,45.207196870925685,0.46994535519125685,-1.2222222222222223,-5.594390510045672,-0.06731846731087872,0.26093909544311045,-0.29142508391821786,-1.3281471004243282,-13.91,-2.0517510050301015,-0.4010112373006808,-0.1262480006136048,Electronic Components,Technology,DAIO
2020Q3,2020,Q3,2020-11-12,2020-09-30,-707000.0,5947000.0,-100000.0,-0.09,3277000.0,0.5510341348579115,27023000.0,20466000.0,23925000.0,5652000.0,6557000.0,5060000.0,190000.0,26692920.0,15093920.0,2.438170121515368,4.233014861995754,0.05117862561521667,0.06757549105834067,-0.008292142379955113,2.438170121515368,-0.03454509918889866,4.488468135194216,-9.43879773691655,1.3042568161829378,0.0,0.5276679841897233,0.0,0.22007179069681382,3.0314932767162066,-0.026162898271842504,-39.84017910447761,0.5510341348579115,0.30769230769230776,-2.5214550147816834,-0.08779603241446594,0.3319570862232618,0.34358343583435835,0.33112582781456956,0.8861047835990888,-1.3997362396200106,-0.39451199188209124,-0.009096924201024148,Electronic Components,Technology,DAIO
2020Q2,2020,Q2,2020-08-13,2020-06-30,-1057000.0,4655000.0,-878000.0,-0.13,2439000.0,0.523952738990333,26163000.0,20310000.0,22844000.0,4869000.0,5853000.0,4731000.0,897000.0,28060760.0,16313760.0,2.4463984582028426,4.69172314643664,0.058326644497955125,0.07513540128015755,-0.041379786976000914,2.4463984582028426,-0.05204332840965042,6.0280902255639095,-6.636887417218544,1.3816228458887247,0.0,0.4683999154512788,0.0,0.17792302106027597,3.3093037584719656,-0.04040056568436341,-64.06566210045662,0.523952738990333,-0.857142857142857,-11.050539629005057,-0.1072547340323132,0.3724589175647246,-0.12392241379310345,-0.907942238267148,-0.44170771756978655,-1.8555480047765667,-0.5025747384879792,0.07560834989560751,Electronic Components,Technology,DAIO
2020Q1,2020,Q1,2020-05-13,2020-03-31,-554000.0,4785000.0,-609000.0,-0.07,2784000.0,0.5818181818181818,27097000.0,20964000.0,23434000.0,5021000.0,6133000.0,4804000.0,1954000.0,23095390.0,10966390.0,2.550675264630734,4.667197769368651,0.06218400560947707,0.0803758824651784,-0.02525464157505678,2.550675264630734,-0.026426254531577945,4.826622779519331,-10.422107400722021,1.1016690517076893,0.0,0.4165278934221482,0.0,0.1765878141491678,3.3700458076080464,-0.020445067719673766,206.20883928571428,0.5818181818181818,-0.16666666666666682,-11.81640598811614,-0.22437458329500667,0.4490253309581288,-0.15121951219512195,-0.11693548387096774,-0.7807017543859649,-1.552939631022615,-0.3527756466561759,0.1982727727551579,Electronic Components,Technology,DAIO
2019Q4,2019,Q4,2020-03-27,2019-12-31,-496000.0,5868000.0,-342000.0,-0.06,3280000.0,0.5589638718473074,28281000.0,21530000.0,23979000.0,5482000.0,6751000.0,5020000.0,2508000.0,34876364.0,22796364.0,2.621773015099854,4.374133527909522,0.06562709946607263,0.0862052949372968,-0.012998507139477861,2.621773015099854,-0.02303762192289828,5.943483980913428,-17.578812499999998,1.6198961449140732,0.0,0.5155378486055777,0.0,0.20748912697570807,3.289857716161985,-0.017538276581450445,-22.750400521852576,0.5589638718473074,0.4000000000000001,-2.3599387017670694,0.06084343951964787,0.4852492504256832,0.6383616383616384,0.41232227488151657,0.6711538461538461,-1.6404738018664335,-0.10765874198047487,0.30925117009040853,Electronic Components,Technology,DAIO
2019Q3,2019,Q3,2019-11-13,2019-09-30,-844000.0,3808000.0,-1040000.0,-0.1,2002000.0,0.5257352941176471,28079000.0,21434000.0,23598000.0,5185000.0,6645000.0,5432000.0,3004000.0,32005215.0,18822215.0,2.608494584398199,4.551205400192864,0.07104953880123936,0.0930764206401045,-0.043757741953752066,2.608494584398199,-0.03937669123821965,8.404730829831934,-9.480217713270141,1.4931984230661566,0.0,0.3324742268041237,0.0,0.13561736529078672,3.391321118611379,-0.030058050500373946,49.62048837209302,0.5257352941176471,-6.0,-2.2475126135464083,-0.41476457997782307,0.5025510982444952,-0.44140625,-7.645669291338582,-14.866666666666667,-2.3109578678349765,-0.43886203310786887,0.32796995977691196,Electronic Components,Technology,DAIO
2019Q2,2019,Q2,2019-08-14,2019-06-30,127000.0,5834000.0,75000.0,0.02,3584000.0,0.6143297908810421,29690000.0,22729000.0,24813000.0,5272000.0,6961000.0,5218000.0,3848000.0,36083090.0,23117090.0,2.752694683299019,4.706562974203338,0.07406534186594813,0.09674864710282019,0.0022800401574316863,2.752694683299019,0.005587575344273835,6.1849657182036335,71.02970472440944,1.5875353073166438,0.0,0.43119969336910696,0.0,0.196497137083193,3.5995827010622157,0.004277534523408555,22.287269919703522,0.6143297908810421,5.474587245063127,-0.7311269212564269,-0.013931513358920728,0.6600722586477221,-0.027408412483039348,3.8846153846153846,1.5862068965517242,-0.7248760811192686,-0.03267779437826673,0.4590163624373205,Electronic Components,Technology,DAIO
2019Q1,2019,Q1,2019-05-15,2019-03-31,26000.0,6058000.0,29000.0,0.003089,3685000.0,0.6082865632221856,30910000.0,23492000.0,26043000.0,5522000.0,7418000.0,5744000.0,3721000.0,44711655.0,32328655.0,2.8293387932072744,4.716226005070626,0.07761242316402459,0.10211987059424485,-0.008884175798279721,2.8293387932072744,0.0011067597479993189,7.3805967315945855,429.9197596153846,1.9032715392474033,0.0,0.4131267409470752,0.0,0.19598835328372696,3.521369069177834,0.0008411517308314461,-13.001353591160221,0.6082865632221856,-0.9613875000000001,1.0711000871159357,0.17913423162865233,0.778298000282322,-0.19418324950798163,-0.9598765432098766,-0.9610215053763441,1.148089044120599,0.2566220557244151,0.5303354014590371,Electronic Components,Technology,DAIO
2018Q4,2018,Q4,2018-12-31,2018-12-31,648000.0,7857000.0,744000.0,0.08,4573000.0,0.5820287641593483,30723000.0,23357000.0,27920000.0,6855000.0,7366000.0,5185000.0,3695000.0,42155000.0,23812000.0,2.7703712489621632,4.072939460247994,0.0,0.0,0.030715784194398743,2.7703712489621632,0.02774328894977951,5.365279368715795,16.263503086419753,1.8048122618486964,0.0,0.6333654773384764,0.0,0.255736744458549,3.225966447848286,0.021091690264622594,1277.4242424242425,0.5820287641593483,1.0,1.365198554262722,1.178113269241249,0.6763955396262258,0.11049052938319573,0.8947368421052632,0.8415841584158416,0.8055092540279987,0.48047785120453124,0.496988411376043,Electronic Components,Technology,DAIO
2018Q3,2018,Q3,2018-09-30,2018-09-30,342000.0,6533000.0,404000.0,0.04,4118000.0,0.630338282565437,29863000.0,23025000.0,27022000.0,6424000.0,6838000.0,4558000.0,3047000.0,43882800.0,24980800.0,2.728403839317455,4.206413449564135,0.0,0.0,0.011495750496087462,2.728403839317455,0.01485342019543974,6.7170978111128115,32.0780701754386,1.9058762214983713,0.0,0.5298376480912681,0.0,0.21876569668151225,3.38200498132005,0.011452298831329739,17.80235294117647,0.630338282565437,-0.3333333333333333,1.1575999883125798,0.1232817233462522,0.48234312175959854,-0.030830783713815015,-0.2962962962962963,0.6422764227642277,-0.2679448735815734,-0.00325364875088704,0.4905099507982514,Electronic Components,Technology,DAIO
2018Q2,2018,Q2,2018-06-30,2018-06-30,486000.0,7204000.0,246000.0,0.06,4249000.0,0.5898112159911161,29772000.0,22673000.0,26845000.0,6631000.0,7099000.0,4320000.0,2705000.0,53060600.0,36426600.0,2.713379607467688,4.048408988086262,0.0,0.0,0.00998684859444353,2.713379607467688,0.02143518722709831,7.365435868961688,27.29454732510288,2.340254928769902,0.0,0.6840277777777778,0.0,0.24197232298804244,3.3172975418488915,0.016324062877871828,78.49201183431953,0.5898112159911161,1.9999999999999996,1.723480594321906,0.26956778870521686,0.5198998710517568,-0.03781702898550725,2.7384615384615385,-0.28488372093023256,3.5912924844423166,0.3726691475024963,0.5222385488842249,Electronic Components,Technology,DAIO
2018Q1,2018,Q1,2018-03-31,2018-03-31,130000.0,7629000.0,344000.0,0.02,4416000.0,0.5788438851749902,28870000.0,22663000.0,25633000.0,5735000.0,6207000.0,3959000.0,2219000.0,61655280.0,44839280.0,2.734765295040425,4.469572798605057,0.0,0.0,0.011275773602032262,2.734765295040425,0.0057362220359175745,8.081698780967361,118.56784615384616,2.7205259674359086,0.0,0.8115685779237181,0.0,0.26425355039833737,3.7034001743679164,0.004502944232767579,-31.312991366175723,0.5788438851749902,-0.888888888888889,1.2648372007183468,0.49899516537838173,0.48390842877027185,-0.0669765476442003,-0.9153645833333334,-0.7011294526498697,1.5173187411805558,0.2264768255178904,0.5536059182792329,Electronic Components,Technology,DAIO
2017Q4,2017,Q4,2018-03-28,2017-12-31,1536000.0,8096000.0,1151000.0,0.18,4733000.0,0.5846096837944664,30287000.0,22060000.0,27186000.0,7700000.0,8227000.0,4168000.0,2089000.0,99450400.0,80909400.0,2.6707021791767556,3.530649350649351,0.0,0.0,0.07698574231660575,2.6707021791767556,0.06962828649138712,12.28389328063241,16.186588541666666,4.508177697189483,0.0,0.8068618042226487,0.0,0.2673094066761317,2.897402597402597,0.050714828144088224,31.293392070484582,0.5846096837944664,-0.10000000000000009,1.4277108069730202,1.0316692759739523,0.4022771292768018,-0.20547255329864025,-0.1111111111111111,-0.36896929824561403,3.186949915705197,0.45512593955468617,0.512967898779536,Electronic Components,Technology,DAIO
2017Q3,2017,Q3,2017-11-09,2017-09-30,1728000.0,9596000.0,1824000.0,0.2,5957000.0,0.6207794914547728,28087000.0,20179000.0,25884000.0,7470000.0,7908000.0,4950000.0,553000.0,81681960.0,66517960.0,2.4605535910254845,3.4650602409638553,0.0,0.0,0.08507388286599639,2.4605535910254845,0.085633579463799,8.51208420175073,11.817413194444445,4.047869567372021,0.0,0.7351515151515151,0.0,0.3416527218998113,2.7305220883534136,0.06152312457720654,24.669876170341286,0.6207794914547728,0.4285714285714285,2.2271365904559897,1.1008080128728128,0.06579466083928866,0.1451364859669358,0.43283582089552236,0.4384858044164038,1.5591321454040001,0.4776459152510382,0.41733378424388445,Electronic Components,Technology,DAIO
2017Q2,2017,Q2,2017-08-11,2017-06-30,1206000.0,9135000.0,1268000.0,0.14,5202000.0,0.5694581280788177,26776000.0,18432000.0,24742000.0,7880000.0,8344000.0,4855000.0,-1175000.0,64426800.0,52393800.0,2.274432379072063,3.1398477157360407,0.0,0.0,0.06421427534829721,2.274432379072063,0.0654296875,7.0527422003284075,13.35547263681592,3.495377604166667,0.0,0.8100926879505664,0.0,0.3411637287122797,2.4449238578680204,0.0450403346280251,37.544755244755244,0.5694581280788177,0.16666666666666682,21.191900036369308,0.6264791387337744,-0.07095912011496065,0.24838012958963282,0.23186925434116445,0.5771144278606966,1.6014396735061651,0.5731569697522139,0.3716457984154589,Electronic Components,Technology,DAIO
2017Q1,2017,Q1,2017-05-12,2017-03-31,979000.0,7224000.0,804000.0,0.12,4167000.0,0.5768272425249169,22824000.0,17095000.0,20764000.0,5278000.0,5729000.0,4407000.0,-2381000.0,40074690.0,29561690.0,2.1286265720333706,3.934065934065934,0.0,0.0,0.04646179464256991,2.1286265720333706,0.05726820707809301,5.547437707641196,10.233577630234933,2.344234571512138,0.0,0.6936691626957113,0.0,0.31650893796004204,2.9967790829859795,0.04289344549596916,-32.501776155717764,0.5768272425249169,0.3333333333333333,1.6371356758808868,1.143039835884656,-0.018702366597985985,0.1546134663341646,0.29668874172185433,0.36502546689303905,3.7678649025115143,0.45370782428506645,0.33788586417527955,Electronic Components,Technology,DAIO
2016Q4,2016,Q4,2017-03-28,2016-12-31,755000.0,6411000.0,589000.0,0.09,3609000.0,0.5629386991109031,22776000.0,16032000.0,20838000.0,6265000.0,6744000.0,4059000.0,-3360000.0,33465079.999999996,21894079.999999996,2.002498126405196,3.32609736632083,0.0,0.0,0.03560713937977703,2.002498126405196,0.047093313373253495,5.219946966151926,11.081152317880793,2.087392714570858,0.0,0.6903178122690318,0.0,0.28148050579557427,2.601117318435754,0.0331489286968739,16.260971817298348,0.5629386991109031,0.12499999999999993,412.28847114664,0.22641757542580426,-0.33688858370389724,-0.009332967334614329,0.208,-0.05152979066022544,1.4480892230704872,0.8715997911476301,0.2117433461212596,Electronic Components,Technology,DAIO
2016Q3,2016,Q3,2016-11-14,2016-09-30,625000.0,6588000.0,621000.0,0.08,3643000.0,0.5529751062537948,21036000.0,15669000.0,19179000.0,4894000.0,5367000.0,3896000.0,-4115000.0,28071063.0,18346063.0,1.9642722828130876,3.9188802615447487,0.0,0.0,0.03938036086564654,1.9642722828130876,0.03988767630352926,4.260938524590164,11.228425200000002,1.7915031591039634,0.0,0.7559034907597536,0.0,0.3131774101540217,3.0492439722108706,0.02971097166761742,29.240690625,0.5529751062537948,0.3333333333333334,4.58697601758903,0.08578295061782974,-0.3142209979784076,0.1797279792746114,0.40765765765765766,0.5882352941176471,3.171346216262164,0.19834265907614881,0.06719007858433845,Electronic Components,Technology,DAIO
2016Q2,2016,Q2,2016-08-15,2016-06-30,444000.0,5801000.0,391000.0,0.06,3088000.0,0.5323220134459576,19388000.0,14984000.0,17674000.0,3931000.0,4404000.0,4088000.0,-4740000.0,18663700.0,9839700.0,1.8866784185343741,4.496056982955991,0.0,0.0,0.025689486376007282,1.8866784185343741,0.029631607047517352,3.2173245992070334,10.508840090090091,1.2455752802989857,0.0,0.6636497064579256,0.0,0.2992056942438622,3.360976850674129,0.022900763358778626,-32.2901384083045,0.5323220134459576,4.0,0.28891245449103997,-0.021413497234421024,-0.3451788649492618,0.22151898734177214,3.642857142857143,3.2342857142857144,1.6954119287914302,0.07560696285023348,0.056823113564538674,Electronic Components,Technology,DAIO
2016Q1,2016,Q1,2016-05-12,2016-03-31,-168000.0,4613000.0,-175000.0,-0.02,2528000.0,0.5480164751788424,19566000.0,14689000.0,18130000.0,4332000.0,4877000.0,4401000.0,-5184000.0,20815900.0,11117900.0,1.8488357457520452,4.185133887349954,0.0,0.0,-0.011985016283723653,1.8488357457520452,-0.011437129825039145,4.512443095599393,-30.97604166666667,1.4171080400299545,0.0,0.47375596455351054,0.0,0.23576612491055912,3.056555863342567,-0.008586323213738117,-12.977493765586035,0.5480164751788424,-1.5,-1.3589546553608691,-0.2554948488235577,-0.326604734023524,-0.09552772808586762,-1.4970414201183433,-1.7575757575757576,0.6430163254729204,-0.054591485828381775,0.003195027927497967,Electronic Components,Technology,DAIO
2015Q4,2015,Q4,2015-12-31,2015-12-31,338000.0,4998000.0,231000.0,0.04,2795000.0,0.5592236894757903,19640000.0,14694000.0,18340000.0,4517000.0,4946000.0,3705000.0,-5016000.0,20008800.0,8740800.0,1.8506297229219144,4.06021695815807,0.0,0.0,0.017196108047535418,1.8506297229219144,0.023002586089560365,4.003361344537815,14.799408284023668,1.3616986525112291,0.0,0.5946018893387315,0.0,0.2544806517311609,3.112242638919637,0.01720977596741344,8.000319872051179,0.5592236894757903,-0.20000000000000004,-0.3707969344552227,-0.18181449385068504,-0.30260642488179396,-0.11801830230356579,-0.23006833712984054,-0.5147058823529411,1.0979118492676057,0.3047830617179043,-0.028309575119602446,Electronic Components,Technology,DAIO
2015Q3,2015,Q3,2015-09-30,2015-09-30,439000.0,6159000.0,476000.0,0.05,3169000.0,0.5145315798019159,19104000.0,14516000.0,18068000.0,4208000.0,4588000.0,3623000.0,-5354000.0,18476900.0,9481900.0,1.8305170239596469,4.2937262357414445,0.0,0.0,0.03156891609017032,1.8305170239596469,0.030242491044364838,2.999983763597987,10.522152619589978,1.2728644254615598,0.0,0.825282914711565,0.0,0.322393216080402,3.3588403041825097,0.022979480737018426,-214.84767441860464,0.5145315798019159,4.0,-0.40068304749390293,0.060411492306355986,-0.2881585803334154,0.1642174871418075,3.39,6.4375,1.3224091158813434,0.3944403931056453,-0.20710718196610522,Electronic Components,Technology,DAIO
2015Q2,2015,Q2,2015-06-30,2015-06-30,100000.0,4958000.0,64000.0,0.01,2722000.0,0.5490116982654296,18198000.0,14071000.0,17131000.0,4012000.0,4127000.0,4116000.0,-5794000.0,26997480.0,17852480.0,1.7824930326830504,4.269940179461615,0.0,0.0,0.004641185590859185,1.7824930326830504,0.007106815436003127,5.4452359822509075,67.4937,1.918661075971857,0.0,0.543245869776482,0.0,0.2724475217056819,3.143569292123629,0.005495109352676118,93.09475862068966,0.5490116982654296,0.0,-0.8675111112815234,-0.14402329654327609,-0.2708683965931555,-0.04725236261813091,1.0408163265306123,-0.7117117117117117,2.7188270905284493,-0.09374841651887511,-0.27190233892623267,Electronic Components,Technology,DAIO
2015Q1,2015,Q1,2015-03-31,2015-03-31,49000.0,5902000.0,222000.0,0.01,2857000.0,0.48407319552694,17903000.0,13841000.0,16920000.0,3921000.0,4062000.0,3833000.0,-5894000.0,29093100.0,20172100.0,1.760269617194455,4.31522570772762,0.0,0.0,0.013550446076001086,1.760269617194455,0.0035402066324687525,4.929362927821078,148.4341836734694,2.1019507261036052,0.0,0.7944169058178973,0.0,0.32966541920348547,3.2529966845192555,0.0027369714572976597,-75.96109660574413,0.48407319552694,-0.75,-0.9212192516879775,0.07609470068395352,-0.2557439894573649,-0.02056907781967775,-0.8595988538681948,-0.34513274336283184,1.0325706677356588,0.7882698814369218,-0.1885150583963921,Electronic Components,Technology,DAIO
2014Q4,2014,Q4,2015-03-27,2014-12-31,349000.0,5293000.0,339000.0,0.04,2917000.0,0.5511052333270358,19332000.0,13871000.0,18341000.0,5278000.0,5461000.0,4445000.0,-5943000.0,26560040.0,17199040.0,1.7652074319165183,3.474990526714665,0.0,0.0,0.025925160603818203,1.7652074319165183,0.02516040660370557,5.017955790666918,19.025816618911172,1.9147891283973757,0.0,0.534533183352081,0.0,0.2737947444651355,2.5521030693444486,0.018052969170287606,160.9699393939394,0.5511052333270358,-0.5,78.61628897938408,0.218195818237394,-0.22813243612764475,-0.1397817752875258,-0.45975232198142413,-0.5356164383561643,193.6414482056503,0.03161594005639224,-0.4154655203918439,Electronic Components,Technology,DAIO
2014Q3,2014,Q3,2014-11-13,2014-09-30,646000.0,6213000.0,730000.0,0.08,3391000.0,0.5457910832126187,19214000.0,13621000.0,18477000.0,5374000.0,5593000.0,4323000.0,-6292000.0,25813340.0,16633340.0,1.7360438439969412,3.4382210643840714,0.01139793900281045,0.016078114675868144,0.053157097382161185,1.7360438439969412,0.04742676749137362,4.15473040399163,9.9896826625387,1.8951134277953159,0.0,0.6527874161461947,0.0,0.32335796814822526,2.575362858206178,0.03362131778911211,22.623435582822086,0.5457910832126187,0.3333333333333334,1.2220486048272141,0.33040455608914343,-0.24039578475584467,0.12210456651224355,0.4451901565995526,0.8575063613231552,4.871115119904313,0.04107512387534634,-0.39390153533249306,Electronic Components,Technology,DAIO
2014Q2,2014,Q2,2014-08-13,2014-06-30,447000.0,5599000.0,393000.0,0.06,3022000.0,0.5397392391498482,18852000.0,12957000.0,17674000.0,5659000.0,5895000.0,3952000.0,-6938000.0,23520140.0,15300140.0,1.6581776298950601,3.1231666372150557,0.0,0.0,0.029863435103369702,1.6581776298950601,0.034498726557073395,4.200775138417574,13.154440715883668,1.815245813074014,0.0,0.6520748987854251,0.0,0.29699766603012945,2.3663191376568298,0.02371101209420751,-42.075384615384614,0.5397392391498482,2.5,1.746177881723722,0.6401863298567334,-0.25630766689815293,0.21122244488977956,2.303206997084548,2.103932584269663,0.31887746899329,-0.04001753724899654,-0.42448604539234924,Electronic Components,Technology,DAIO
2014Q1,2014,Q1,2014-05-15,2014-03-31,-343000.0,4819000.0,-356000.0,-0.04,2495000.0,0.5177422701805354,17421000.0,12391000.0,16552000.0,4772000.0,5030000.0,3816000.0,-7385000.0,18691200.0,9915200.0,1.5910374935798666,3.468566638725901,0.0,0.0,-0.030892074817170618,1.5910374935798666,-0.0276813816479703,3.8786470222037766,-13.623323615160349,1.5084496812202404,0.0,0.6090146750524109,0.0,0.2766201710579186,2.5980720871751886,-0.01968888123529074,-13.256170212765957,0.5177422701805354,0.8095238095238095,0.15750469333900075,0.2530742523085822,-0.3062122921633556,0.6926729986431479,0.7905982905982906,0.7872086072922893,-1.7476397561700865,-0.2065690500083827,-0.42050173000525204,Electronic Components,Technology,DAIO
2013Q4,2013,Q4,2014-03-28,2013-12-31,-1638000.0,3330000.0,-1673000.0,-0.21,1474000.0,0.44264264264264264,17502000.0,12862000.0,16571000.0,4327000.0,4640000.0,3770000.0,-7042000.0,20002310.0,9576310.0,1.6525761274572788,3.8296741391264155,0.0,0.0,-0.12991445779020067,1.6525761274572788,-0.12735188928626964,6.006699699699699,-3.0528556166056164,1.5551477219716994,0.0,0.49230769230769234,0.0,0.1902639698320192,2.8671134735382484,-0.09358930407953377,344.8674137931034,0.44264264264264264,-11.499999999999998,-24.949119876654247,-0.31929626243601733,-0.2961484785359498,-0.42331768388106417,-12.219178082191782,-22.17721518987342,-4.110724136894103,-0.44387395406089664,-0.3772411847666729,Electronic Components,Technology,DAIO
2013Q3,2013,Q3,2013-11-08,2013-09-30,146000.0,5357000.0,79000.0,0.02,2556000.0,0.47713272353929437,19159000.0,14307000.0,18159000.0,4467000.0,4852000.0,3551000.0,-5404000.0,23707650.0,13413650.0,1.8406020841373987,4.065144392209537,0.0,0.0,0.00701025037910904,1.8406020841373987,0.01020479485566506,4.425546014560388,40.5952910958904,1.657066470958272,0.0,0.788791889608561,0.0,0.27960749517198186,3.206850235057085,0.007620439480139882,-50.76584582441114,0.47713272353929437,1.25,-0.8623361173462845,-0.21971738063715215,-0.21359813313561168,-0.13031643416127936,1.233974358974359,1.1305785123966943,-0.7966569105449977,-0.05904167778115067,-0.2842367574492858,Electronic Components,Technology,DAIO
2013Q2,2013,Q2,2013-08-12,2013-06-30,-624000.0,5271000.0,-605000.0,-0.08,2939000.0,0.5575792069815975,18513000.0,13857000.0,17489000.0,4263000.0,4656000.0,3393000.0,-5549000.0,16688300.0,6100300.0,1.785235763978356,4.102509969505044,0.0,0.0,-0.04510594736110136,1.785235763978356,-0.04503139207620697,3.166059571238854,-6.686017628205128,1.2043227249765462,0.0,0.6872973769525493,0.0,0.28471884621617244,3.2352803190241612,-0.033706044401231566,122.70808823529411,0.5575792069815975,-0.3333333333333334,-1.5884695630159333,-0.25464826500646504,-0.19019285336664082,0.15663124754033844,-0.35947712418300654,-0.2872340425531915,-1.8407899863788213,-0.07450959116232175,-0.26974647800475565,Electronic Components,Technology,DAIO
2013Q1,2013,Q1,2013-05-15,2013-03-31,-459000.0,4759000.0,-470000.0,-0.06,2541000.0,0.5339357007774742,18247000.0,14281000.0,17282000.0,3738000.0,3966000.0,3626000.0,-4925000.0,11468520.0,1076520.0,1.8429474770938186,4.6233279828785445,0.0,0.0,-0.033200186830884965,1.8429474770938186,-0.032140606400112036,2.4098592141206137,-6.246470588235294,0.8030614102653876,0.0,0.6116933259790402,0.0,0.26080999616375294,3.5478865703584805,-0.025154819970406094,-163.836,0.5339357007774742,0.8604651162790697,-1.196712447280199,-0.12920210819370487,-0.10355797959745174,0.3892837616183707,0.8636363636363636,0.8612341304989667,-1.7488232530481662,-0.11954004727004587,-0.2207871319579005,Electronic Components,Technology,DAIO
2012Q4,2012,Q4,2013-03-28,2012-12-31,-3366000.0,3735000.0,-3387000.0,-0.43,1829000.0,0.48969210174029454,18822000.0,14745000.0,17695000.0,3858000.0,4077000.0,4033000.0,-4466000.0,12774300.0,2465300.0,1.9045466287780934,4.586573354069466,0.011635320369780044,0.014852492370295015,-0.22594047778725881,1.9045466287780934,-0.22828077314343845,3.420160642570281,-0.9487745098039215,0.8663479145473042,0.0,0.4726010414083809,0.0,0.1984379980873446,3.4152410575427683,-0.17883328020401656,-16.830434782608695,0.48969210174029454,-1.5294117647058822,-4.4997101476753745,-0.4476221648085509,0.10768209736835424,-0.0508562532433835,-1.5327313769751694,-1.46865889212828,-780.3803873934385,-0.12750153012748305,-0.16720395571857238,Electronic Components,Technology,DAIO
2012Q3,2012,Q3,2012-11-13,2012-09-30,-1329000.0,4311000.0,-1372000.0,-0.17,1927000.0,0.4469960565993969,22352000.0,17869000.0,18652000.0,4254000.0,4483000.0,4068000.0,-1100000.0,18421200.0,7463200.0,2.308656330749354,4.384579219558063,0.010245168217609162,0.012815490514298505,-0.07338004456919303,2.308656330749354,-0.07437461525547037,4.273068893528183,-3.465237020316027,1.030902680620068,0.0,0.5860373647984267,0.0,0.19286864710093057,3.3450869769628584,-0.05945776664280601,682.2666666666667,0.4469960565993969,-16.0,-1.9208585536795155,-0.3413098039716575,0.44898761034352447,-0.3447806868412105,-22.31578947368421,-1.8464730290456433,-5.633971521581301,-0.06423297803010089,0.01015022544004603,Electronic Components,Technology,DAIO
2012Q2,2012,Q2,2012-08-10,2012-06-30,-57000.0,5360000.0,-482000.0,-0.01,2941000.0,0.5486940298507462,23613000.0,18934000.0,19702000.0,4437000.0,4679000.0,4635000.0,228000.0,22041900.0,11252900.0,2.448151021463667,4.440387649312599,0.010248591877355695,0.012781240097179677,-0.004058720709668955,2.448151021463667,-0.0030104573782613287,4.112294776119403,-96.67500000000001,1.1641438681736558,0.0,0.521898597626753,0.0,0.22699360521746495,3.306288032454361,-0.0024139245330961757,-19.386015831134564,0.5486940298507462,0.9473684210526315,0.9415176969739674,0.02697130255985558,0.7618785446559567,0.5144181256436663,0.9660107334525939,0.7164705882352941,0.9038655727538004,0.5864147870443533,0.09799524014396942,Electronic Components,Technology,DAIO
2012Q1,2012,Q1,2012-05-14,2012-03-31,-1677000.0,3679000.0,-1700000.0,-0.19,1942000.0,0.5278608317477576,23254000.0,19013000.0,19053000.0,4007000.0,4241000.0,4487000.0,286000.0,34358800.0,22308800.0,2.1691956645750143,4.7549288744696785,0.010062784897221984,0.012307368642507758,-0.08933762678726176,2.1691956645750143,-0.08820280860463893,9.339168252242457,-5.12206320810972,1.8071214432230578,0.0,0.3871183418765322,0.0,0.15820934032854564,3.5428000998253055,-0.07211662509675755,324.13962264150945,0.5278608317477576,-833.6750000000001,-1.069523328525076,-0.40876046788309817,0.45406492365251805,-0.37736453991663993,-839.5,-29.357142857142858,-2.6599946889076853,-0.14999067470009042,-0.0541006770440762,Electronic Components,Technology,DAIO
2011Q4,2011,Q4,2012-03-28,2011-12-31,2000.0,5723000.0,-56000.0,0.00022818026240730178,3119000.0,0.5449938843264023,31345000.0,26469000.0,26978000.0,4623000.0,4876000.0,3964000.0,1963000.0,32781100.000000004,14661100.000000004,3.0198516828294353,5.835604585766818,0.0,0.0,0.00021156824965053476,3.0198516828294353,7.556008916090521e-05,5.727957365018348,4097.6375,1.238471419396275,0.0,0.656912209889001,0.0,0.18258095390014356,4.8606965174129355,6.38060296698038e-05,-537.3950819672132,0.5449938843264023,-0.9771819737592697,-0.9978685603871283,-0.3384134800621369,0.9304043242418683,-0.20897793558204414,-0.9846153846153847,-1.1555555555555554,-0.9740342562932408,0.0388019534177296,0.28619018890566544,Electronic Components,Technology,DAIO
2011Q3,2011,Q3,2011-11-10,2011-09-30,130000.0,7051000.0,360000.0,0.01,3943000.0,0.5592114593674656,31612000.0,26552000.0,27409000.0,4755000.0,5060000.0,3798000.0,1961000.0,38470500.0,20090500.0,2.8642934196332255,5.764248159831756,0.0,0.0,0.00903886712865321,2.8642934196332255,0.004896053028020488,5.456034605020564,73.98173076923078,1.4488739078035553,0.0,0.8183254344391785,0.0,0.22304820954068075,4.869610935856993,0.0041123623940275845,26.403912148249827,0.5592114593674656,-0.75,1.5174091670683283,-0.061372120319367604,0.9991763386371214,-0.01621756487025948,-0.6733668341708543,-0.3036750483558994,-0.8972174367286188,-0.13882793205942323,0.2237765630383835,Electronic Components,Technology,DAIO
2011Q2,2011,Q2,2011-08-12,2011-06-30,398000.0,6849000.0,517000.0,0.04,4008000.0,0.5851949189662724,31113000.0,26438000.0,26727000.0,4395000.0,4675000.0,3926000.0,1830000.0,53037280.0,36350280.0,2.8812118570183087,6.081228668941979,0.009738694436409219,0.011460776155533701,0.015297765034637914,2.8812118570183087,0.015054088811559119,7.743799094758359,33.3148743718593,2.006100310159619,0.0,0.7236372898624555,0.0,0.22013306334972518,5.079863481228669,0.01279208048082795,-25.44975047984645,0.5851949189662724,-0.3333333333333333,1.9170662598081951,-0.12313460652989958,1.037428384605804,-0.037463976945244955,-0.2518796992481203,-0.1921875,-0.6825007374038023,-0.18075150876713317,0.3069567615980644,Electronic Components,Technology,DAIO
2011Q1,2011,Q1,2011-05-13,2011-03-31,532000.0,7043000.0,640000.0,0.06,4164000.0,0.5912253301150078,29777000.0,24795000.0,28492000.0,4765000.0,4982000.0,3541000.0,1432000.0,54547240.0,35580240.0,2.74554312922157,5.979433368310598,0.001914229102998959,0.0022988505747126436,0.022168779628475008,2.74554312922157,0.021455938697318006,7.744887121965072,25.6331015037594,2.199929017947167,0.0,0.8130471618186953,0.0,0.2365248346038889,5.152360965372508,0.01786613829465695,2727.362,0.5912253301150078,-0.11315875613747964,1.9648519682205734,0.0198010722565652,0.9014059527336763,0.0630584631095226,-0.12929623567921442,-0.03903903903903904,-0.8043676792972578,0.10578112150799678,0.33548039781517114,Electronic Components,Technology,DAIO
2010Q4,2010,Q4,2011-03-31,2010-12-31,611000.0,6948000.0,666000.0,0.06765585206510907,3917000.0,0.5637593552101324,29424000.0,23965000.0,28015000.0,5412000.0,5459000.0,3570000.0,900000.0,51837940.0,32987940.0,2.6536374709334516,5.176459719142646,0.003126699293094073,0.003838931775505946,0.026471168533418576,2.6536374709334516,0.02549551429167536,7.460843408175014,21.21028641571195,2.1630686417692466,0.0,0.8490196078431372,0.0,0.2361337683523654,4.419253510716925,0.020765361609570418,38.829917602996254,0.5637593552101324,-0.24826831038767694,0.5629806485344482,-0.22779542318529017,0.8117238322272999,0.02432008368200837,-0.2665066026410564,-0.30984455958549223,-0.45540142567039726,-0.1191077847146848,0.5433524572431463,Electronic Components,Technology,DAIO
2010Q3,2010,Q3,2010-11-15,2010-09-30,833000.0,6605000.0,965000.0,0.09,3824000.0,0.5789553368660106,28684000.0,23190000.0,27199000.0,5465000.0,5494000.0,3927000.0,289000.0,45992701.800000004,28568701.800000004,2.571523619427811,4.976944190301921,0.004392692790405801,0.0054333764553686935,0.03703126834069218,2.571523619427811,0.03592065545493747,6.963315942467828,13.803331872749101,1.9832989133247092,0.0,0.7081741787624141,0.0,0.2302677450843676,4.219213174748399,0.029040580114349464,82.42419677419356,0.5789553368660106,0.0,4.996102283621732,-0.08333022735461217,0.7997827250668879,-0.006753246753246753,-0.030267753201396973,-0.048323471400394474,-0.5046140595521287,-0.13382283901235018,0.613971648628706,Electronic Components,Technology,DAIO
2010Q2,2010,Q2,2010-08-13,2010-06-30,859000.0,6592000.0,1014000.0,0.09,3850000.0,0.5840412621359223,26751000.0,21963000.0,25094000.0,4755000.0,4788000.0,3419000.0,-545000.0,45667468.8,28989468.799999997,2.4446794300979517,5.27739221871714,0.005943703039138724,0.007239448162819287,0.04355502831042337,2.4446794300979517,0.0391112325274325,6.92771067961165,13.290881490104772,2.079291025816145,0.0,0.8019888856390758,0.0,0.24642069455347462,4.50136698212408,0.03211094912339726,36.157932541567696,0.5840412621359223,0.13777148491820676,13.796783380097112,-0.09391623450220846,0.746473363440763,0.025845989874766852,0.21156558533145275,0.16820276497695852,1.7587124303777202,0.08728936824575174,0.7593801193997363,Electronic Components,Technology,DAIO
2010Q1,2010,Q1,2010-05-14,2010-03-31,709000.0,6252000.0,868000.0,0.079102,3753000.0,0.6002879078694817,26336000.0,21199000.0,24497000.0,5041000.0,5137000.0,3745000.0,-1403000.0,41319918.660000004,25865918.660000004,2.3651399414444056,4.8595516762547115,0.00873329283110571,0.010849568375866786,0.03541140850014894,2.3651399414444056,0.03344497381951979,6.60907208253359,14.569787961918195,1.9491447077692345,0.0,0.6672897196261682,0.0,0.2373936816524909,4.048998214639952,0.026921324422843257,397.3069101923077,0.6002879078694817,140.7999221624,15.538411847582575,-0.15576258261538983,0.6752389752030649,0.41836734693877553,140.8,10.136842105263158,1.8556120390938011,-0.017469515157441065,0.5854111662433448,Electronic Components,Technology,DAIO
2009Q4,2009,Q4,2010-03-31,2009-12-31,5000.0,4956000.0,-95000.0,0.0005578423372433618,2646000.0,0.5338983050847458,25136000.0,20498000.0,23215000.0,4479000.0,4638000.0,3947000.0,-2112000.0,39975452.76,24624452.759999998,2.286930445762886,5.183076579593659,0.011577021005728836,0.014196506976290369,0.0007140194333541777,2.286930445762886,0.0002439262367060201,8.066071985472155,1998.772638,1.950212350473217,0.0,0.5852546237648847,0.0,0.19716740929344367,4.204956463496316,0.00019891788669637174,123.38102703703703,0.5338983050847458,-0.986053941568916,1.0077887781128123,-0.22465720904471065,0.6257742680689251,-0.11505016722408026,-0.9848942598187311,-1.2729885057471264,-0.9947891757034837,-0.439742618159822,0.46189312767994173,Electronic Components,Technology,DAIO
2009Q3,2009,Q3,2009-11-13,2009-09-30,331000.0,5317000.0,348000.0,0.04,2990000.0,0.5623471882640587,25194000.0,20416000.0,23364000.0,4553000.0,4778000.0,4272000.0,-2117000.0,34213390.0,19135390.0,2.285458412627337,5.131561607731166,0.01004207350956577,0.012392241379310345,0.013051484064143398,2.285458412627337,0.016212774294670846,6.434716945646041,25.84092900302115,1.6758125979623824,0.0,0.5447097378277154,0.0,0.21104231166150672,4.134856138809576,0.013138048741763912,62.54733089579525,0.5623471882640587,1.5,2.2057358904821918,-0.38325179455355896,0.5635403781990947,0.5887353878852285,1.4846266471449487,1.440506329113924,5.651519229440921,-0.2655000077691464,0.5951698070265422,Electronic Components,Technology,DAIO
2009Q2,2009,Q2,2009-08-14,2009-06-30,-683000.0,3892000.0,-790000.0,-0.08,1882000.0,0.4835560123329907,24201000.0,19864000.0,22190000.0,4143000.0,4337000.0,4612000.0,-2448000.0,25390650.0,10952650.0,2.2296554046469863,5.356022206130823,0.01330523532085451,0.0162102295610149,-0.03959986936307158,2.2296554046469863,-0.03438380990737012,6.523805241521069,-9.293795754026355,1.2782244260974627,0.0,0.4358196010407632,0.0,0.16081980083467626,4.165097755249819,-0.028221974298582704,65.2715938303342,0.4835560123329907,-0.6,-6.906817436127684,-0.4923764492696064,0.5557496305674244,-0.22963569381907492,-0.47198275862068967,-1.7526132404181185,-0.6209245238426953,-0.48678062693152563,0.5766848932860832,Electronic Components,Technology,DAIO
2009Q1,2009,Q1,2009-05-15,2009-03-31,-464000.0,4383000.0,-287000.0,-0.05,2443000.0,0.5573807894136437,24984000.0,20355000.0,22810000.0,4402000.0,4629000.0,4879000.0,-1765000.0,24585632.4,10499632.399999999,2.2932627309598916,5.181735574738755,0.014169068203650336,0.017391304347826087,-0.01913821687832987,2.2932627309598916,-0.022795381970031933,5.609316084873374,-13.246569181034483,1.2078424170965365,0.0,0.3976224636195942,0.0,0.17543227665706052,4.005224897773739,-0.01857188600704451,25.50376804979253,0.5573807894136437,-6.68974358974359,-2.412506242159239,-0.4220894770639552,0.6065091812400117,-0.2483076923076923,-6.948717948717949,-6.857142857142857,0.14377957413249212,-0.35427471111764797,0.5881824479172229,Electronic Components,Technology,DAIO
2008Q4,2008,Q4,2009-03-31,2008-12-31,78000.0,5579000.0,49000.0,0.00878774222622803,3250000.0,0.5825416741351497,26811000.0,20840000.0,24410000.0,5695000.0,5971000.0,5039000.0,-1301000.0,21266896.0,8363896.0,2.3479044614691302,4.286215978928885,0.014956547685651411,0.019241842610364684,0.01199566875382515,2.3479044614691302,0.003742802303262956,3.8119548306148054,68.1631282051282,1.0204844529750479,0.0,0.46219487993649533,0.0,0.2080862332624669,3.329762949956102,0.0029092536645406735,13.676460450160771,0.5825416741351497,-0.9324019828751691,-0.7406481095004731,-0.23773554671711433,0.6935912592739991,-0.3031732418524871,-0.9353233830845771,-0.9634328358208956,-0.7969862085147431,-0.36911896576786796,0.6029900524204287,Electronic Components,Technology,DAIO
2008Q3,2008,Q3,2008-11-14,2008-09-30,1206000.0,7807000.0,1340000.0,0.13,4664000.0,0.5974125784552324,27115000.0,20688000.0,24875000.0,6101000.0,6427000.0,5301000.0,-1379000.0,38184480.0,27077480.0,2.3405362597578914,4.0772004589411575,0.016559100129079844,0.02170340293890178,0.0589934448807515,2.3405362597578914,0.058294663573085846,4.891056743947739,7.915522388059703,1.8457308584686773,0.0,0.5929069986794945,0.0,0.2879218144938226,3.179314866415342,0.044477226627328045,1060.68,0.5974125784552324,0.0,2.394766213145574,0.10225051426603508,0.7628426925126573,0.023255813953488372,0.0024937655860349127,0.2104787714543812,7.856832594986606,0.105430301653349,0.6381170664270359,Electronic Components,Technology,DAIO
2008Q2,2008,Q2,2008-08-14,2008-06-30,1203000.0,8023000.0,1107000.0,0.13,4558000.0,0.5681166645893058,25380000.0,19413000.0,23018000.0,5665000.0,5967000.0,5061000.0,-2585000.0,51074800.0,40710800.0,2.2045196456961165,4.063195057369815,0.015760441292356184,0.020604749394735486,0.055003687092977274,2.2045196456961165,0.06196878380466698,6.366047613112302,10.61404821280133,2.6309586359655897,0.0,0.6846473029045643,0.0,0.3161150512214342,3.124801412180053,0.04739952718676123,57.907936507936505,0.5681166645893058,-0.5517241379310345,2.243697821036588,0.28757082571964565,0.7133223274201406,0.21191172560489233,-0.5446631339894019,0.768370607028754,20.14125874725209,0.12506860211307844,0.5749037656998125,Electronic Components,Technology,DAIO
2008Q1,2008,Q1,2008-05-15,2008-03-31,2642000.0,6188000.0,626000.0,0.29,3761000.0,0.6077892695539754,23818000.0,18038000.0,21451000.0,5457000.0,5780000.0,5249000.0,-3787000.0,39395260.0,29876260.0,2.0558468201504443,3.9309144218435037,0.01859937862121085,0.02455926377647189,0.03346726916001827,2.0558468201504443,0.14646856635990688,6.366396250808015,3.7277876608629827,2.184014857523007,0.0,0.4623737854829491,0.0,0.25980350995045765,2.9149715961150817,0.11092451087412881,80.56290388548057,0.6077892695539754,1.3343669724770642,6.451931754200646,-0.1010871978486026,0.6594421549624688,-0.13281069863961265,1.4238532110091744,-0.40210124164278893,61.956602549490626,-0.1463952271847486,0.45616530329280075,Electronic Components,Technology,DAIO
2007Q4,2007,Q4,2008-03-31,2007-12-31,1090000.0,7663000.0,1047000.0,0.12423068155915204,4337000.0,0.5659663317238679,20620000.0,15086000.0,18239000.0,5177000.0,5534000.0,4980000.0,-6429000.0,57469700.0,50307700.0,1.7193982220196034,3.5230828665250145,0.02303588748787585,0.031486146095717885,0.06728359359938307,1.7193982220196034,0.07225241946175262,7.499634607855931,13.181123853211009,3.809472358478059,0.0,0.6678714859437751,0.0,0.3716294859359845,2.4987444465906896,0.05286129970902037,16.15678942929435,0.5659663317238679,-0.30982954689359976,2.8828274774165243,0.10350037114223799,0.45273872393578773,-0.0387854609929078,-0.32129514321295144,-0.3513011152416357,2.734549618892681,0.22467875363013626,0.22231674824305533,Electronic Components,Technology,DAIO
2007Q3,2007,Q3,2007-11-14,2007-09-30,1606000.0,7283000.0,1614000.0,0.18,4512000.0,0.6195249210490182,19615000.0,13723000.0,17298000.0,5508000.0,5892000.0,5906000.0,-7519000.0,33590700.0,29985700.0,1.5932892139788692,3.1405228758169934,0.025541677287789957,0.036508052175180356,0.11354088916455536,1.5932892139788692,0.11702980397872186,4.6122065083070165,5.228938356164383,2.4477665233549515,0.0,0.46918388079918727,0.0,0.3712974764211063,2.036310820624546,0.08187611521794545,21.926044386422976,0.6195249210490182,2.3846153846153846,2.730988180712898,0.014882447889132495,0.3700550974867782,0.5898520084566596,2.4884151992585726,2.4579945799457996,15.131998516870599,-0.12381779022096989,0.09000977941280351,Electronic Components,Technology,DAIO
2007Q2,2007,Q2,2007-08-10,2007-06-30,-1079000.0,5778000.0,-1107000.0,-0.13,2838000.0,0.49117341640706125,17763000.0,11897000.0,15107000.0,5473000.0,5866000.0,5601000.0,-9125000.0,28511460.0,26115460.0,1.3895117963092736,2.76027772702357,0.028598772729831672,0.04269984029587291,-0.0894870158183608,1.3895117963092736,-0.09069513322686391,4.934485981308411,-6.605991658943466,2.3965251744137177,0.0,0.5249062667380825,0.0,0.32528289140347916,1.678786771423351,-0.06074424365253617,-54.307542857142856,0.49117341640706125,-0.4061502850158462,0.2944979677304153,0.07817210563890445,0.08809833523186596,-0.14518072289156628,-0.37452229299363055,-0.40304182509505704,-10.709749474421864,-0.2158480912530465,-0.030463425302489563,Electronic Components,Technology,DAIO
2007Q1,2007,Q1,2007-05-14,2007-03-31,-785000.0,6028000.0,-789000.0,-0.092451,3320000.0,0.5507631055076311,19039000.0,12667000.0,16029000.0,5952000.0,6372000.0,5270000.0,-8046000.0,30227960.0,27369960.0,1.4918148627959016,2.6930443548387095,0.02799516781343558,0.04207784005684061,-0.06023310771385226,1.4918148627959016,-0.06197205336701666,5.014591904445919,-9.626738853503184,2.3863550959185282,0.0,0.5138519924098671,0.0,0.31661326750354535,1.737399193548387,-0.04123115709858711,31.953446088794927,0.5507631055076311,-1.8635879438943896,0.38366113139402497,0.01437127965320336,0.038699199161627784,-0.27526740886269374,-1.8635863586358636,-1.9692874692874693,-3.4980464211709057,-0.1691534361280534,0.04506746716664808,Electronic Components,Technology,DAIO
