Year,Date,FillingDate,NetIncome,Revenue,OperatingIncome,EPSDiluted,GrossProfit,GrossProfitRatio,TotalAssets,CommonStockEquity,CurrentAssets,CurrentLiability,TotalLiability,Inventory,RetainedEarnings,EnterpriseValue,bookValuePerShare,currentRatio,debtToAssets,debtToEquity,roic,shareholdersEquityPerShare,roe,priceToSalesRatio,peRatio,pbRatio,payoutRatio,inventoryTurnover,dividendYield,assetTurnover,quickRatio,returnOnAssets,priceToFreeCashFlowsRatio,grossProfitMargin,epsdilutedGrowth,fiveYNetIncomeGrowthPerShare,fiveYRevenueGrowthPerShare,fiveYShareholdersEquityGrowthPerShare,grossProfitGrowth,netIncomeGrowth,operatingIncomeGrowth,threeYNetIncomeGrowthPerShare,threeYRevenueGrowthPerShare,threeYShareholdersEquityGrowthPerShare,Industry,Sector,Price,MarketCap,AvgVolume,Symbol
2022,2022-12-31,2023-03-07,-952000.0,155632000.0,697000.0,-0.39,56085000.0,0.3603693328,138599000.0,91029000.0,87663000.0,17693000.0,29337000.0,37042000.0,-262464000.0,57446000.0,37.4296875,4.954671338947606,0.09292996341964949,0.1414933702446473,0.01014179800061024,37.4296875,-0.01045820562677828,0.39066515883622904,-63.86554621848739,0.6679190148194531,0.0,2.687408887209114,0.0,1.122894104575069,2.701972531509637,-0.006868736426669745,-23.80579483163665,0.36036933278503136,0.7531645569620252,-1.3769589739095598,-0.35757122858874574,-0.7876816298371572,0.27541274389411924,0.7480815030431331,1.2273320287018916,0.9599914988051906,-0.2737072929513359,-0.39636508053990044,Oil & Gas Equipment & Services,Energy,18.06,44046173,2926,NCSM
2021,2021-12-31,2022-03-08,-3779000.0,118502000.0,-3066000.0,-1.58,43974000.0,0.3710823446,142325000.0,92584000.0,88493000.0,19818000.0,31658000.0,33917000.0,-261362000.0,60445040.0,38.64106844741235,4.465284085175093,0.0924152467943088,0.14206558368616606,-0.029668499625861475,38.64106844741235,-0.04081698781646937,0.5861507822652782,-18.380534532945223,0.7502380540914197,0.0,2.1973641536692514,0.0,0.8326154927103461,2.587849429811283,-0.0265519058492886,6.461399069767442,0.37108234460177886,0.9044740024183797,0.8006150449192343,0.1381648302314259,-0.5065825261683073,0.15178501270331857,0.9033652124993607,0.855690482914431,0.9814414445495527,-0.5120048823237476,-0.46353210035191833,Oil & Gas Equipment & Services,Energy,18.06,44046173,2926,NCSM
2020,2020-12-31,2021-03-08,-39106000.0,106977000.0,-21246000.0,-16.54,38179000.0,0.3568897987,138678000.0,93608000.0,83674000.0,14884000.0,25192000.0,34871000.0,-256628000.0,49272640.0,39.59729272419628,5.621741467347487,0.08367585341582659,0.12396376378087343,-0.15959563067247412,39.59729272419628,-0.4177634390223058,0.49743066266580666,-1.3607538485142945,0.5684732074181694,0.0,1.9729287947004674,0.0,0.7714057024185523,3.0790110185434023,-0.28199137570487026,1.614295595194758,0.3568897987417856,-0.6912065439672802,-2.3377046217496766,-0.10044241760035007,-0.5213192570162012,-0.5612567370344408,-0.7138224208957841,-16.315403422982886,-16.930031426036923,-0.5457106065274121,-0.7753859779336295,Oil & Gas Equipment & Services,Energy,18.06,44046173,2926,NCSM
2019,2019-12-31,2020-03-03,-22818000.0,205485000.0,-1227000.0,-9.78,87019000.0,0.4234810327,202577000.0,144610000.0,100596000.0,19780000.0,39032000.0,39921000.0,-199029000.0,99624300.0,62.00716077439273,5.085743174924166,0.06376340848171312,0.08932300670769656,-0.014730036239483808,62.00716077439273,-0.15778991770970197,0.4766785896780787,-4.292676834078359,0.6773411244035682,0.0,2.9675108338969465,0.0,1.014355035369267,2.943933265925177,-0.1126386509820957,8.462228941684666,0.42348103267878434,0.8849411764705882,-1.79119839854045,0.751498101117888,-0.2504125472278828,-0.1368875223170006,0.8801052980028058,0.9940628266171176,-0.23686813851152513,1.0276357499359743,-0.20821504533668378,Oil & Gas Equipment & Services,Energy,18.06,44046173,2926,NCSM
2018,2018-12-31,2019-03-08,-190317000.0,226963000.0,-206664000.0,-85.0,100820000.0,0.4442133739860682,229701000.0,161301000.0,114590000.0,25625000.0,53470000.0,32753000.0,-166206000.0,228530920.0,72.02866839331963,4.471804878048781,0.11184539901872434,0.15927365608396724,-0.9828826099164372,72.02866839331963,-1.1798872914613052,1.0044409000585999,-1.1978484318268994,1.4133261418094123,0.0,3.851341861814185,0.0,0.9880801563772034,3.1141463414634147,-0.8285423224104379,-127.85805945036455,0.4442133739860682,-86.0,-7.872428230815936,1.014695496434377,-0.12926530753504345,0.3408519636658643,-91.54091341579448,-42.674531155474895,-7.872428230815936,1.014695496434377,-0.12926530753504345,Oil & Gas Equipment & Services,Energy,18.06,44046173,2926,NCSM
2017,2017-12-31,2018-03-09,2102000.0,201634000.0,4959000.0,1.0,75191000.0,0.3729083388714205,463913000.0,356847000.0,117809000.0,31689000.0,94922000.0,33135000.0,23864000.0,589961160.0,176.29038632546192,3.7176622802865347,0.05827816853591083,0.07576356253520417,0.008506653415304983,176.29038632546192,0.005890479673361412,2.959491752383031,283.88875356803044,1.6722409323883904,0.0,3.815995171269051,0.0,0.43463752901944974,2.6210356906181955,0.004531021980414431,55.80083785300168,0.3729083388714205,1.1262626262626263,-0.9160262408796471,0.9801421633981642,1.1311258245594078,2.941034645421668,1.117253305070564,1.2757757757757757,-0.9160262408796471,0.9801421633981642,1.1311258245594078,Oil & Gas Equipment & Services,Energy,18.06,44046173,2926,NCSM
2016,2016-12-31,2016-12-31,-17927000.0,98479000.0,-17982000.0,-7.92,19079000.0,0.1937367357507692,326827000.0,177478000.0,75022000.0,17543000.0,149349000.0,17017000.0,21762000.0,977848652.1999999,78.31313339460901,4.276463546713789,0.27282323675828496,0.5024059320028398,-0.04520340959211483,78.31313339460901,-0.10100970261102785,9.209655380334892,-50.59171373905282,5.110253959363977,0.0,4.665922312981136,0.0,0.30131843452346346,3.046457276406544,-0.054851649343536486,95.19866192925369,0.1937367357507692,-1.6793379200079597,-1.6396788581623551,-0.13618700934169548,-0.053294144631912475,-0.4041722619530933,-1.6396788581623551,-2.1094587584298807,-1.6396788581623551,-0.13618700934169548,-0.053294144631912475,Oil & Gas Equipment & Services,Energy,18.06,44046173,2926,NCSM
2015,2015-12-31,2015-12-31,28025000.0,114005000.0,-5783000.0,11.65841,32021000.0,0.280873645892724,332537000.0,187469000.0,62745000.0,8087000.0,145068000.0,22424000.0,39689000.0,983268652.1999999,82.72171651897112,7.758748608878447,0.2581848034955509,0.45797438509833627,-0.050245901938572736,82.72171651897112,0.14949138257525244,7.955419957019428,32.36244967707404,4.83790734574783,0.0,3.656082768462362,0.0,0.3428340304988618,4.714232719178929,0.08427633616710321,260.6949273354412,0.280873645892724,0.0,0.0,0.0,0.0,0.0,0.0,0.0,0.0,0.0,0.0,Oil & Gas Equipment & Services,Energy,18.06,44046173,2926,NCSM
TTM,,,,,,,,,,,,,,,,43470173.0,31.24388254486134,5.154698631686079,0.09228474902110456,0.17043466910325022,0.026463876954382,31.24388254486134,-0.1706831722921191,0.27516131913989783,-3.041423076923077,0.5780331549406083,0.0,2.4740954352755593,0.0,1.1313769560239175,2.7422254890874136,-0.1029077081831418,26.597930555555557,0.37292127391081625,,,,,,,,,,,Oil & Gas Equipment & Services,Energy,18.06,44046173,2926,NCSM
