Quarters,Year,Quarter,FillingDate,Date,NetIncome,Revenue,OperatingIncome,EPSDiluted,GrossProfit,GrossProfitRatio,TotalAssets,CommonStockEquity,CurrentAssets,CurrentLiability,TotalLiability,Inventory,RetainedEarnings,MarketCap,EnterpriseValue,bookValuePerShare,currentRatio,debtToAssets,debtToEquity,roic,shareholdersEquityPerShare,roe,priceToSalesRatio,peRatio,pbRatio,payoutRatio,inventoryTurnover,dividendYield,assetTurnover,quickRatio,returnOnAssets,priceToFreeCashFlowsRatio,grossProfitMargin,epsdilutedGrowth,fiveYNetIncomeGrowthPerShare,fiveYRevenueGrowthPerShare,fiveYShareholdersEquityGrowthPerShare,grossProfitGrowth,netIncomeGrowth,operatingIncomeGrowth,threeYNetIncomeGrowthPerShare,threeYRevenueGrowthPerShare,threeYShareholdersEquityGrowthPerShare,Industry,Sector,Symbol
2023Q1,2023,Q1,2023-06-02,2023-04-29,201495000.0,1583948000.0,263238000.0,7.94,1583948000.0,1.0,3749000000.0,2213100000.0,2503200000.0,1190800000.0,1535900000.0,1410000000.0,5846802000.0,651854800.0,157754800.0,87.25358776218262,2.102116224386967,0.09447852760736196,0.16004699290587862,0.07753132345549825,87.25358776218262,0.09104649586552799,0.41153800503551885,0.8087729224050225,0.29454376214359945,0.016997940395543313,0.0,0.0052542376001526725,0.42249879967991466,0.8446422573060127,0.053746332355294746,2.6221029766693484,1.0,-0.7138738738738738,1.7466376761973417,0.1666356561374536,0.44459032747970306,-0.2797234119858141,-0.713678547525567,-0.7195317111423171,-0.19752840580979958,-0.017199572120312565,0.4633681867683903,Retail Apparel & Specialty,Consumer Cyclical,DDT
2022Q4,2022,Q4,2023-03-27,2023-01-28,703737000.0,5326981000.0,938566000.0,27.75,2199083000.0,0.4128197566,3329150000.0,1598638000.0,2071846000.0,858961000.0,1730512000.0,1120208000.0,5648700000.0,650079320.0,354963320.0,63.02783472638385,2.4120373334761416,0.1066999083850232,0.22220164915384222,0.3833687891647654,63.02783472638385,0.4402103540638969,0.12203522407907968,0.23093830507703872,0.40664573217951777,0.38057399284107557,2.792247511176496,0.41198664802935125,1.6001024285478276,0.9967740095301184,0.21138638991934877,0.962743870291276,0.41281975663138276,1.525022747952684,4.218941573419229,1.9361740081514165,0.08801704914184048,2.1944843114468333,2.7452740819584887,2.7587745294353225,9.396776385770002,1.714009064730901,-0.015167634986160508,Retail Apparel & Specialty,Consumer Cyclical,DDT
2022Q3,2022,Q3,2022-12-02,2022-10-29,187900000.0,1544100000.0,249700000.0,10.99,688400000.0,0.4458260475,3792600000.0,1609400000.0,2515400000.0,1356200000.0,2183200000.0,1644700000.0,5626671000.0,438871500.0,308771500.0,94.11695906432749,1.8547411886152485,0.10615408954279386,0.2501553373928172,0.09437122181012386,94.11695906432749,0.11675158444140674,0.28422479114047017,0.5839163118680148,0.2726926183670933,0.018568387440127728,0.5202772542104943,0.007949935231611076,0.40713494700205666,0.568647692080814,0.0495438485471708,1.5769160288886495,0.44582604753578137,0.18426724137931044,21.579463447172575,0.9297367302596551,0.7662531944732175,0.06333024405313561,0.1499388004895961,0.13396911898274297,50.50943573996629,0.6239817826472168,0.49453983320528744,Retail Apparel & Specialty,Consumer Cyclical,DDT
2022Q2,2022,Q2,2022-09-01,2022-07-30,163400000.0,1588600000.0,220200000.0,9.28,647400000.0,0.4075286416,3221600000.0,1449000000.0,1930200000.0,946000000.0,1772600000.0,1193400000.0,5438771000.0,475200000.0,385300000.0,82.32954545454545,2.040380549682875,0.12509312143034518,0.2781228433402346,0.09049160686088462,82.32954545454545,0.11276742581090407,0.29913131058793907,0.7270501835985312,0.3279503105590062,0.02230722154222766,0.7886710239651417,0.007670454545454545,0.4931090141544574,0.6377378435517971,0.05072013906133598,-5.72661211602656,0.4075286415711948,-0.06262626262626272,17.464852580571378,0.8689733857660366,0.5569824833687665,-0.1370657837386085,-0.3492451004209596,-0.3698813591332864,6.923455902239924,0.6055112948942485,0.2980388025839629,Retail Apparel & Specialty,Consumer Cyclical,DDT
2022Q1,2022,Q1,2022-06-03,2022-04-30,251093000.0,1611668000.0,349458000.0,9.9,750231000.0,0.4654997183,3658808000.0,1512333000.0,2354261000.0,1318725000.0,2146475000.0,1364975000.0,5275371000.0,691169000.0,234926000.0,59.625177416811226,1.785255455079717,0.1109459692883584,0.26841310743070473,0.13829760923580914,59.625177416811226,0.16603023275958403,0.4288532129446015,0.68816036289343,0.45702170090846395,0.015448459335783952,0.6311009359145772,0.0056122308726230495,0.44048990818867784,0.6772397580996796,0.06862699545863024,1.8587356695863106,0.4654997183042661,-0.4761904761904761,3.6677714505134875,0.3670272737883782,0.10251475410566686,-0.47071298406913326,-0.4763299109256351,1.0597052716608826,2.3142604839913394,0.11626740730856544,-0.09664959587762423,Retail Apparel & Specialty,Consumer Cyclical,DDT
2021Q4,2021,Q4,2022-03-29,2022-01-29,479487000.0,3441616000.0,-5853051000.0,18.9,1417437000.0,0.4118521648,3245557000.0,1451218000.0,1914651000.0,966186000.0,1794339000.0,1080178000.0,5027922000.0,663775880.0,400544880.0,57.21565999053777,1.9816588110363842,0.13973810966807854,0.3125154180832928,-2.48291636735947,57.21565999053777,0.3304031510083254,0.19286750177823442,0.34608648409654486,0.4573922594675645,0.6568978929564305,1.8739309632301342,0.474518598054512,1.0604084291232598,0.7830127946378854,0.14773642860069935,1.2053968438447709,0.4118521647970023,1.4293059125964007,10.39895727380301,1.34641931440173,0.14296927476283855,1.070088196248702,1.4298738154360715,-23.071992608794027,5.065201974810563,0.8022738342860644,-0.06893958781613493,Retail Apparel & Specialty,Consumer Cyclical,DDT
2021Q3,2021,Q3,2021-12-03,2021-10-30,197330000.0,1480999000.0,265180000.0,7.78,684723000.0,0.4623385971,3740196000.0,1564200000.0,2376798000.0,1297398000.0,2175996000.0,1525860000.0,5002074000.0,687364400.0,486142400.0,61.670083583031065,1.8319729181022324,0.11189226446956256,0.26754826748497634,0.10364957473650674,61.670083583031065,0.1261539445083749,0.464122122972399,0.8708310951198501,0.4394351105996676,0.01601885166979172,0.5218539053386287,0.004598725217657475,0.39596828615398766,0.4996099886079676,0.0527592671614001,3.0087650030203017,0.46233859712261793,0.0628415300546448,10.853578161946261,0.44125563261519685,0.23314947932536165,0.0646098686501816,0.06287973456284741,0.1552418915681021,27.906740962694283,0.10714548122510148,0.046809443988996995,Retail Apparel & Specialty,Consumer Cyclical,DDT
2021Q2,2021,Q2,2021-09-03,2021-07-31,185656000.0,1570378000.0,229545000.0,7.32,643168000.0,0.4095625384,3383509000.0,1609579000.0,1816734000.0,894012000.0,1773930000.0,1112815000.0,4808737000.0,671638720.0,412018720.0,63.45919413341744,2.0321136629038534,0.12113282394106237,0.25463428635686725,0.08781418823420996,63.45919413341744,0.1153444472125941,0.4276923899850864,0.9044128926616969,0.4172760206240265,0.03540418839143362,0.8332112705166627,0.009786511414946417,0.4641270349805483,0.7873708630309213,0.054870845622104154,1.3252618306738202,0.40956253844615753,0.0,20.05010213648457,0.44379945279021255,0.24561419414633906,0.0,0.0,0.0,71.76697686152657,0.14342586829311396,0.050835387668843386,Retail Apparel & Specialty,Consumer Cyclical,DDT
2020Q4,2020,Q4,2021-03-29,2021-01-30,-71654000.0,4300895000.0,-202512000.0,-2.83,1231832000.0,0.2864129443,3092515000.0,1441008000.0,1661940000.0,772877000.0,1651507000.0,1087763000.0,4471269000.0,643991960.0,697407960.0,56.8131209588393,2.1503292244432166,0.13379239874341758,0.2871288709014801,-0.050999520687518694,56.8131209588393,-0.04972491478187491,0.14973440644331004,-2.2468807044966086,0.44690380622453174,-0.19504842716387083,2.821444560993525,0.021702134293726277,1.3907434563777379,0.5137065794427833,-0.023170138220833206,2.4799730434347285,0.2864129442825272,0.0,-2.3167573039523637,2.1235791909485173,0.23432830800311197,0.0,0.0,0.0,-1.531388913048172,1.3706065613503007,-0.019264353812567168,Retail Apparel & Specialty,Consumer Cyclical,DDT
2019Q4,2019,Q4,2020-03-31,2020-02-01,67688000.0,1962772000.0,93574000.0,2.67,613357000.0,0.3124952873,3430257000.0,1623259000.0,1848082000.0,930820000.0,1806998000.0,1465007000.0,4556494000.0,669609600.0,759460600.0,63.99854123955212,1.985434348209106,0.10696807848508144,0.22604402624596567,0.0386379851021867,63.99854123955212,0.04169882933037796,0.3411550602922805,2.473147382106134,0.41250940238125894,0.05481030611038884,0.9210979879277027,0.005540541832136219,0.5721938618593301,0.34726048000687565,0.019732632277989666,2.1626680274657484,0.3124952872773812,11.714285714285715,-0.12842783235513208,0.5126005695201773,0.3502552171966299,0.23442421363838536,11.392530208714756,5.481091563928522,0.6091627509174975,0.33817547645260604,0.27846757825650614,Retail Apparel & Specialty,Consumer Cyclical,DDT
2019Q3,2019,Q3,2019-12-11,2019-11-02,5462000.0,1423659000.0,14438000.0,0.21,496877000.0,0.3490140546,3800063000.0,1612383000.0,2179984000.0,1330949000.0,2187680000.0,1969980000.0,4492511000.0,668008360.0,955765360.0,62.973871270114046,1.6379170050843421,0.09653050488899789,0.2275030188236914,0.01373000026911445,62.973871270114046,0.0033875326147695677,0.46921935660154573,30.57526363969242,0.4142988111385446,0.46558037348956427,0.4704524919034711,0.003806838585073995,0.3746408941114924,0.09565054709083519,0.0014373445913923007,76.80022533915843,0.349014054629655,1.1337579617834395,-0.8491600837583039,0.4466887050478849,0.29445645642581136,0.16410710562260006,1.1342971650561826,1.4942320199911,-0.6749740968976845,0.37246777524609676,0.25921990138523354,Retail Apparel & Specialty,Consumer Cyclical,DDT
2019Q2,2019,Q2,2019-09-11,2019-08-03,-40671000.0,1458845000.0,-29213000.0,-1.57,426831000.0,0.29258146,3512079000.0,1645844000.0,1867881000.0,1006232000.0,1866235000.0,1603031000.0,4490759000.0,679344820.0,927957820.0,63.426105052217814,1.8563124607446395,0.10441707034494384,0.22281637870903925,-0.011320052819531355,63.426105052217814,-0.024711333516420755,0.4656730632795122,-4.175855154778589,0.4127637977839941,-0.06478817830886872,0.6437891718875056,0.003878737163256798,0.41537932375666947,0.16900078709482505,-0.011580320374342376,-7.876735654573492,0.292581459990609,-1.5250836120401339,-2.7876031026141352,0.4494459639872627,0.19575935489257018,-0.2513943258828977,-1.5174295819444799,-1.2608093992447036,-5.507411282047589,0.31101886225900915,0.24496470229923392,Retail Apparel & Specialty,Consumer Cyclical,DDT
2019Q1,2019,Q1,2019-06-07,2019-05-04,78602000.0,1497935000.0,112009000.0,2.99,570168000.0,0.3806360089,3778988000.0,1736908000.0,2094944000.0,1179346000.0,2042080000.0,1832581000.0,4533973000.0,704978850.0,931801850.0,66.00448413452403,1.776360796577086,0.0970167145278048,0.2110791129985008,0.04153338319795131,66.00448413452403,0.04525398006112011,0.4706338058727515,2.2422420867153505,0.4058815147376833,0.03348515304954072,0.5062624789845579,0.003733445336693434,0.39638522271041876,0.15912632933846385,0.020799748504096865,23.802378621108787,0.38063600890559335,-0.04166666666666663,0.045089644580259665,0.39769189865202803,0.2646412977504263,-0.1099358093763269,-0.0766501814935332,-0.033396905392694104,0.3394276032879282,0.2842525967566183,0.2646040289458739,Retail Apparel & Specialty,Consumer Cyclical,DDT
2018Q4,2018,Q4,2019-03-29,2019-02-02,85127000.0,2056257000.0,115879000.0,3.12,640592000.0,0.3115330428,3431369000.0,1678381000.0,1770532000.0,933535000.0,1752988000.0,1528417000.0,4458006000.0,734692800.0,977966800.0,61.452145577035736,1.8965887727830237,0.10689115627028163,0.2185338132402595,0.046477506027335545,61.452145577035736,0.05071971143619953,0.35729619400687757,2.1576374123368613,0.4377389877506954,0.032010995336379765,0.9262295564626669,0.003709033217693164,0.5992526597984653,0.18570487448247788,0.024808465659041625,2.67387568376115,0.31153304280544697,10.555555555555555,0.19325157213916078,0.6510825341139413,0.40616490652016396,0.281112257713568,10.464915824915824,5.865276378932402,0.45277000964060254,0.3868685998485842,0.33511628287799505,Retail Apparel & Specialty,Consumer Cyclical,DDT
2018Q3,2018,Q3,2018-12-06,2018-11-03,7425000.0,1454965000.0,16879000.0,0.27,500028000.0,0.3436701226,3986601000.0,1625276000.0,2287984000.0,1533054000.0,2361325000.0,2043669000.0,4375479000.0,713977440.0,1002542440.0,58.91242569233,1.4924353610505565,0.09198838810304819,0.22563613810823516,0.013175925034707008,58.91242569233,0.004568454834748067,0.4907179485417175,24.039644444444445,0.439296119551387,0.3718518518518519,0.4672659809391834,0.0038670689650922305,0.3649637874470006,0.09437893250987897,0.0018624888720993147,12.561400446876265,0.34367012264899843,3.6999999999999997,-0.7558772276288958,0.6147632935463286,0.45156678202599293,0.0341199098297934,3.5889121338912133,-0.47618160940942805,-0.7686342719892117,0.39666713096896655,0.26454769358108216,Retail Apparel & Specialty,Consumer Cyclical,DDT
2018Q2,2018,Q2,2018-09-07,2018-08-04,-2868000.0,1501402000.0,32223000.0,-0.1,483530000.0,0.3220523218,3582630000.0,1674474000.0,1854182000.0,1084183000.0,1908156000.0,1603283000.0,4370780000.0,764460960.0,1014571960.0,60.38928159261396,1.7102112835194796,0.10234325062872805,0.21896906132910993,0.011827748947742607,60.38928159261396,-0.0017127766689718682,0.5091647406890359,-66.6371129707113,0.4565379695355079,-0.9710599721059973,0.6348673315939856,0.003643089896964784,0.4190781632487865,0.15651693487169602,-0.0008005292201539092,-6.501513496963821,0.3220523217632586,-1.0346020761245676,-1.133672480030533,0.6646974423797838,0.40044746480162713,-0.17722089780305234,-1.035606098227144,-0.7252004093467508,-1.1360542918728997,0.3618541944283866,0.2091459016167439,Retail Apparel & Specialty,Consumer Cyclical,DDT
2018Q1,2018,Q1,2018-06-08,2018-05-05,80548000.0,1490725000.0,117260000.0,2.89,587679000.0,0.394223616,3781463000.0,1682086000.0,2045383000.0,1278289000.0,2099377000.0,1780783000.0,4376408000.0,711820440.0,1074144440.0,60.4002298107652,1.6000943448625466,0.1392067038603842,0.3129477327556379,0.0414256598653703,60.4002298107652,0.04788577991850595,0.47749949856613394,2.209305134826439,0.4231771978364959,0.03522123454337786,0.5071061437581109,0.003985555683115816,0.39421911572320023,0.16205255619034506,0.021300750529623057,43.93953333333334,0.3942236160257593,-0.4567669172932331,0.16226369018147146,0.5807601818386303,0.43511372870919535,-0.13151314525544208,-0.48617649685510517,-0.11753638676078809,0.08997868813887737,0.3666393163757848,0.16975800756346318,Retail Apparel & Specialty,Consumer Cyclical,DDT
2017Q4,2017,Q4,2018-03-30,2018-02-03,156762000.0,2109173000.0,132878000.0,5.32,676670000.0,0.3208224266,3673169000.0,1708155000.0,1729851000.0,1039701000.0,1965014000.0,1463561000.0,4365219000.0,749854410.0,1089182410.0,57.92908739444501,1.6637966107563618,0.14329751775646588,0.30814299639084275,0.08039229198172704,57.92908739444501,0.09177270212597803,0.3555205808153243,1.1958484996363914,0.4389849925797132,0.018505760324568455,0.9787791557714369,0.003868751001944497,0.5742107155973493,0.21802229679494392,0.042677589841360414,3.853489678351003,0.3208224266098608,9.857142857142858,0.5873984944251693,0.5980684086518071,0.41502015346741605,0.33533171647166315,9.791078681076616,2.660147642133098,0.7362794358948535,0.3981499889304862,0.22220055280647996,Retail Apparel & Specialty,Consumer Cyclical,DDT
2017Q3,2017,Q3,2017-11-30,2017-10-28,14527000.0,1396819000.0,36304000.0,0.49,506743000.0,0.3627835818,4135334000.0,1590647000.0,2170770000.0,1526837000.0,2544687000.0,1957258000.0,4210507000.0,760176610.6999999,1258809610.6999998,53.28622156711668,1.4217431199270125,0.14835343408779073,0.3856864533740044,0.011227095725548182,53.28622156711668,0.009132761700113224,0.5442198385760789,13.082133453225028,0.477904029429534,0.14022165622633717,0.45475660337063384,0.00267964045634639,0.3377765858815757,0.09811721879938723,0.0035128964190075094,-109.42516348063911,0.36278358183844867,1.875,-0.515637725177412,0.5194763098145899,0.24279602048545446,0.1094391754021841,1.8499795213855246,1.4257650674863023,-0.655896208922251,0.21746975394054693,0.09532242745929538,Retail Apparel & Specialty,Consumer Cyclical,DDT
2017Q2,2017,Q2,2017-08-31,2017-07-29,-17091000.0,1463810000.0,14966000.0,-0.56,456756000.0,0.3120322993,3749335000.0,1602721000.0,1759873000.0,1122682000.0,2146614000.0,1527385000.0,4198855000.0,774723600.0,1253064600.0,52.877631144836684,1.5675614287928372,0.1636103469015172,0.38274284794421487,0.004268262478495054,52.877631144836684,-0.010663739977201271,0.5292514738934698,-11.332332806740387,0.483380201544748,-0.12720145105611141,0.6593321264776072,0.0028061620944553646,0.39041856755931387,0.15523540949262568,-0.004558408357748774,-8.933002790397344,0.3120322992738129,-1.2641509433962264,-1.8918603782506542,0.5435026579885072,0.2773958048134877,-0.21625837138312493,-1.2578178033217178,-0.8733348003453121,-1.6431146648429114,0.24512306287690808,-0.003108861029039782,Retail Apparel & Specialty,Consumer Cyclical,DDT
2017Q1,2017,Q1,2017-06-06,2017-04-29,66291000.0,1452874000.0,118154000.0,2.12,582789000.0,0.4011283842,4114905000.0,1690412000.0,2092742000.0,1235696000.0,2424493000.0,1713881000.0,4217972000.0,801867078.0,1113754078.0,54.08106984035576,1.6935735002783856,0.14906006335504707,0.3628511865746339,0.03318206466996603,54.08106984035576,0.03921588346509608,0.5519178387114092,3.0240420192786353,0.4743619176863392,0.03487652924228025,0.5076694356259274,0.002883270885452165,0.3530759519357069,0.2758809610130647,0.016109970947081404,18.69023327040067,0.40112838415444146,0.2771084337349399,0.112364869441612,0.44973386130730597,0.2574505729069044,-0.07252223649219634,0.1651053658365116,0.17947591714499625,-0.2579543904447427,0.14130708424037705,0.03618951414341111,Retail Apparel & Specialty,Consumer Cyclical,DDT
2016Q4,2016,Q4,2017-03-24,2017-01-28,56897000.0,1983967000.0,100175000.0,1.66,628359000.0,0.3167184736,3888136000.0,1717417000.0,1837921000.0,976517000.0,2170719000.0,1406403000.0,4153844000.0,893376889.1999999,1159698889.1999998,50.05879095254751,1.8821187956789283,0.15773805237265362,0.3571101252636954,0.028968629993608597,50.05879095254751,0.033129403051210045,0.45029826060614914,3.925412979594706,0.5201863549737774,0.041706944127106876,0.9638830406362899,0.0026562137757167315,0.5102617295279794,0.40471901666842464,0.01463349018655726,2.4840036735510993,0.3167184736439669,1.515151515151515,-0.3706192957328614,0.5400835574902363,0.3054928818035213,0.1909084017209029,1.497015711401738,0.9755655037765989,-0.36509001499488214,0.26818886599516606,0.14545903058925944,Retail Apparel & Specialty,Consumer Cyclical,DDT
2016Q3,2016,Q3,2016-12-01,2016-10-29,22786000.0,1406495000.0,50707000.0,0.66,527630000.0,0.3751381981,4184228000.0,1736205000.0,2090467000.0,1143345000.0,2448023000.0,1901991000.0,4099256000.0,911859363.5,1447880363.5,50.0102255379209,1.8283781360831595,0.1473397243171261,0.3550865249207323,0.014000963369286752,50.0102255379209,0.013124026252660256,0.6483203733394004,10.00460110923374,0.5252025904199101,0.10545949267093829,0.4620763189731182,0.002635274798052781,0.3361420553564481,0.10753447122259685,0.005445687950083026,117.25078610003858,0.3751381981450343,0.9411764705882353,-0.8427090869111568,0.5618808600545109,0.34275622682849166,0.06507788797131962,0.8875082836315441,0.008773325906179127,-0.40466974211375,0.24043080439103587,0.23222191752197913,Retail Apparel & Specialty,Consumer Cyclical,DDT
2016Q2,2016,Q2,2016-09-01,2016-07-30,12072000.0,1488750000.0,50266000.0,0.34,495391000.0,0.3327563392,3843008000.0,1768696000.0,1736634000.0,763860000.0,2074312000.0,1499265000.0,4078824000.0,920677481.5,1408847481.5,50.94610709450701,2.2734977613698844,0.1604003946908255,0.3485166472926947,0.013706269899467806,50.94610709450701,0.0068253673893082815,0.6184231613769942,19.066382569168326,0.5205402632787093,0.2070079522862823,0.6625639896882806,0.0027143055523944624,0.3873918555464886,0.22184693530228053,0.0031412893233633654,21.755653051820694,0.33275633921074727,-0.8433179723502304,0.12203466454959253,0.6240090322917377,0.47385618031345644,-0.17464821114994886,-0.8440712994058382,-0.5798246273959091,-0.5506151352611262,0.31836739155144095,0.18145711689904956,Retail Apparel & Specialty,Consumer Cyclical,DDT
2016Q1,2016,Q1,2016-06-02,2016-04-30,77420000.0,1538797000.0,119631000.0,2.17,600218000.0,0.3900566481,4025646000.0,1812012000.0,1882694000.0,899886000.0,2213634000.0,1647845000.0,4069151000.0,917917480.0,1384034480.0,52.19379554685025,2.09214722753771,0.15312498913217903,0.3401892481948243,0.03188349362616497,52.19379554685025,0.04272598636212122,0.5965162916226117,2.964083828468096,0.5065736209252477,0.032446396280031,0.5695796631357926,0.0027366294408076855,0.3822484639732356,0.21429603305307562,0.01923169598121643,376.9681642710472,0.39005664814787133,0.009302325581395357,0.40976116480591146,0.36450893652477967,0.26422190610879814,-0.09098371331558366,-0.074841963122737,-0.052164956621637684,-0.10387108298262057,0.3089323450805145,0.24012827066057665,Retail Apparel & Specialty,Consumer Cyclical,DDT
2015Q4,2015,Q4,2016-03-23,2016-01-30,83683000.0,2117429000.0,126215000.0,2.15,660294000.0,0.3118376106,3865625000.0,1795305000.0,1668883000.0,751216000.0,2070320000.0,1374505000.0,3994211000.0,995017550.0000001,1410217550.0,46.0275605691578,2.221575419053907,0.1598885044462409,0.34426963663555776,0.03479101574760904,46.0275605691578,0.046612135542428726,0.46991778708990956,2.9725797055554897,0.5542331525841013,0.031953921346032046,1.0601161872819669,0.002687389785235446,0.5477585125303153,0.332803081936487,0.021647987065481003,2.900283173407642,0.31183761061173715,0.8859649122807018,-0.10991889805078489,0.2668924800228183,0.01770511477360243,0.1792354098875939,0.8443347365173121,0.7848657974375653,-0.3593914702466601,0.2128366926039774,0.12430436503900374,Retail Apparel & Specialty,Consumer Cyclical,DDT
2015Q3,2015,Q3,2015-12-04,2015-10-31,45373000.0,1472854000.0,70714000.0,1.14,559934000.0,0.3801693854,4380186000.0,1817155000.0,2150871000.0,1330804000.0,2563031000.0,1933472000.0,3912626000.0,1037298970.0,1555236970.0,46.587745160876814,1.6162192178562733,0.1411008573608518,0.3401184819126602,0.018730390981321253,46.587745160876814,0.02496925138471952,0.7042782040854015,5.715397758578891,0.5708368135904752,0.05256430035483658,0.47216613429105775,0.002299240690463618,0.3362537572605364,0.11062786105241644,0.010358692530408525,-30.890380285884454,0.3801693854244888,0.5616438356164383,2.4709761904361223,0.2688940276705085,0.015566247187161845,0.055457641942798765,0.5301318584966108,0.5507456140350877,0.15779180447938124,0.22617399232184535,0.08656726985983437,Retail Apparel & Specialty,Consumer Cyclical,DDT
2015Q2,2015,Q2,2015-09-03,2015-08-01,29653000.0,1550844000.0,45600000.0,0.73,530513000.0,0.3420801834,4002331000.0,1948056000.0,1748986000.0,815025000.0,2054275000.0,1477241000.0,3869549000.0,1024329807.5000001,1471678807.5,49.943750801179334,2.1459292659734364,0.15553086438877745,0.31954214868566405,0.011611325873835879,49.943750801179334,0.015221841671902657,0.6604982883513753,8.635971128553605,0.5258215408078618,0.08356658685461842,0.6907004341200927,0.002419142723228817,0.38748519300377704,0.27474003864912117,0.007408932444617899,-13.810567716057706,0.3420801834356002,-0.7245283018867924,1.4706996320757852,0.3208147331922636,0.05914862808307211,-0.1875745598385296,-0.7287132336123691,-0.727941483554182,0.2024407559084867,0.27073923789229465,0.20652034459199464,Retail Apparel & Specialty,Consumer Cyclical,DDT
2015Q1,2015,Q1,2015-06-03,2015-05-02,109305000.0,1613418000.0,167611000.0,2.65,652999000.0,0.4047302063,4472958000.0,2126941000.0,2206941000.0,1095380000.0,2346017000.0,1640924000.0,3841990000.0,1077582720.0,1235605720.0,51.634807729656245,2.014772042578831,0.1376371072565403,0.2894509062545694,0.03991807135432452,51.634807729656245,0.05139070618319925,0.667888123226591,2.4646235762316455,0.5066349842332251,0.02260646813960935,0.5852915796222129,0.002293095420089884,0.3607049294896129,0.47028793660647444,0.024436849172292698,21.941332464570777,0.40473020630735496,-0.13398692810457521,0.9866128952177876,0.9351011926731735,0.6497127279557064,-0.12570576271912617,-0.162067062232648,-0.16198690065496726,0.3917689289062309,0.22163549462101498,0.2005720070490193,Retail Apparel & Specialty,Consumer Cyclical,DDT
2014Q4,2014,Q4,2015-03-25,2015-01-31,130446000.0,2179556000.0,200010000.0,3.06,746887000.0,0.3426785088,4170071000.0,2019270000.0,1888442000.0,885323000.0,2150801000.0,1374481000.0,3734891000.0,1104048224.4,1315921224.4,47.39736638264911,2.133054263811061,0.14762938089063712,0.30487502909467284,0.04951798952121808,47.39736638264911,0.0646005734745725,0.506547307983828,2.115910461800285,0.5467561170125838,0.019387332689388713,1.042334524813366,0.002290660810015248,0.5226664006440178,0.5198803148681329,0.031281481778128,2.9527743216136852,0.34267850883390927,1.390625,0.6869701825032057,1.0555986340779266,0.515850740405497,0.29960971009272647,1.3647372332904302,1.3436566246001336,0.162010471478901,0.3624892716886089,0.23608507619445387,Retail Apparel & Specialty,Consumer Cyclical,DDT
2014Q3,2014,Q3,2014-12-01,2014-11-01,55163000.0,1499144000.0,85341000.0,1.28,574701000.0,0.3833527666,4357068000.0,1897550000.0,2040709000.0,1214128000.0,2459518000.0,1832297000.0,3606871000.0,1007889200.0,1531601200.0,48.648891167799,1.6808021888960636,0.14129065692800755,0.32442517983715846,0.021967134291450894,48.648891167799,0.029070643724803037,0.6723097981247965,4.567777314504288,0.5311529076967669,0.04700614542356289,0.5045268316217294,0.002572703428114916,0.3440717473310033,0.11000652320018976,0.012660578168621652,48.50051489341225,0.38335276664549905,0.620253164556962,5.63622920716788,1.070272779737111,0.5945058301273354,0.07096655168751013,0.6130003801280739,0.5999737527887662,-0.6610736577540133,0.4817501109387049,0.3062048979229508,Retail Apparel & Specialty,Consumer Cyclical,DDT
2014Q2,2014,Q2,2014-09-04,2014-08-02,34199000.0,1512888000.0,53339000.0,0.79,536619000.0,0.3546984311,4070127000.0,2068924000.0,1733935000.0,745361000.0,2001203000.0,1429220000.0,3554170000.0,1014910100.0,1395177100.0,53.04253300858864,2.3263022884213154,0.15124786032475154,0.2975450040697483,0.012799316080355167,53.04253300858864,0.01652984836562387,0.6708428515527918,7.419150413754788,0.490549725364489,0.07628878037369513,0.6830781825051426,0.0025706710377598964,0.37170535464863874,0.3416626305910827,0.008402440513526973,-13.702594947817516,0.35469843108015925,-0.6901960784313725,3.872181443814877,0.9845910299888571,0.7387508588884497,-0.17356391408202773,-0.6932274847506279,-0.6910445254079227,1.829191613308024,0.4689105539033246,0.5345051771898368,Retail Apparel & Specialty,Consumer Cyclical,DDT
2014Q1,2014,Q1,2014-06-05,2014-05-03,111480000.0,1588541000.0,172643000.0,2.55,649317000.0,0.4087505453,4293622000.0,2035759000.0,1942727000.0,990998000.0,2257863000.0,1564387000.0,3522314000.0,1003598650.0,1307100650.0,52.19225740289706,1.9603742893527536,0.14337149381105277,0.3023850072626475,0.04209612965963508,52.19225740289706,0.05476090244473929,0.6317738415313171,2.2506248878722643,0.4929849996979014,0.023645496950125584,0.6003782951405247,0.0026265479731364724,0.3699769099375772,0.3342680812675707,0.02596409278692908,7.215721680986447,0.40875054531170424,-0.022988505747126457,5.957963870124381,1.117472567572135,0.7716554476163568,-0.08155462577124477,-0.06376760474666801,-0.050561766857130284,0.806804830549028,0.2537628262134145,0.2641846496636596,Retail Apparel & Specialty,Consumer Cyclical,DDT
2013Q4,2013,Q4,2014-03-27,2014-02-01,119073000.0,2078675000.0,181837000.0,2.61,706974000.0,0.3401080015,4050739000.0,1992197000.0,1660156000.0,778311000.0,2058542000.0,1345321000.0,3413240000.0,1160619560.0,1539054560.0,43.70194796648094,2.133023945440833,0.15196461682670742,0.3089900245809024,0.04566820535551104,43.70194796648094,0.059769691451196844,0.5583458501208702,2.4367815541726503,0.5825827265074689,0.0227927405877067,1.019608703053026,0.0023384062215873734,0.5131594506582626,0.34430195641588,0.029395376991704476,3.8800227328191705,0.34010800149133463,1.3727272727272724,2.517339693164259,1.6149143075370178,1.2699122171594148,0.24135497034334297,1.3408693258890834,1.318225859914837,0.08366346313841344,0.06415843158976493,-0.03371598622457067,Retail Apparel & Specialty,Consumer Cyclical,DDT
2013Q3,2013,Q3,2013-12-04,2013-11-02,50867000.0,1506925000.0,78438000.0,1.1,569518000.0,0.377933872,4459915000.0,1872570000.0,2037544000.0,1298445000.0,2587345000.0,1829198000.0,3296788000.0,1164548360.0,1669131360.0,40.58540497193264,1.5692185652838588,0.1380194465589591,0.32872202374277065,0.020444169206820226,40.58540497193264,0.02716427156261181,0.7727978233820528,5.723496372894018,0.6218984390436672,0.045550160221754774,0.5124688524697709,0.001989612522403106,0.3378819999932734,0.1098868261651437,0.011405374317671973,69.09216018985464,0.3779338719577948,0.42857142857142866,2.8986323542464274,1.7648006532724423,1.1596667979404,0.05471374547663406,0.4097220297647091,0.39653883132144,2.289594515941279,0.09751230301878254,-0.11527876535802115,Retail Apparel & Specialty,Consumer Cyclical,DDT
2013Q2,2013,Q2,2013-09-03,2013-08-03,36083000.0,1516796000.0,56166000.0,0.77,539974000.0,0.3559964557,4107463000.0,2010838000.0,1649325000.0,797533000.0,2096625000.0,1459284000.0,3248620000.0,1186784400.0,1688752400.0,43.12141876822783,2.0680335484550483,0.1498986113812833,0.30619224422852565,0.013838364381709654,43.12141876822783,0.01794426005476324,0.7824284874168972,8.222600670675941,0.5901939390443188,0.06457334478840451,0.6693844378476019,0.001963288361390662,0.3692780677513102,0.17550872503081377,0.008784741335466686,-30.61642287748626,0.35599645568685573,-0.6907630522088354,3.4125155118293287,1.6215180470940764,1.2733863834347958,-0.17130553287619937,-0.691072850403678,-0.689054974256768,1.5147232159972133,0.0805309353327681,-0.08553140689854484,Retail Apparel & Specialty,Consumer Cyclical,DDT
2013Q1,2013,Q1,2013-06-05,2013-05-04,116801000.0,1589381000.0,180630000.0,2.49,651596000.0,0.4099684091,4261160000.0,1975415000.0,1775313000.0,989713000.0,2285745000.0,1544118000.0,3214446000.0,1215173040.0,1675316040.0,42.08741690813022,1.7937654653419728,0.14458527724844877,0.31188433822766354,0.045172814822599126,42.08741690813022,0.059127322613223045,0.7645574220404044,2.6009474233953473,0.6151482296125118,0.019948459345382318,0.6073272897537624,0.001917422394427052,0.3729925654047255,0.18567402873358235,0.027410611195073643,9.37525008679551,0.40996840908504634,-0.24545454545454534,5.494528758445791,0.3606294757318265,0.1262108924677234,-0.15518238370721107,-0.27531115440455656,-0.1478591512086502,0.8630589044996916,0.6729832908599923,0.34467717442942186,Retail Apparel & Specialty,Consumer Cyclical,DDT
2012Q4,2012,Q4,2013-03-28,2013-02-02,161174000.0,2154056000.0,211972000.0,3.3,771286000.0,0.3580621859,4048744000.0,1970175000.0,1491980000.0,767116000.0,2078569000.0,1294581000.0,3099566000.0,1228241437.5,1720676437.5,40.9387012987013,1.9449209767492792,0.1522682095978407,0.3129138274518761,0.0623886291740605,40.9387012987013,0.08180694608346974,0.5701993994120859,1.905148221022001,0.6234174311926606,1.5199535905294899,1.0681216548056862,0.1994534563974927,0.5320306742041483,0.20281026598324112,0.039808394899751624,4.416418936168682,0.35806218594131256,2.333333333333333,1.9468553890072748,0.6126903425887914,0.26872604862237665,0.3609600474306627,2.3236549605097645,1.913904735720668,0.8451898796267764,0.798443165462625,0.30929132589090885,Retail Apparel & Specialty,Consumer Cyclical,DDT
2012Q3,2012,Q3,2012-11-28,2012-10-27,48493000.0,1486345000.0,72745000.0,0.99,566722000.0,0.3812856369,4559367000.0,2069414000.0,1944586000.0,1137511000.0,2489953000.0,1722443000.0,3274629000.0,1252476750.0,1742727750.0,42.876079975137266,1.7095096223245314,0.13489701530936202,0.2972073253587731,0.018069563731047587,42.876079975137266,0.023433203795857185,0.8426554736619022,6.456997659456004,0.6052325682536215,0.04909987008434207,0.5339062018307718,0.001901033292633975,0.3259981045614446,0.13674505125664718,0.010635906256285138,29.90489351033857,0.3812856369147136,0.5967741935483871,49.18112424934988,0.46893160590235244,0.3473477842634597,0.05460195764635826,0.5706234817813766,0.5044879219060225,3.7145530264176143,0.6587915688161728,0.40529738401549115,Retail Apparel & Specialty,Consumer Cyclical,DDT
2012Q2,2012,Q2,2012-08-29,2012-07-28,30875000.0,1527966000.0,48352000.0,0.62,537380000.0,0.3516963074,4261462000.0,2021477000.0,1602549000.0,875594000.0,2239985000.0,1362077000.0,3228474000.0,1245267000.0,1773376000.0,41.3948683294426,1.8302420985068422,0.16206691506342188,0.3416521681918716,0.01141880300146618,41.3948683294426,0.015273485674088797,0.8149834485845889,10.083133603238865,0.6160183865559687,0.0805506072874494,0.7272613809645123,0.0019971620544027907,0.358554411608035,0.22378750882258217,0.007245166095579405,82.36982405080037,0.35169630737856733,-0.6684491978609626,3.223725788827423,0.5950011290687175,0.33538817649283326,-0.14579422316678298,-0.672058886009262,-0.6731935141565227,3.0711111869664207,0.6009431853120675,0.35693675959514165,Retail Apparel & Specialty,Consumer Cyclical,DDT
2012Q1,2012,Q1,2012-05-30,2012-04-28,94148000.0,1583228000.0,147953000.0,1.87,629099000.0,0.3973521186,4516034000.0,2123760000.0,1826916000.0,1021607000.0,2392274000.0,1499604000.0,3199848000.0,1260177600.0,1700603600.0,43.00850546780073,1.7882767052300934,0.15303494172098792,0.32541859720495725,0.03363648185604775,43.00850546780073,0.04433080950766565,0.7959545940319398,3.3462675787058673,0.5933710023731494,0.026511450057356504,0.6362539710483568,0.0019806732003489033,0.350579291475662,0.2755335466573741,0.02084749583373376,24.72730412259875,0.3973521185830468,-0.27799227799227794,0.7651664603967435,0.44563221375716744,0.299229732441996,-0.11288302897835437,-0.3323405100275154,-0.3201251734691064,3.6415764135572743,0.6669862700699266,0.4599148762175895,Retail Apparel & Specialty,Consumer Cyclical,DDT
2011Q4,2011,Q4,2012-03-22,2012-01-28,141012000.0,2009418000.0,217618000.0,2.59,709150000.0,0.3529131321,4306137000.0,2052019000.0,1591729000.0,870364000.0,2254118000.0,1304124000.0,3107344000.0,1326262245.0,1793564245.0,38.344744464168926,1.8288084065976993,0.16060195019341,0.33702124590464316,0.05151140170838384,38.344744464168926,0.06871866196170698,0.6600230738452627,2.3513286901114796,0.6463206456665362,0.01750914815760361,0.9970432259509066,0.00186162277431037,0.46664051793986117,0.2906599997242533,0.03274675190315589,4.016055732194768,0.3529131320611242,-0.36829268292682926,0.4278445275770139,0.24931623098288336,0.17833431324836818,0.32170700841128635,-0.3811952009408543,4.466278164326442,2.5306699352284068,1.1532631747293554,0.9916550170676899,Retail Apparel & Specialty,Consumer Cyclical,DDT
2011Q3,2011,Q3,2011-12-06,2011-10-29,227878000.0,1416538000.0,39811000.0,4.1,536541000.0,0.3787692247,4717130000.0,2033957000.0,1971141000.0,1299049000.0,2683173000.0,1756526000.0,2968076000.0,1322678420.0,1908326420.0,37.24445624507883,1.5173723239077201,0.14670594196047174,0.3402387562765585,0.08421444467681767,37.24445624507883,0.11203678347182364,0.9337401608710815,1.4510817411070835,0.6502981233133247,0.012375042786052186,0.5009871758231874,0.0021320375061384916,0.3002965786399781,0.09749054885535495,0.04830861138022484,-62.74267918979176,0.3787692246872304,12.666666666666666,6.420225319508504,0.19818169883520256,0.2178052191430919,0.04659477932484678,12.16300831792976,0.6199796541200407,8.186132160389104,1.1957781710699131,0.9818852519881721,Retail Apparel & Specialty,Consumer Cyclical,DDT
2011Q2,2011,Q2,2011-09-02,2011-07-30,17312000.0,1475053000.0,24575000.0,0.3,512654000.0,0.3475495457,4177338000.0,1930956000.0,1601154000.0,822382000.0,2246382000.0,1357845000.0,2742624000.0,1354653500.0,1920651500.0,34.56653897103577,1.946971115612939,0.17846844090662523,0.38609010251916664,0.006535482342031753,34.56653897103577,0.008965507240972866,0.9183761532636454,19.562348371072087,0.7015455038851222,0.1301409426987061,0.7087694103524335,0.0016631559288039339,0.3531083670988558,0.2420967384986539,0.004144266037366381,39.720085031520306,0.34754954567734175,-0.810126582278481,-0.18122917926177431,0.24268078628562761,0.13531682590721938,-0.14539150149198993,-0.7628005754607111,-0.7941568177439755,1.9662339241533653,1.128143280567411,0.8223681238689096,Retail Apparel & Specialty,Consumer Cyclical,DDT
2011Q1,2011,Q1,2011-06-03,2011-04-30,72985000.0,1498756000.0,119387000.0,1.58,599870000.0,0.4002452701,4336878000.0,1904863000.0,1715971000.0,988725000.0,2432015000.0,1504033000.0,2727879000.0,1116559186.1,1715263186.1,41.28531177528772,1.735539204531088,0.17200622198733745,0.391613465115339,0.028411469225481798,41.28531177528772,0.038315091426522535,0.7449906363010389,3.8246187096663697,0.5861624621298225,0.033705555936151266,0.5976504504887858,0.0022031971351133377,0.34558408145214137,0.17068446736959214,0.01682892624602306,26.44308315216104,0.40024527007731747,-0.34439834024896265,0.04980886900244219,0.4078251659238691,0.3710487481526142,-0.14688795500280877,-0.34373679336048846,-0.25824469407028183,3.1283127725010855,0.3052108951306879,0.10474748121862397,Retail Apparel & Specialty,Consumer Cyclical,DDT
2010Q4,2010,Q4,2011-03-23,2011-01-29,111213000.0,1977047000.0,160952000.0,2.41,703155000.0,0.3556592231,4374166000.0,2086720000.0,1701926000.0,831212000.0,2287446000.0,1290147000.0,2653437000.0,1093032910.0,1496153910.0,45.22681462537116,2.0475233755046847,0.17064098619028176,0.35769628891274347,0.03885944874620069,45.22681462537116,0.05329560266830241,0.552861368495539,2.457070913472346,0.52380430052906,0.023720248532096068,0.9874006605448836,0.002413468044617247,0.45198261794362626,0.4442200064484151,0.025424961009710194,3.3164720535716996,0.3556592230736042,6.088235294117648,0.5557924189375728,0.4941770570544719,0.5754917637358771,0.363858539111612,6.192200737243743,6.883620689655173,1.120908638565126,0.5438800467617712,0.40161841951845584,Retail Apparel & Specialty,Consumer Cyclical,DDT
2010Q3,2010,Q3,2010-12-03,2010-10-30,15463000.0,1373037000.0,20416000.0,0.34,515563000.0,0.3754909737,4712091000.0,2116565000.0,1993109000.0,1130320000.0,2595526000.0,1708504000.0,2546338000.0,1079652600.0,1659382600.0,45.87366436203646,1.7633139287989241,0.1584963023846526,0.3528589955895519,0.00512840376518961,45.87366436203646,0.0073057052346608775,0.7863244763251099,17.455419388217035,0.5100965951907925,0.17273491560499257,0.5018858603784363,0.00247394393344674,0.29138592612069675,0.19334347795314602,0.0032815580174491536,76.62001277411113,0.3754909736591221,0.09677419354838718,0.27826904445344264,0.4167071485848435,0.6822913710780917,0.12451960198397292,0.08917376910614919,6.313899010931807,15.73860355353194,0.4194768770120909,0.4415445644768877,Retail Apparel & Specialty,Consumer Cyclical,DDT
2010Q2,2010,Q2,2010-09-02,2010-07-31,14197000.0,1388910000.0,-3842000.0,0.31,458474000.0,0.3300962625,4413680000.0,2175667000.0,1646581000.0,740784000.0,2238013000.0,1328228000.0,2534594000.0,975839849.9999999,1509582850.0,47.154619736015086,2.2227545411347975,0.1695764078954523,0.3440122040735094,-0.0005634280667600335,47.154619736015086,0.0065253552129071225,0.7025940125710088,17.183909452701272,0.4485244525012329,0.4086074522786504,0.7005092499179357,0.005944622982961805,0.3146829856265067,0.3703603209572561,0.003216590237624839,13.730685943436047,0.33009626253680946,-0.7686567164179104,11.611977296368856,4.716061840821363,5.514787392457727,-0.1499272251939889,-0.8519974146199074,-1.1281606511441724,2.082243460005026,0.5345305198795789,0.52119632707473,Retail Apparel & Specialty,Consumer Cyclical,DDT
2010Q1,2010,Q1,2010-06-04,2010-05-01,95924000.0,1453596000.0,29978000.0,1.34,539335000.0,0.3710350056,4573559000.0,2247748000.0,1855582000.0,877020000.0,4647043000.0,1453551000.0,2530433000.0,1560526358.1795,2050417358.1795,31.299272203373945,2.115780711956398,0.17386612920047603,0.35377052943657383,0.012262052506362229,31.299272203373945,0.042675602425182896,1.0735626392611841,4.067090504408438,0.6942621495734843,0.03078478795713273,0.6289844663173153,0.0018923102352753278,0.3178260081481402,0.41091879318601626,0.02097360064667363,19.460603800764446,0.3710350055999053,-0.26373626373626374,0.0,0.0,0.0,-0.10806837312835507,-0.2828004904746239,-0.5108587465531026,0.2366293603758451,-0.08736781767278745,-0.054490626723510655,Retail Apparel & Specialty,Consumer Cyclical,DDT
2009Q4,2009,Q4,2010-03-26,2010-01-30,133748000.0,1833976000.0,61287000.0,1.82,604682000.0,0.3297109668,6910430000.0,2304103000.0,1749529000.0,769022000.0,4606327000.0,1300680000.0,2484447000.0,1381673381.25,1718256381.25,31.267832062390323,2.275005136394017,0.09815250281096835,0.29437746489631755,0.02379205128506831,31.267832062390323,0.05804775220552206,0.7533759336272666,2.582605686159793,0.5996578196591038,0.0220788348236983,0.9451164006519667,0.0021372634372737362,0.2653924574881737,0.5265324008936025,0.01935451194788168,6.328951405111996,0.3297109667738291,7.666666666666668,0.17151391172923083,-0.13215377905760542,0.08922576777135244,0.29670207131108695,7.571391950781851,6.923738642953799,-0.016479182681000532,-0.17192980504962826,-0.03913926315428492,Retail Apparel & Specialty,Consumer Cyclical,DDT
2009Q3,2009,Q3,2009-12-03,2009-10-31,15604000.0,1359331000.0,-10346000.0,0.21,466323000.0,0.3430533108,4774753000.0,2233966000.0,1949136000.0,1080865000.0,4852067000.0,1752076000.0,2407886000.0,1215452000.0,2175953000.0,30.510325047801146,1.803311236833462,0.21667675793910177,0.4631126883757407,0.017941050500672972,30.510325047801146,0.00698488696784105,0.8941545510254677,19.47340425531915,0.5440781104099168,0.18924634709048962,0.5096856529054675,0.002429548842735048,0.28469137565859426,0.12977291336105803,0.003268022450585402,15.544852282900626,0.34305331078302487,1.6774193548387097,-0.1871640363198881,-0.11618469288367046,0.11888285513071833,0.09270550192145469,1.6996995650419264,0.7734518700183937,-0.6210333085744404,-0.1424290158520882,-0.002384869402573855,Retail Apparel & Specialty,Consumer Cyclical,DDT
2009Q2,2009,Q2,2009-08-28,2009-08-01,-22301000.0,1427771000.0,-45668000.0,-0.31,426760000.0,0.2988994734,4518648000.0,2228589000.0,1650027000.0,808738000.0,4597849000.0,1413993000.0,2402828000.0,1030424497.83,1588044497.83,30.506114626737105,2.0402491288897022,0.14927518142594864,0.3026677417863949,-0.00849173569231209,30.506114626737105,-0.010006780074746846,0.7217015178414465,-11.551326149387918,0.46236632139438905,-0.13237074570647056,0.7079320760428093,0.002864838720562933,0.31597305211647375,0.2297728065207768,-0.004935325787713493,7.356759346232107,0.298899473374932,-1.7560975609756098,-13.51226772471095,2.711132524198366,3.2146634216487096,-0.13662194941845998,-1.7084855608857261,-3.2501628664495112,-1.8065157388445339,-0.08022010856408578,0.0019546723439629226,Retail Apparel & Specialty,Consumer Cyclical,DDT
2009Q1,2009,Q1,2009-06-08,2009-05-02,31477000.0,1473870000.0,-10745000.0,0.41,494291000.0,0.3353694695,4849950000.0,2257489000.0,1931432000.0,1107379000.0,4933092000.0,1647116000.0,2432438000.0,724153500.0,1472486500.0,29.459598068641526,1.744147216084105,0.17547892246311816,0.37699585690118537,-0.008325285189520899,29.459598068641526,0.013943368051848757,0.4913279325856419,5.751449471042348,0.3207783072254172,0.0933379928201544,0.5947237474470529,0.004057150866494466,0.30389385457582035,0.1563005980788872,0.006490170001752595,17.098045002715274,0.3353694694918819,1.2383720930232558,0.0,0.0,0.0,-0.021715423452736495,1.1563825876133982,0.9560793963522805,-0.7273915514549925,-0.166421853168613,-0.02167276166079882,Retail Apparel & Specialty,Consumer Cyclical,DDT
2008Q4,2008,Q4,2009-04-01,2009-01-31,-201282000.0,2038936000.0,-244646000.0,-1.72,505263000.0,0.2478071896,6996959000.0,2251115000.0,1686755000.0,913665000.0,4745844000.0,1374394000.0,2427727000.0,706224674.6,1254045674.6,19.252703975121065,1.8461416383466587,0.0921320247839097,0.2863665339176364,-0.07626862144199616,19.252703975121065,-0.0894143568853657,0.34636922129973674,-0.8771582588110214,0.3137221663930985,-0.01459643683985652,1.1158903487646192,0.004160149178678951,0.2914031652893779,0.2022853015054752,-0.028767068665115803,2.5127453669540345,0.24780718963223955,-1.9655172413793107,-2.111125879211984,-0.39193375898801297,-0.32932538376398446,0.09411176218379305,-1.7150006069843668,-1.0708668748994812,-2.111125879211984,-0.39193375898801297,-0.32932538376398446,Retail Apparel & Specialty,Consumer Cyclical,DDT
2008Q3,2008,Q3,2008-12-09,2008-11-01,-74137000.0,1508230000.0,-118137000.0,-0.58,461802000.0,0.3061880482,5658247000.0,2399336000.0,2506563000.0,1759350000.0,5802870000.0,2242710000.0,2580013000.0,1218280661.078,2415117661.078,18.79243826438298,1.4247096939210504,0.2251283834021385,0.5309102184937833,-0.024802164768599304,18.79243826438298,-0.030898965380421917,0.8077552237244983,-4.10820730902923,0.5077574216691618,-0.03962933488001942,0.4665908655153809,0.00241159536867334,0.26655428792698516,0.08931309858754653,-0.013102467955181172,-9.672271754247516,0.306188048241979,-0.8124999999999999,-3.2147451712422312,-0.43762544923223096,-0.31083864405974415,-0.03480981572011696,-0.783768827294163,-0.3638063793680662,-3.2147451712422312,-0.43762544923223096,-0.31083864405974415,Retail Apparel & Specialty,Consumer Cyclical,DDT
2008Q2,2008,Q2,2008-09-11,2008-08-02,-41562000.0,1607823000.0,-86623000.0,-0.32,478457000.0,0.2975806417,5105926000.0,2457920000.0,1919353000.0,1160014000.0,5265691000.0,1750488000.0,2639021000.0,2040931903.5,2678617903.5,18.96792339500023,1.6545946859262044,0.14612726467246098,0.30355544525452416,-0.017397248638231413,18.96792339500023,-0.016909419346439265,1.2693759844833667,-12.276429812689477,0.8303491991195807,-0.07247004475241807,0.6451720891545671,0.0014757964216418553,0.31489351784573455,0.10145739620383892,-0.008139953458001545,131.24120014790046,0.2975806416502314,-1.8421052631578947,-14.146291475141497,1.3560324729135858,1.620570134732131,-0.14139922333163452,-2.611117571810676,-3.4605046343975285,-14.146291475141497,1.3560324729135858,1.620570134732131,Retail Apparel & Specialty,Consumer Cyclical,DDT
2008Q1,2008,Q1,2008-06-10,2008-05-03,25797000.0,1675554000.0,-19420000.0,0.38,557252000.0,0.3325777623,5390324000.0,2515990000.0,2176141000.0,1400023000.0,5556783000.0,0.0,2680373000.0,1296679500.0,2172476500.0,37.37081321945785,1.5543608926424781,0.1780672182228749,0.38149595189170066,-0.03912373246008656,37.37081321945785,0.010253220402306846,0.7738810566535008,12.566185021514132,0.5153754585670055,0.11668023413575222,0.0,0.00232131378648309,0.3108447655465608,0.06648247921641287,0.004785797662626588,-126.8022198318013,0.33257776234009767,-0.6607142857142857,0.0,0.0,0.0,-0.2053594728368672,-0.7086697760561949,-1.6092357886811395,0.0,0.0,0.0,Retail Apparel & Specialty,Consumer Cyclical,DDT
2007Q4,2007,Q4,2008-04-02,2008-02-02,88549000.0,2162487000.0,31876000.0,1.12,701263000.0,0.3242854177,1977100000.0,2514111000.0,1945188000.0,1184170000.0,5338129000.0,1779279000.0,2680690000.0,1619063143.76,2286073143.76,32.26756583358074,1.6426594154555512,0.3823387790197764,0.3006716887201878,0.0135737450944037,32.26756583358074,0.03522079971807132,0.7487042205386668,4.571093811787824,0.6439903185499766,0.03394730601136094,0.8212450099169383,0.001856629255990025,1.0937671336806434,0.08427168396429567,0.04478731475393253,12.54348712200564,0.32428541766956287,55.852791878172596,-0.2664500532233559,-0.032193556624784035,0.12405184021280032,0.24606508381575815,55.76217948717949,1.7133968936036883,-0.2664500532233559,-0.032193556624784035,0.12405184021280032,Retail Apparel & Specialty,Consumer Cyclical,DDT
2007Q3,2007,Q3,2007-12-05,2007-11-03,1560000.0,1633443000.0,-44682000.0,0.0197,562782000.0,0.3445372749,5814765000.0,2479440000.0,2506114000.0,1754558000.0,5984555000.0,2363176000.0,2643516000.0,1574651883.3200002,2814264883.32,31.82257801282976,1.4283449164974882,0.22574446258791198,0.5294143032297616,0.0008525297680234395,31.82257801282976,0.0006291743296873487,0.9640078553827713,252.348058224359,0.6350836815248605,1.9628205128205127,0.4530602037258334,0.0019445567826357096,0.280912986165391,0.04731846995083662,0.00026828255312123534,-20.069486149885293,0.3445372749462332,1.0703571428571428,-0.9236334715518296,-0.0019512318038441953,0.16700614919148682,0.08257703124338757,1.065291089440422,0.052885940182716154,-0.9236334715518296,-0.0019512318038441953,0.16700614919148682,Retail Apparel & Specialty,Consumer Cyclical,DDT
2007Q2,2007,Q2,2007-09-05,2007-08-04,-23893000.0,1648533000.0,-47177000.0,-0.28,519854000.0,0.3153433993,5237550000.0,2604991000.0,1947984000.0,1068224000.0,5413434000.0,1803953000.0,2657919000.0,1991661803.1,2676891803.1,30.998378642350335,1.82357258402732,0.14838159062920642,0.29833346833060076,-0.007146704997220681,30.998378642350335,-0.009172008655692093,1.2081419074413433,-20.839386045075965,0.7645561167389829,-0.1345163855522538,0.6256698483829678,0.0016137277900281281,0.31475269925824095,0.09559699089329579,-0.004561865757844794,-16.535723918602528,0.31534339925254756,-1.2641509433962264,-12.653549097270853,2.724958068132738,3.282673627661002,-0.1837271124244932,-1.2782850753569848,-3.1262394086893814,-12.653549097270853,2.724958068132738,3.282673627661002,Retail Apparel & Specialty,Consumer Cyclical,DDT
2007Q1,2007,Q1,2007-06-12,2007-05-05,85858000.0,1762954000.0,22188000.0,1.06,636863000.0,0.3612476559,5466022000.0,2631327000.0,2222701000.0,1268781000.0,5636981000.0,2032711000.0,2686299000.0,1978478422.32,2857249422.3199997,33.103079766319034,1.7518397580039424,0.1860010808591696,0.38637767179829796,0.008018900369384343,33.103079766319034,0.03262916391615333,1.1222518694872357,5.760902951151902,0.7518937867927475,0.03738731393696569,0.5539848015777944,0.0016224589380337518,0.3225296202613162,0.11652680801493717,0.015707584052899896,-27.456749039940046,0.3612476559229566,-0.4175824175824176,0.0,0.0,0.0,1.2409589733015265,-0.41476548494618526,-0.8403522783689857,0.0,0.0,0.0,Retail Apparel & Specialty,Consumer Cyclical,DDT
2006Q4,,,,,,,,,,,,,,,,,,1972322728.4699998,2579813728.47,32.54148167718397,2.095808579338154,0.3848931763381591,0.30981815286168707,0.046040613921785996,32.54148167718397,0.05671034610988294,0.8254758803230714,3.3609894696060856,0.762411504372132,0.021853081311730183,2.8396868210930224,0.0016254946280961874,1.1474094019421262,0.20929163916222757,0.07045237680186442,7.876971330718755,-1.106188967888718,2.25,0.1911429744036184,0.04803460652802111,0.1335937935678694,-3.5554724408770246,2.280641338133679,15.144209240789742,0.1911429744036184,0.04803460652802111,0.1335937935678694,Retail Apparel & Specialty,Consumer Cyclical,DDT
