Quarters,Year,Quarter,FillingDate,Date,NetIncome,Revenue,OperatingIncome,EPSDiluted,GrossProfit,GrossProfitRatio,TotalAssets,CommonStockEquity,CurrentAssets,CurrentLiability,TotalLiability,Inventory,RetainedEarnings,MarketCap,EnterpriseValue,bookValuePerShare,currentRatio,debtToAssets,debtToEquity,roic,shareholdersEquityPerShare,roe,priceToSalesRatio,peRatio,pbRatio,payoutRatio,inventoryTurnover,dividendYield,assetTurnover,quickRatio,returnOnAssets,priceToFreeCashFlowsRatio,grossProfitMargin,epsdilutedGrowth,fiveYNetIncomeGrowthPerShare,fiveYRevenueGrowthPerShare,fiveYShareholdersEquityGrowthPerShare,grossProfitGrowth,netIncomeGrowth,operatingIncomeGrowth,threeYNetIncomeGrowthPerShare,threeYRevenueGrowthPerShare,threeYShareholdersEquityGrowthPerShare,Industry,Sector,Symbol
2023Q1,2023,Q1,2023-05-15,2023-03-31,-2218000.0,1802000.0,5578000.0,-0.0792,14000000.0,7.769145394,808004000.0,215145000.0,12833000.0,0.0,86508000.0,0.0,-1842939000.0,80091440.0,142755440.0,7.682652478217397,0.0,0.10726184523838991,0.4028352971251946,0.019436834187410833,7.682652478217397,-0.01030932626833066,44.44586015538291,-9.027439134355275,0.37226726161426016,-0.2975653742110009,0.0,0.008240581015898828,0.0022301869792723797,0.0,-0.0027450359156637838,-18.136648550724637,7.769145394006659,-1.8751381215469616,0.9603907884751823,-0.9412048232531914,-0.32092678193665947,0.4635166213673427,-1.505354294827979,0.049877658573310744,0.9691237095833803,-0.905406735145976,0.21145597948463707,REIT—Mortgage,Real Estate,AAIC
2022Q4,2022,Q4,2023-03-31,2022-12-31,4389000.0,9566000.0,5313000.0,0.0905,9566000.0,1.0,1002318000.0,217340000.0,342087000.0,0.0,86405000.0,0.0,-1840061000.0,83411240.0,309317240.0,7.634537024026978,0.0,0.2551585424984885,1.1767277077390264,0.01134675850985101,7.634537024026978,0.02019416582313426,8.719552582061468,4.751152882205514,0.3837822766172817,0.15014809751651856,0.0,0.00790061387410138,0.009543877292436134,0.0,0.004378849826103093,84.59557809330629,1.0,-0.09500000000000008,-0.39974475589480907,-0.6341665684770179,-0.4428594450118205,-0.019274143940947303,0.2792188866219761,-0.2732868280672959,-0.7939783819689222,-0.5954916504585921,-0.14548653585030275,REIT—Mortgage,Real Estate,AAIC
2022Q3,2022,Q3,2022-11-14,2022-09-30,3431000.0,9754000.0,7311000.0,0.1,9754000.0,1.0,1074141000.0,214210000.0,323546000.0,0.0,859931000.0,0.0,-1843790000.0,77079360.0,385487360.0,7.559107911638083,0.0,0.30297605249217746,1.5192521357546334,0.010317900370596664,7.559107911638083,0.016016992670743663,7.902333401681362,5.616391722529875,0.35983082022314555,0.19673564558437773,0.0,0.00875720815533497,0.009080744520505222,0.0,0.0031941802798701475,281.31153284671535,1.0,11.0,-0.8603474925297985,-0.6784480389481908,-0.49210185804062,0.43209514021435913,10.175895765472312,-0.25298865842444057,1.5723051267070915,-0.5609904320966733,-0.10294507849570861,REIT—Mortgage,Real Estate,AAIC
2022Q2,2022,Q2,2022-08-15,2022-06-30,307000.0,6811000.0,9787000.0,-0.01,6811000.0,1.0,1084755000.0,213698000.0,129835000.0,0.0,871057000.0,0.0,-1846546000.0,93489500.0,493757500.0,7.4288396023082806,0.0,0.3820825900779439,1.939494052354257,0.004313038891034348,7.4288396023082806,0.0014366068002508213,13.726251651739833,76.13151465798046,0.4374842066841992,2.3029315960912053,0.0,0.0075623465736793976,0.0062788371567773366,0.0,0.0002830132149655913,-258.25828729281767,1.0,0.8895027624309393,1.0144768064664818,0.9433251239786048,-0.4905578247326485,0.5476028175414679,1.1136616068122918,0.46446206793356276,1.0165735141771677,-0.7356110701144917,-0.16309897285714778,REIT—Mortgage,Real Estate,AAIC
2022Q1,2022,Q1,2022-05-16,2022-03-31,-2701000.0,4401000.0,6683000.0,-0.0905,4401000.0,1.0,920883000.0,218097000.0,160940000.0,0.0,702786000.0,0.0,-1846146000.0,103517040.0,485480040.0,7.310840707964601,0.0,0.4433625118500396,1.8720340032187512,0.06960756394783527,7.310840707964601,-0.01238439776796563,23.521254260395363,-9.58136245834876,0.4746376153729763,-0.27471306923361716,0.0,0.007167902018836705,0.004779108746713752,0.0,-0.002933054470546204,-45.54203255609327,1.0,-1.7541666666666667,-1.4075867109333395,-0.8115426186808156,-0.5382515950748402,-0.4642726719415703,-1.7044861763171621,-0.2893449595916631,-1.1700938102451062,-0.7780527210915491,-0.32200404050280723,REIT—Mortgage,Real Estate,AAIC
2021Q4,2021,Q4,2022-03-10,2021-12-31,3834000.0,8215000.0,9404000.0,0.12,8215000.0,1.0,803036000.0,224127000.0,20543000.0,-85486000.0,578909000.0,0.0,-1842703000.0,108850000.0,88815000.0,7.206655948553054,-0.24030835458437638,0.0006325992857107278,0.0022665720774382382,0.0345765906983752,7.206655948553054,0.017106372726177568,13.25015216068168,7.097678664580073,0.48566214690778,0.0,0.0,0.0,0.010229927425420528,-0.24030835458437638,0.004774381223257737,0.0,1.0,5.0,1.0684113911850732,-0.927240505980011,-0.5678066463553192,0.0,16.336,0.0,1.1424336796092829,-0.9466086067547917,-0.2019330443062176,REIT—Mortgage,Real Estate,AAIC
2021Q3,2021,Q3,2021-11-09,2021-09-30,-250000.0,3119000.0,0.0,-0.03,0.0,0.0,879609000.0,224677000.0,0.0,0.0,654932000.0,0.0,-1845798000.0,118129900.0,184100900.0,7.037209885050271,0.0,0.10601414946868438,0.4150447086261611,0.0,7.037209885050271,-0.0011127084659310921,37.87428663033023,-118.12990000000002,0.5257765592383733,-2.924,0.0,0.006188103096675778,0.0035458936868540455,0.0,-0.00028421719195688086,42.64617328519856,0.0,0.875,-1.0095888961438404,-0.9422710899361263,-0.626605891153629,0.0,0.9645842187278652,0.0,0.958176381362439,-0.6447995476873798,-0.3344900034035629,REIT—Mortgage,Real Estate,AAIC
2021Q2,2021,Q2,2021-08-09,2021-06-30,-7059000.0,7045000.0,0.0,-0.24,0.0,0.0,1030097000.0,228752000.0,0.0,0.0,801345000.0,0.0,-1844817000.0,134247960.0,216938960.0,6.91804270247384,0.0,0.09862566340839746,0.44412289291459744,0.0,6.91804270247384,-0.030858746590193747,19.05577856635912,-4.75449638759031,0.5868711967545639,-0.10242243943901402,0.0,0.005385556696727459,0.006839161748845012,0.0,-0.0068527527019300125,90.58566801619433,0.0,-0.1999999999999999,-1.3808538358510076,-0.5420063555071923,-0.6320416379718838,0.0,-0.16870860927152317,0.0,-0.6691604193346826,-0.05288578598278148,-0.3632006557417698,REIT—Mortgage,Real Estate,AAIC
2021Q1,2021,Q1,2021-05-10,2021-03-31,-6040000.0,6259000.0,0.0,-0.2,0.0,0.0,883344000.0,239487000.0,48198000.0,0.0,643857000.0,0.0,-1837035000.0,134051240.0,192160240.0,7.217594406437419,0.0,0.14912423699034577,0.5500423822587447,0.0,7.217594406437419,-0.02522057564711237,21.417357405336315,-5.5484784768211926,0.5597432846041748,-0.11970198675496689,0.0,0.005393459993357764,0.007085574815700339,0.0,-0.006837653281167926,195.12553129548763,0.0,-1.625,0.867618407862816,-0.8491547150892739,-0.6173122011708776,0.0,-1.5270046243783264,0.0,0.9089663004525684,-0.8276455647936475,-0.36203348073442143,REIT—Mortgage,Real Estate,AAIC
2020Q4,2020,Q4,2021-02-26,2020-12-31,11461000.0,14534000.0,0.0,0.32,0.0,0.0,1212389000.0,246270000.0,28796000.0,93627000.0,966119000.0,0.0,-1830272000.0,126308700.0,257860700.0,7.370043393685471,0.30756085317269594,0.13745918183025416,0.6767125512648718,0.0,7.370043393685471,0.046538352215048526,8.690566946470346,2.7551849751330595,0.5128870751614082,0.06308350056714074,0.0,0.005724071263499665,0.011987901572845018,0.49837119634293525,0.009453236543716579,44.569054340155255,0.0,1.6666666666666667,-0.5800104098263174,-0.6325960332240469,-0.6492753986208505,0.0,1.4082790502206346,0.0,0.33539081976680957,-0.5264632798514078,-0.462161221600963,REIT—Mortgage,Real Estate,AAIC
2020Q3,2020,Q3,2020-11-06,2020-09-30,4759000.0,7730000.0,0.0,0.12,0.0,0.0,945335000.0,236886000.0,8877000.0,121894000.0,708449000.0,0.0,-1841010000.0,98420200.0,282300200.0,6.8355504256240085,0.07282556975733014,0.20628560245838776,0.8232187634558396,0.0,6.8355504256240085,0.020089832239980412,12.732238033635188,5.170214330741752,0.4154749541973776,0.1546543391468796,0.0,0.007478139650193762,0.008176995456637064,0.4628693783123041,0.005034194227443181,13.858096310898338,0.0,-0.5384615384615385,1.0600676465251395,-0.8734450177984503,-0.6707979649957944,0.0,-0.5349814344342388,0.0,-0.841602976106188,-0.7916223202133852,-0.5407178464671845,REIT—Mortgage,Real Estate,AAIC
2020Q2,2020,Q2,2020-07-31,2020-06-30,10234000.0,13562000.0,0.0,0.26,0.0,0.0,785800000.0,238985000.0,0.0,0.0,546815000.0,0.0,-1845043000.0,108755460.0,166208460.0,6.526435086569447,0.0,0.09419954186815983,0.3097349206017114,0.0,6.526435086569447,0.042822771303638305,8.01913139654918,2.6567192691029904,0.4550723267150658,0.07406683603674027,0.0,0.006969765012257775,0.017258844489692032,0.0,0.013023670145075083,16.483094877235526,0.0,1.1003861003861004,-0.027091081132441488,-0.47070083407030533,-0.7250197073381165,0.0,1.108675799086758,0.0,1.3791094948244438,2.0397871931401776,-0.5524413683383319,REIT—Mortgage,Real Estate,AAIC
2020Q1,2020,Q1,2020-05-11,2020-03-31,-94170000.0,24973000.0,0.0,-2.59,0.0,0.0,2358307000.0,232809000.0,0.0,0.0,2125498000.0,0.0,-1854498000.0,80397090.0,32396090.0,6.341668709651058,0.0,0.031540846887194926,0.31950225291977546,0.0,6.341668709651058,-0.4044946715977475,3.219360509350098,-0.21343604651162792,0.34533497416336995,-0.09661250929170649,0.0,0.11316329981595105,0.0105893761923278,0.0,-0.03993118792421852,8.571118336886993,0.0,-4.597222222222221,-0.3969344085731867,1.597956664362567,-0.7446472767275271,0.0,-4.43560744253922,0.0,-12.547664497883586,-0.13100224124711668,-0.599463929222933,REIT—Mortgage,Real Estate,AAIC
2019Q4,2019,Q4,2020-02-24,2019-12-31,27410000.0,30427000.0,0.0,0.72,0.0,0.0,4000114000.0,327248000.0,19636000.0,0.0,3672866000.0,0.0,-1759626000.0,204017960.0,221586960.0,8.934367150813586,0.0,0.0185814704280928,0.22713049430401408,0.0,8.934367150813586,0.08375910624358285,6.705161862819207,1.8607986136446553,0.6234353151126975,0.3319226559649763,0.0,0.04459411318493725,0.007606533213803407,0.0,0.006852304709315784,11.481033202025886,0.0,4.130434782608695,1.524690704590143,23.964797370170604,-0.6803131050233625,0.0,4.5427168153030895,0.0,1.415271888277139,-0.7711829298301237,-0.46419336108611114,REIT—Mortgage,Real Estate,AAIC
2019Q3,2019,Q3,2019-11-08,2019-09-30,-7737000.0,28674000.0,0.0,-0.23,0.0,0.0,4099538000.0,308177000.0,0.0,0.0,3791361000.0,0.0,-1777841000.0,200780280.0,219625280.0,8.426583178387837,0.0,0.018117163446222478,0.24100435788524127,0.0,8.426583178387837,-0.025105702242542435,7.002172002510986,-6.487665761923226,0.651509619471927,-1.1704795140235233,0.0,0.045104031132937955,0.006994446691310094,0.0,-0.0018872858356234288,19.896965612922408,0.0,0.6567164179104478,-1.3388474480628196,-0.30898011638354417,-0.7519320348714099,0.0,0.6711158342189161,0.0,-1.2590661101110854,-0.5366857420651242,-0.5528857931041415,REIT—Mortgage,Real Estate,AAIC
2019Q2,2019,Q2,2019-08-09,2019-06-30,-23525000.0,32717000.0,0.0,-0.67,0.0,0.0,4063892000.0,324289000.0,0.0,0.0,3739603000.0,0.0,-1760933000.0,249520390.0,257805390.0,8.876604713546657,0.0,0.018262296340552358,0.2288575930728455,0.0,8.876604713546657,-0.07254331784303507,7.6266280526943175,-2.6516513283740704,0.7694383404925853,-0.6240170031880977,0.0,0.058832867325992876,0.008050656858007054,0.0,-0.005788785725604912,22.617874365482233,0.0,-2.2884615384615383,-1.6747355575768086,-0.49916174869606067,-0.7185750538915266,0.0,-2.337103558031147,0.0,-2.1487912229263744,0.9250776525899076,-0.5278692151466907,REIT—Mortgage,Real Estate,AAIC
2019Q1,2019,Q1,2019-05-03,2019-03-31,17594000.0,21970000.0,0.0,0.52,0.0,0.0,4673158000.0,356411000.0,0.0,0.0,4316747000.0,0.0,-1728523000.0,262771350.0,245938350.0,10.78301515747436,0.0,0.01586935429959783,0.2080743860318565,0.0,10.78301515747436,0.04936435744126865,11.960461993627675,3.7338204785722406,0.7372705949030753,0.6642037058087985,0.0,0.04447212376843975,0.004701317610061547,0.0,0.003764905873073412,34.25069734098019,0.0,1.5977011494252875,0.2721230622763662,-0.28708376956296516,-0.7084973168075938,0.0,1.6688462269530508,0.0,1.3871095058024232,-0.4684606366137253,-0.4282681870188704,REIT—Mortgage,Real Estate,AAIC
2018Q4,2018,Q4,2019-02-19,2018-12-31,-26305000.0,150361000.0,0.0,-0.87,0.0,0.0,4099450000.0,274444000.0,0.0,0.0,3825006000.0,0.0,-1731982000.0,220038080.0,206377080.0,9.030139510397474,0.0,0.01807657124736245,0.2700150121700602,0.0,9.030139510397474,-0.09584833335762487,1.463398620652962,-2.0912191598555405,0.8017594846307443,-0.4420072229614142,0.0,0.05284085372859097,0.03667833489858396,0.0,-0.006416714437302565,12.507849022282857,0.0,-3.578947368421052,-1.3607557476194763,8.94068898623849,-0.7271949669501433,0.0,-3.7818578440283583,0.0,-2.05983072230578,3.179035644610835,-0.5702749751927141,REIT—Mortgage,Real Estate,AAIC
2018Q3,2018,Q3,2018-11-02,2018-09-30,-5501000.0,8081000.0,0.0,-0.19,0.0,0.0,4536412000.0,310690000.0,0.0,0.0,4225722000.0,0.0,-1695032000.0,270314400.0,238197400.0,10.574161050983596,0.0,0.016323032387710816,0.23833403070584827,0.0,10.574161050983596,-0.017705751713927066,33.450612547951984,-12.284784584620978,0.8700453828575105,-1.9943646609707326,0.0,0.04058607310598326,0.0017813637738371207,0.0,-0.0012126323623162976,16.54310893512852,0.0,-0.4615384615384615,-2.00899709795029,-0.5214994307356673,-0.6672147791877974,0.0,-0.5246674057649667,0.0,0.9181061845646127,-0.8439551612676884,-0.4907454236023385,REIT—Mortgage,Real Estate,AAIC
2018Q2,2018,Q2,2018-08-03,2018-06-30,-3608000.0,6346000.0,0.0,-0.13,0.0,0.0,4254376000.0,306467000.0,0.0,0.0,3947909000.0,0.0,-1678131000.0,290845100.0,284591100.0,10.863771712158808,0.0,0.017391974757285204,0.241435456346034,0.0,10.863771712158808,-0.011772882561580855,45.83124803025528,-20.152792405764966,0.9490258331239579,-4.359756097560975,0.0,0.05408377173966486,0.0014916406072241852,0.0,-0.0008480679657839363,17.702075471698112,0.0,0.935,-1.666919119218794,-0.6126305822835879,-0.6653000453835703,0.0,0.9360090807512903,0.0,-1.4452304257553705,-0.6785088134602327,-0.542273372032943,REIT—Mortgage,Real Estate,AAIC
2018Q1,2018,Q1,2018-05-04,2018-03-31,-56383000.0,30860000.0,0.0,-2.0,0.0,0.0,4460519000.0,319005000.0,0.0,0.0,4141514000.0,0.0,-1664212000.0,311294880.0,312387880.0,11.313437599744654,0.0,0.016575649604900235,0.23177066190185105,0.0,11.313437599744654,-0.1767464459804705,10.087325988334413,-1.380269230087083,0.9758307236563689,-0.27653725413688524,0.0,0.05008755685284642,0.006918477423815479,0.0,-0.012640457310012579,23.25352057966684,0.0,-9.0,-9.765680486081397,3.770673891044803,-0.7113271771958979,0.0,-8.786631680707085,0.0,-0.08894246645251529,1.9620291366221172,-0.5444547432331978,REIT—Mortgage,Real Estate,AAIC
2017Q4,2017,Q4,2018-02-16,2017-12-31,7241000.0,25895000.0,0.0,0.25,0.0,0.0,4160529000.0,386317000.0,0.0,0.0,3774212000.0,0.0,-1596013000.0,332101760.0,325264760.0,13.703071793416573,0.0,0.01775735729759365,0.19124190755260576,0.0,13.703071793416573,0.018743674236443127,12.824937632747634,11.46601850573125,0.85966126264182,2.163927634304654,0.0,0.04718132177318181,0.006223968154049641,0.0,0.0017404036842430374,14.384794906224283,0.0,-0.7058823529411765,-0.9806850914431493,-0.3356563155199573,-0.6105508493731843,0.0,-0.6833566555885954,0.0,1.1800861033487016,26.392573453683937,-0.5096807194810244,REIT—Mortgage,Real Estate,AAIC
2017Q3,2017,Q3,2017-11-03,2017-09-30,22868000.0,28235000.0,0.0,0.85,0.0,0.0,4215599000.0,392572000.0,0.0,0.0,3823027000.0,0.0,-1587075000.0,335779210.0,323918210.0,14.883117867839406,0.0,0.017512102076122516,0.1880521280172809,0.0,14.883117867839406,0.058251734713632146,11.892304232335754,3.6708414596816517,0.855331531540711,0.6328056673080287,0.0,0.04309677183408705,0.006697743310025456,0.0,0.005424614627719572,15.335885361954784,0.0,2.1486486486486487,1.7696875076896468,0.24111347337296235,-0.5035776283358615,0.0,2.275546630968318,0.0,0.3886190460228242,-0.056561995371601524,-0.5618598088827939,REIT—Mortgage,Real Estate,AAIC
2017Q2,2017,Q2,2017-08-04,2017-06-30,-17928000.0,2963000.0,0.0,-0.74,0.0,0.0,4368891000.0,354627000.0,0.0,0.0,4014264000.0,0.0,-1593980000.0,332440730.0,267561730.0,14.582301903861179,0.0,0.016884834160431104,0.20801574612198168,0.0,14.582301903861179,-0.050554526305103674,112.19734390820115,-4.635775462962963,0.937437730347661,-0.8318273092369478,0.0,0.04485912421140454,0.0006782041483754115,0.0,-0.004103558546093277,12.25723508590812,0.0,-4.363636363636363,-4.3442259691304566,-0.8098820699865623,-0.35851379372861153,0.0,-4.412257327750286,0.0,-1.7724589919213047,-0.9318610727180433,-0.5376809422223405,REIT—Mortgage,Real Estate,AAIC
2017Q1,2017,Q1,2017-05-01,2017-03-31,5254000.0,18515000.0,0.0,0.22,0.0,0.0,4720492000.0,374481000.0,0.0,0.0,4346011000.0,0.0,-1536949000.0,334202760.0,328357760.0,15.832952815829529,0.0,0.015615321453780666,0.19683775678872895,0.0,15.832952815829529,0.014030084303342493,18.050378611936267,15.902301103920824,0.892442500420582,2.831556909021698,0.0,0.044514892695679716,0.003922260645712354,0.0,0.001113019575078191,20.984726861735528,0.0,1.1594202898550725,-0.8376591044656595,-0.5989059743038445,-0.43683639173250943,0.0,1.1267979534704122,0.0,-0.46911846495739,-0.16039469333821907,-0.5719798070140062,REIT—Mortgage,Real Estate,AAIC
2016Q4,2016,Q4,2017-02-21,2016-12-31,-41436000.0,83478000.0,0.0,-1.38,0.0,0.0,4141554000.0,383416000.0,0.0,0.0,3758138000.0,0.0,-1527104000.0,340771080.0,348484080.0,16.67461076802644,0.0,0.01778462866836941,0.1921046591691531,0.0,16.67461076802644,-0.10807060738206022,4.0821663192697475,-2.056008543295685,0.8887763682266782,-0.35010618785597064,0.0,0.04257110081055,0.02015620223713128,0.0,-0.010004940174630102,14.046623248145094,0.0,-2.7037037037037033,-3.0422201356123724,1.5525920979300396,-0.2848100381163539,0.0,-3.202519534364535,0.0,-1.7510996002790147,6.294542683965882,-0.4962516651678262,REIT—Mortgage,Real Estate,AAIC
2016Q3,2016,Q3,2016-11-04,2016-09-30,18813000.0,38986000.0,0.0,0.81,0.0,0.0,4034597000.0,434188000.0,0.0,0.0,3600409000.0,0.0,-1470481000.0,340732020.0,251035020.0,18.846601267471133,0.0,0.01824246634794008,0.16951412752079745,0.0,18.846601267471133,0.043329156955051726,8.739855845688195,4.527879923457183,0.7847568795084158,0.7690958379843725,0.0,0.04246445637835857,0.00966292296355745,0.0,0.004662919245714008,16.456509055783627,0.0,0.4464285714285714,1.5434229755487943,2.682044173775196,-0.21255255571715587,0.0,0.45905072126570495,0.0,3.4009142656307145,1.9441681550280843,-0.4068682769143641,REIT—Mortgage,Real Estate,AAIC
2016Q2,2016,Q2,2016-08-05,2016-06-30,12894000.0,10701000.0,0.0,0.56,0.0,0.0,3985044000.0,432483000.0,0.0,0.0,3552561000.0,0.0,-1474259000.0,299269030.0,230587030.0,18.801156370908142,0.0,0.018455254195436737,0.17005292693585644,0.0,18.801156370908142,0.02981388863839735,27.966454536959162,5.802486233907244,0.6919787136141767,1.12036606173414,0.0,0.048270948717947855,0.00268529030043332,0.0,0.0032355979005501572,13.363804143967133,0.0,1.4057971014492754,46.57160771671922,-0.14090361615236885,-0.3089501056434102,0.0,1.407805680308685,0.0,1.9228929628873381,-0.19893412057915846,-0.42075861396862124,REIT—Mortgage,Real Estate,AAIC
2016Q1,2016,Q1,2016-05-10,2016-03-31,-31618000.0,28754000.0,0.0,-1.38,0.0,0.0,3791289000.0,433673000.0,0.0,0.0,3357616000.0,0.0,-1472688000.0,288114820.0,236651820.0,18.860267895972864,0.0,0.019383644981957323,0.16945717164776225,0.0,18.860267895972864,-0.07290746714690562,10.019990957779788,-2.2780917515339363,0.6643595981303885,-0.456954899108103,0.0,0.050146674162752196,0.007584227949913604,0.0,-0.008339643851998622,13.580712703275983,0.0,-2.6829268292682924,-1.5324382849299625,-0.5885551666585804,-0.34289951088259424,0.0,-2.680825049173356,0.0,-7.027819357783499,4.450928111749366,-0.5187628230260489,REIT—Mortgage,Real Estate,AAIC
2015Q4,2015,Q4,2016-02-16,2015-12-31,18811000.0,27269000.0,0.0,0.82,0.0,0.0,4204806000.0,484031000.0,0.0,0.0,3720775000.0,0.0,-1426655000.0,304739820.0,1100523820.0,21.013762264478597,0.0,0.20505107726729843,1.7812908677336783,0.0,21.013762264478597,0.03886321330658574,11.175320693828157,4.050021529955877,0.6295874024597599,0.7699218542342247,0.0,0.0475257877359119,0.006485198128046811,0.0,0.004473690343858908,10.229601208459215,0.0,1.3580786026200873,-0.2209625110442108,-0.2756536163466961,-0.25725079952307545,0.0,1.3574197225916778,0.0,-0.9385866883967593,-0.1437459639842387,-0.4027768380147584,REIT—Mortgage,Real Estate,AAIC
2015Q3,2015,Q3,2015-11-02,2015-09-30,-52630000.0,40575000.0,0.0,-2.29,0.0,0.0,4182234000.0,478008000.0,0.0,0.0,3704226000.0,0.0,-1431028000.0,323445050.0,606458050.0,20.76399808870162,0.0,0.09176913582549422,0.8029154323777008,0.0,20.76399808870162,-0.11010275978644708,7.9715354282193465,-1.5364100798023943,0.6766519597998361,-0.38371651149534486,0.0,0.062437189871973615,0.009701752699633736,0.0,-0.012584183477060347,9.084769541892538,0.0,-8.896551724137932,-4.438571653250519,0.7673069203957165,-0.15748516576734967,0.0,-8.97303438872898,0.0,-8.303603249218373,1.0435414033837833,-0.30742245892598885,REIT—Mortgage,Real Estate,AAIC
2015Q2,2015,Q2,2015-07-31,2015-06-30,6601000.0,16079000.0,0.0,0.29,0.0,0.0,4694670000.0,545388000.0,0.0,0.0,4149282000.0,0.0,-1367966000.0,449469217.021,320123217.021,23.734192088428564,0.0,0.016039466032756296,0.1380668441549869,0.0,23.734192088428564,0.012103309937145664,27.95380415579327,17.022769922019393,0.8241274414196866,3.0622632934403877,0.0,0.044973046505775646,0.0034249478664102055,0.0,0.001406062619949858,18.734909633654286,0.0,1.1576086956521738,-0.7441063785152717,-0.549855333117353,0.020459008225331855,0.0,1.1564774208842006,0.0,0.3031310466467437,0.09185520409063276,0.044084599406836115,REIT—Mortgage,Real Estate,AAIC
2015Q1,2015,Q1,2015-05-06,2015-03-31,-42185000.0,-26135000.0,0.0,-1.84,0.0,0.0,4366617000.0,570533000.0,0.0,0.0,3796084000.0,0.0,-1354852000.0,552730357.0270001,399678357.02700007,24.834936664780393,0.0,0.0172444709485627,0.13198184855214334,0.0,24.834936664780393,-0.07393963188807659,-21.149047523512532,-3.275633264353443,0.9687964710665291,-0.4787246651653431,0.0,0.03653680269819793,-0.0059851825795575846,0.0,-0.009660796905247243,24.942705642012637,0.0,-0.28671328671328683,-4.069606618600692,-1.9436199579321392,0.22895351141451836,0.0,-0.28750190752327176,0.0,-2.341980113319197,-1.5829014544903373,-0.11664408364501559,REIT—Mortgage,Real Estate,AAIC
2014Q4,2014,Q4,2015-02-09,2014-12-31,-32765000.0,-831000.0,0.0,-1.43,0.0,0.0,4014489000.0,642032000.0,0.0,0.0,3372457000.0,0.0,-1298018000.0,611311552.973,457052552.97300005,27.947242415008922,0.0,0.00996390823340156,0.062302190545019565,0.0,27.947242415008922,-0.051033281830189146,-735.6336377533094,-4.664364054425454,0.9521512213923917,-0.6163589195788188,0.0,0.033035528122747515,-0.00020700019354891744,0.0,-0.008161686331685054,27.250548431908353,0.0,-3.3442622950819674,-3.346119983455324,-1.063072158969421,0.4406486477522882,0.0,-3.5504008717988635,0.0,-2.6163362616759356,-1.0254335640664436,0.19868388627514114,REIT—Mortgage,Real Estate,AAIC
2014Q3,2014,Q3,2014-10-31,2014-09-30,12847000.0,23347000.0,0.0,0.61,0.0,0.0,3764696000.0,698977000.0,0.0,0.0,3065719000.0,0.0,-1245058000.0,522861570.0,436552570.0,33.96884871458425,0.0,0.010625027890698214,0.05722648956975694,0.0,33.96884871458425,0.018379717787566686,22.395235790465584,10.174779520510626,0.7480383045507935,1.3503541682883164,0.0,0.03317895403940282,0.00620156315410328,0.0,0.0034124933327949985,18.766117651281316,0.0,-0.351063829787234,-0.9943321592514519,-0.9810166361083792,-0.9044634654414649,0.0,-0.31806359148574764,0.0,1.4154745069654995,2.127775143180812,0.41928418423631886,REIT—Mortgage,Real Estate,AAIC
2014Q2,2014,Q2,2014-08-01,2014-06-30,18839000.0,35297000.0,0.0,0.94,0.0,0.0,3431738000.0,622632000.0,0.0,0.0,2809106000.0,0.0,-1237710000.0,539494200.0,442860200.0,31.541641337386018,0.0,0.01165590147033369,0.06424340541443421,0.0,31.541641337386018,0.03025703786506315,15.284420772303596,7.159273315993418,0.8664736152333963,0.9187324167949467,0.0,0.03208190189996482,0.010285458854959207,0.0,0.00548963819499041,46.88400104284349,0.0,1.2926829268292683,1.2283903016478896,-0.24434564995685257,1.6477142881014426,0.0,1.6786577562917673,0.0,79.99446485631896,2.302118489672292,0.15933549426572916,REIT—Mortgage,Real Estate,AAIC
2014Q1,2014,Q1,2014-05-02,2014-03-31,7033000.0,15671000.0,0.0,0.41,0.0,0.0,2641279000.0,621747000.0,0.0,0.0,2019532000.0,0.0,-1239201000.0,445075840.0,308514840.0,36.991135173726796,0.0,0.01514417825606458,0.06433485002742273,0.0,36.991135173726796,0.011311675006071602,28.40124050794461,15.820981089151145,0.7158471854307299,2.0801933740935588,0.0,0.032870802423245436,0.005933110436269701,0.0,0.002662725141872555,54.62393716249387,0.0,-0.826271186440678,-0.9686170045783798,-0.856831551120316,1.315255105616903,0.0,-0.8241618121359102,0.0,-0.8379780011371649,-0.6932330680018294,0.2887883220817916,REIT—Mortgage,Real Estate,AAIC
2013Q4,2013,Q4,2014-02-10,2013-12-31,39997000.0,8297000.0,0.0,2.36,0.0,0.0,2194966000.0,551828000.0,0.0,0.0,1643138000.0,0.0,-1228926000.0,439947673.329,385815673.329,33.10107372083258,0.0,0.018223516901856338,0.07248635444377596,0.0,33.10107372083258,0.07248091796719268,53.024909404483545,2.7498791992461933,0.7972550746410114,0.36577743330749807,0.0,0.03325395470169801,0.003780012993367551,0.0,0.0182221501380887,22.20051840990059,0.0,12.11111111111111,1.068068162783762,-0.92137677545467,17.563334610524638,0.0,11.931458131264145,0.0,1.2886617055210026,-0.6954869666959029,0.1699854472340568,REIT—Mortgage,Real Estate,AAIC
2013Q3,2013,Q3,2013-11-01,2013-09-30,3093000.0,9581000.0,0.0,0.18,0.0,0.0,2220099000.0,529653000.0,0.0,0.0,1690446000.0,0.0,-1246409000.0,396388836.66899997,356172836.66899997,31.77473153758474,0.0,0.01801721454763954,0.07552114308802178,0.0,31.77473153758474,0.005839672389281284,41.37238666830184,32.039188220902034,0.7483934513143511,4.731005496281927,0.0,0.03691577220732662,0.004315573314523361,0.0,0.0013931811148962276,26.700042884884816,0.0,-0.05263157894736847,1.0083049866729534,-0.9280379337684462,-0.10339379844457261,0.0,-0.03162179085785848,0.0,-0.7209132187746625,-0.4236597799504346,0.28928362253808865,REIT—Mortgage,Real Estate,AAIC
2013Q2,2013,Q2,2013-08-02,2013-06-30,3194000.0,9672000.0,0.0,0.19,0.0,0.0,2460053000.0,540592000.0,0.0,0.0,1919461000.0,0.0,-1234872000.0,450184666.655,419315666.655,32.458240768537976,0.0,0.016259812288597034,0.07399295587060112,0.0,32.458240768537976,0.0059083375262675,46.54514750361869,35.23674598113651,0.8327623543356172,4.567000626174076,0.0,0.03240225862952098,0.003931622611382763,0.0,0.0012983460112444732,29.918566269356017,0.0,-0.1739130434782609,1.057778009414382,-0.9110561457308438,-0.2872117968830167,0.0,0.0053509600251809885,0.0,-0.8291672516823557,-0.6264094777440685,0.39555220839178423,REIT—Mortgage,Real Estate,AAIC
2013Q1,2013,Q1,2013-05-03,2013-03-31,3177000.0,3195000.0,0.0,0.23,0.0,0.0,2211410000.0,545816000.0,0.0,0.0,1665594000.0,0.0,-1223433000.0,354442163.927,264739163.927,39.19121131614849,0.0,0.0067830026996350745,0.027481788734665162,0.0,39.19121131614849,0.005820642854002081,110.93651453114241,27.891262506059174,0.6493803111799581,0.0,0.0,0.0,0.0014447795750222709,0.0,0.0014366399717827087,30.403342247984217,0.0,-0.9825889477668432,-0.9618680422601903,-0.9812577574882945,-0.14209199451027074,0.0,-0.9819280192494753,0.0,-0.618669080215096,-0.8097145363188839,0.9393718378945177,REIT—Mortgage,Real Estate,AAIC
2012Q4,2012,Q4,2013-02-08,2012-12-31,175797000.0,18278000.0,0.0,13.21,0.0,0.0,2074158000.0,465156000.0,0.0,0.0,1609002000.0,0.0,-1212022000.0,274579400.0,168090400.0,35.185779122541604,0.0,0.00723185022548909,0.032247246085184325,0.0,35.185779122541604,0.3779312746691433,15.022398511872195,0.39047793762123356,0.590295298781484,0.13184525333196812,0.0,0.08441274181530006,0.008812250561432639,0.0,0.08475583827268704,36.87114274204377,0.0,41.612903225806456,1.3708169848726715,-0.8594315358841274,-0.32619077916267925,0.0,55.29106628242075,0.0,20.87448128814129,1.4107468271741594,0.8137870048236768,REIT—Mortgage,Real Estate,AAIC
2012Q3,2012,Q3,2012-11-02,2012-09-30,3123000.0,8605000.0,0.0,0.31,0.0,0.0,1595786000.0,299118000.0,0.0,0.0,1296668000.0,0.0,-1376248000.0,239747319.977,73109319.977,29.980755738197853,0.0,0.009399756608968872,0.05014743345435581,0.0,29.980755738197853,0.010440695645196878,27.8613968596165,19.192068522014086,0.8015141849604503,2.7428754402817805,0.0,0.035729283650894506,0.005392327041345143,0.0,0.001957029325987319,28.684771473677912,0.0,0.40909090909090906,1.0122365509936115,-0.8838252501333987,-0.6395811750556257,0.0,0.4566231343283582,0.0,-0.9971583539329232,-0.985569710316356,-0.9156798768560092,REIT—Mortgage,Real Estate,AAIC
2012Q2,2012,Q2,2012-08-03,2012-06-30,2144000.0,6233000.0,0.0,0.22,0.0,0.0,1379465000.0,221092000.0,0.0,0.0,1158373000.0,0.0,-1367764000.0,211151450.274,116940450.27399999,22.732058400164508,0.0,0.010873780777330342,0.06784505997503301,0.0,22.732058400164508,0.009697320572431386,33.87637578597786,24.62120455620336,0.9550388538436487,3.8801305970149254,0.0,0.03939826124426271,0.0045184183723400015,0.0,0.0015542257324397501,27.637624381413612,0.0,-0.8394160583941607,-0.8215967740299452,-0.9803205976355726,-0.8055338048665659,0.0,-0.8007805240661587,0.0,1.0527542527939293,-0.7291708530371386,0.908207476594812,REIT—Mortgage,Real Estate,AAIC
2012Q1,2012,Q1,2012-04-20,2012-03-31,10762000.0,15350000.0,0.0,1.37,0.0,0.0,1072644000.0,221119000.0,0.0,0.0,851525000.0,0.0,-1361342000.0,174603007.865,94878007.86500001,28.11430387794024,0.0,0.01398413639567275,0.06783677567282775,0.0,28.11430387794024,0.04867062531939815,11.374788785993486,4.056007430426501,0.7896336717559324,0.6304590224865266,0.0,0.038859582563698127,0.01431043291157178,0.0,0.010033151726015342,78.2973129439462,0.0,0.5568181818181819,1.0636217569225437,0.279969254658475,-0.7543725453819364,0.0,0.5507204610951009,0.0,-0.8973724228338963,-0.7003072054805957,0.75965904502704,REIT—Mortgage,Real Estate,AAIC
2011Q4,2011,Q4,2012-02-23,2011-12-31,6940000.0,11186000.0,0.0,0.88,0.0,0.0,955060000.0,183372000.0,0.0,0.0,771688000.0,0.0,-1363785000.0,167760450.0,91663450.0,23.314939605848696,0.0,0.01570581952966306,0.08180092925855638,0.0,23.314939605848696,0.03784656327029209,14.997358305024138,6.043243876080691,0.9148640468555722,0.9776657060518732,0.0,0.04044457439163999,0.011712353150587398,0.0,0.007266559169057441,18.7714501510574,0.0,1.5866666666666667,1.0015901540597318,-0.9300652605202017,-0.8279320047107094,0.0,1.5960663059348965,0.0,1.0250345048347496,-0.775318403648579,12.075195958225146,REIT—Mortgage,Real Estate,AAIC
2011Q3,2011,Q3,2011-10-28,2011-09-30,-11643000.0,-7795000.0,0.0,-1.5,0.0,0.0,948678000.0,185439000.0,0.0,0.0,763239000.0,0.0,-1363940000.0,186339392.252,109739392.252,23.93378936499742,0.0,0.015811476602176924,0.08088913335382525,0.0,23.93378936499742,-0.06278614530923916,-23.90498938447723,-4.001103501073606,1.004855463262852,-0.5827535858455725,0.0,0.03641205393019723,-0.008216697340931275,0.0,-0.012272868138609729,22.47218912831645,0.0,-151.0,0.808135289451133,-1.105004074405865,-0.8230275416711379,0.0,-128.94505494505495,0.0,0.9327420150243674,-1.1259588939887606,-0.3246462540212172,REIT—Mortgage,Real Estate,AAIC
2011Q2,2011,Q2,2011-07-29,2011-06-30,91000.0,4182000.0,0.0,0.01,0.0,0.0,918379000.0,210117000.0,0.0,0.0,708262000.0,0.0,-1345512000.0,242424962.277,202721962.277,27.206655444775347,0.0,0.016333126084111242,0.07138879766986965,0.0,27.206655444775347,0.00043309203919720917,57.96866625466284,666.0026436181319,1.1537617721412357,63.78021978021978,0.0,0.023941428908497566,0.004553675552250214,0.0,9.908763157694155e-05,11.315050748051343,0.0,-0.996124031007752,1.003336454498645,-0.9606707818764748,-0.8165743108550503,0.0,-0.99540055597675,0.0,1.0035499943187243,-0.9170641523130453,-0.4025374577262459,REIT—Mortgage,Real Estate,AAIC
2011Q1,2011,Q1,2011-04-29,2011-03-31,19785000.0,23284000.0,0.0,2.58,0.0,0.0,803308000.0,219888000.0,0.0,0.0,583420000.0,0.0,-1338818000.0,233200847.66099998,214223847.66099998,28.702258190836705,0.0,0.01867278802153097,0.06821654660554465,0.0,28.702258190836705,0.08997762497271339,10.015497666251502,2.9466874862395755,1.0605437661946082,0.23527925195855445,0.0,0.019961333960358894,0.02898514641955514,0.0,0.024629407400399348,-20.47058002642205,0.0,1.457142857142857,-0.16977578067885057,-0.8599224992054912,-0.8118098659622931,0.0,1.4635786327979081,0.0,-0.5683019806803661,-0.7516978989513652,-0.3716984943661121,REIT—Mortgage,Real Estate,AAIC
2010Q4,2010,Q4,2011-02-11,2010-12-31,8031000.0,12521000.0,0.0,1.05,0.0,0.0,455333000.0,216744000.0,0.0,0.0,238589000.0,0.0,-1352799000.0,183787390.0,186375390.0,28.291867902362615,0.0,0.03294292309145175,0.06920606798804119,0.0,28.291867902362615,0.037052928800797254,14.678331602907116,5.7211863404308305,0.8479468405123094,0.5812476652969742,0.0,0.025398913385733378,0.027498556001871156,0.0,0.01763764102316327,22.228760280599904,0.0,0.6153846153846154,1.0329467943550537,-0.9683250513196526,-0.8148165490988688,0.0,0.5576027928626842,0.0,1.0292323532084244,-0.8338332081832247,-0.4582094828444333,REIT—Mortgage,Real Estate,AAIC
2010Q3,2010,Q3,2010-11-05,2010-09-30,5156000.0,7734000.0,0.0,0.65,0.0,0.0,465621000.0,191124000.0,0.0,0.0,274497000.0,0.0,-1356175000.0,180769042.245,188486042.245,24.645261121856866,0.0,0.03425103249209121,0.08344320964400076,0.0,24.645261121856866,0.026977250371486575,23.373292247866562,8.764984592949961,0.9458207354649338,0.541311093871218,0.0,0.01543959057003411,0.016610075576488175,0.0,0.011073383717658782,575.697586767516,0.0,-0.4090909090909091,-0.7551380019385725,-0.953880241064097,-0.8499641767943326,0.0,-0.41228770090049016,0.0,1.0259907085291313,-0.8656668467483868,-0.7037227436308496,REIT—Mortgage,Real Estate,AAIC
2010Q2,2010,Q2,2010-08-06,2010-06-30,8773000.0,12148000.0,0.0,1.1,0.0,0.0,405815000.0,181764000.0,0.0,0.0,224051000.0,0.0,-1356663000.0,147156450.0,154504450.0,23.258349328214972,0.0,0.03924694750070845,0.08762461213441605,0.0,23.258349328214972,0.048265883233203494,12.113635989463287,4.193447224438618,0.8096017363174225,0.0,0.0,0.0,0.02993482251764967,0.0,0.021618225053287827,-141.7692196531792,0.0,0.8644067796610172,-0.8214549823706321,-0.9368236337083655,-0.8703399401448763,0.0,0.8964548205793342,0.0,-0.09148660590046152,-0.9522663279922957,-0.801031537957447,REIT—Mortgage,Real Estate,AAIC
2010Q1,2010,Q1,2010-05-07,2010-03-31,4626000.0,9323000.0,0.0,0.59,0.0,0.0,340620000.0,156270000.0,0.0,0.0,184350000.0,0.0,-1362657000.0,137802060.0,147834060.0,20.20819862925126,0.0,0.04670013504785391,0.10179177065335637,0.0,20.20819862925126,0.029602610865809176,14.780870964281883,7.447149805447471,0.881820311000192,0.0,0.0,0.0,0.027370677000763313,0.0,0.013581116787035406,15.60258831521739,0.0,-0.016666666666666684,-0.7937661336334982,-0.9377339895041641,-0.8834212446122156,0.0,-0.01595405232929164,0.0,1.0278143564218019,-0.20932581600081657,-0.8234461570427157,REIT—Mortgage,Real Estate,AAIC
2009Q4,2009,Q4,2010-02-24,2009-12-31,4701000.0,4435000.0,0.0,0.6,0.0,0.0,313649000.0,150013000.0,0.0,0.0,163636000.0,0.0,-1364476000.0,117773590.0,124507590.0,19.399068925384714,0.0,0.05374479115189272,0.11237026124402552,0.0,19.399068925384714,0.03133728410204449,26.555488162344982,6.263220059561796,0.785089225600448,0.0,0.0,0.0,0.014140010011190854,0.0,0.014988091784128119,-36.8157517974367,0.0,-0.9944237918215614,-0.9409159581291685,-0.980309745377245,-0.8965726437633905,0.0,-0.8892240262035488,0.0,0.3789758281055422,-0.9717991312475629,-0.8568317586534784,REIT—Mortgage,Real Estate,AAIC
2009Q3,2009,Q3,2009-11-09,2009-09-30,42437000.0,23026000.0,0.0,107.6,0.0,0.0,283325000.0,136979000.0,0.0,0.0,146346000.0,0.0,-1369177000.0,3775450.0000000005,7292450.0,355.55872809863723,0.0,0.0593523338921733,0.12276334328619716,0.0,355.55872809863723,0.3098066126924565,0.16396464865803875,0.022241499163465846,0.027562254068141834,0.0,0.0,0.0,0.08127062560663549,0.0,0.14978205241330628,-0.9529151943462899,0.0,26.619047619047617,9.016990921560614,1.0555422345274927,0.9304995369921525,0.0,2.319681562334795,0.0,15.064420571412107,5.238145447968447,1.6290906647621892,REIT—Mortgage,Real Estate,AAIC
2009Q2,2009,Q2,2009-08-10,2009-06-30,-32157000.0,18210000.0,0.0,-4.2,0.0,0.0,269587000.0,91676000.0,0.0,0.0,177911000.0,0.0,-1411614000.0,58486560.0,73430560.0,11.912781329590935,0.0,0.1920530292632805,0.5647606789126925,0.0,11.912781329590935,-0.3507679218115974,3.2117825370675455,-0.4546954006903629,0.6379702430298005,0.0,0.0,0.0,0.06754776751104467,0.0,-0.11928245798202436,-1.794451569355383,0.0,-1.3134328358208955,-1.4305222268169338,-0.8890928419838534,-0.9303894476010333,0.0,-1.3166180930250877,0.0,-0.18321288025538632,-0.8281360540799747,-0.9196847209151199,REIT—Mortgage,Real Estate,AAIC
2009Q1,2009,Q1,2009-05-07,2009-03-31,101564000.0,49607000.0,0.0,13.4,0.0,0.0,399270000.0,121705000.0,254380000.0,0.0,151973000.0,0.0,-1379457000.0,30469800.0,-142360200.0,15.977131454751918,0.0,0.12957647707065395,0.42509346370321677,0.0,15.977131454751918,0.8345096750338934,0.6142237990606164,0.07500147690126423,0.2503578324637443,0.0,0.0,0.0,0.124244245748491,0.0,0.2543742329751797,-0.8048656787384103,0.0,1.3804017041996348,0.22791603932957813,-0.7570566080340653,-0.9217542120239298,0.0,1.3782757028142365,0.0,3.286225253886394,-0.6998560402312185,-0.8952438344740506,REIT—Mortgage,Real Estate,AAIC
2008Q4,2008,Q4,2009-03-16,2008-12-31,-268492000.0,48219000.0,0.0,-35.22592,0.0,0.0,1560291000.0,13583000.0,309682000.0,10389000.0,1417035000.0,0.0,-1481021000.0,25899330.0,33928330.0,1.7831426527249932,29.80864375782077,0.1683544928478085,19.339026724582197,0.0,1.7831426527249932,-19.766767282632703,0.537118770609096,-0.024115550928891737,1.9067459324155194,0.0,0.0,0.0,0.03090385062786365,27.779574550004813,-0.17207815721554504,10.974292372881356,0.0,-0.5725857142857145,-4.639111027220987,-0.7634693531181336,-0.9905294361795122,0.0,-0.5885032717634391,0.0,-0.1077729069848629,-0.8773207947373977,-0.9883285009310737,REIT—Mortgage,Real Estate,AAIC
2008Q3,2008,Q3,2008-11-07,2008-09-30,-169022000.0,60424000.0,0.0,-22.4,0.0,0.0,3505948000.0,268097000.0,746312000.0,0.0,3017944000.0,0.0,-1212529000.0,302602000.0,388798000.0,35.43889333183522,0.0,0.0893789639777886,1.168823224429964,0.0,35.43889333183522,-0.6304509188838369,5.00797696279624,-0.4475778301049568,1.128703417046815,0.0,0.0,0.0,0.01723471083997823,0.0,-0.048210070428882576,-22.40832345971564,0.0,-5.588235294117648,-3.660771975854339,-0.6655211550010267,-0.7749388590244055,0.0,-5.747115883597461,0.0,-9.228519752586802,-0.6306293939890211,-0.7842545263265959,REIT—Mortgage,Real Estate,AAIC
2008Q2,2008,Q2,2008-08-08,2008-06-30,-25051000.0,49278000.0,0.0,-3.4,0.0,0.0,4200230000.0,343686000.0,581346000.0,0.0,3622299000.0,0.0,-1043507000.0,226422000.0,128533000.0,45.5370061213133,0.0,0.0761984462755611,0.9312308327950513,0.0,45.5370061213133,-0.07288920700872308,4.594788749543407,-2.2596103947946187,0.6588048393009899,0.0,0.0,0.0,0.011732214664435043,0.0,-0.005964197198724832,-39.961524885280625,0.0,-1.5666666666666667,-1.3825258131849976,-0.6564262777038394,-0.7285098311390024,0.0,-1.555429914416212,0.0,-1.5279056230769823,-0.7346405564379902,-0.7461414455517698,REIT—Mortgage,Real Estate,AAIC
2008Q1,2008,Q1,2008-05-12,2008-03-31,45102000.0,92282000.0,0.0,6.0,0.0,0.0,3490736000.0,344408000.0,494373000.0,0.0,2902166000.0,0.0,-1018457000.0,256332800.0,239197800.0,45.682300509337864,0.0,0.09164428361239578,0.9288576339690134,0.0,45.682300509337864,0.13095514622192284,2.7777117964500118,1.4208505166068024,0.7442707486469535,0.0,0.0,0.0,0.026436258714494593,0.0,0.012920484390684371,-4.025010599042161,0.0,1.1680180451380477,1.4589445198232078,-0.39879631806791505,-0.8937764263590551,0.0,1.1668207810269196,0.0,1.0624000081231446,-0.36782822699186335,-0.7364641037860444,REIT—Mortgage,Real Estate,AAIC
2007Q4,2007,Q4,2008-02-29,2007-12-31,-270362000.0,74154000.0,0.0,-35.71045,0.0,0.0,2944955000.0,393691000.0,924856000.0,66972000.0,2308203000.0,0.0,-1063783000.0,473461752.4608,168657752.4608,52.2192009762309,13.809592068327062,0.13159997351402652,0.9844167125994753,0.0,52.2192009762309,-0.6867365522706894,6.384844411101222,-0.4378035305079856,1.2026227484519585,-0.029597354657829134,0.0,0.016901048412907484,0.025180011239560537,11.463253299886519,-0.09180513793928939,2.2278875588699205,0.0,-0.394939453125,-9.361307657424053,-0.6024668506120946,-0.49895850787658613,0.0,-0.25915507388795483,0.0,-4.485365614455458,-0.6623124599346176,-0.7215900452473581,REIT—Mortgage,Real Estate,AAIC
2007Q3,2007,Q3,2007-11-09,2007-09-30,-214717000.0,62315000.0,0.0,-25.6,0.0,0.0,5119269000.0,698214000.0,4284279000.0,0.0,4168985000.0,0.0,-793417000.0,812510185.1811,3645155185.1811,83.18310161192323,0.0,0.6886494927303097,5.049142526503336,0.0,83.18310161192323,-0.307523194894402,13.038757685647116,-0.9460245173659981,1.1636979281153055,-0.04082117391729579,0.0,0.010787557079110796,0.012172636366637502,0.0,-0.04194290239485364,-3.482072096978671,0.0,-22.333333333333336,-4.9243651063422895,-0.7877713640670667,-0.17800386538783752,0.0,-21.059510463378178,0.0,-3.3262063690216563,-0.7446771356490419,-0.5483588885410785,REIT—Mortgage,Real Estate,AAIC
2007Q2,2007,Q2,2007-08-09,2007-06-30,10704000.0,282104000.0,0.0,1.2,0.0,0.0,11319598000.0,1012635000.0,4839524000.0,3502397000.0,10052041000.0,0.0,-570704000.0,945977734.0116,7902649734.0116005,116.89465299903034,1.3817748244987647,0.6592647548084305,7.369498387869272,0.0,116.89465299903034,0.010570442459523915,3.3532942957618466,22.09402405669843,0.9341744399626716,0.8149289985052317,0.0,0.00922114727056888,0.02492173308628098,0.26745368957316945,0.0009456166199541715,0.8849506520926395,0.0,1.0555555555555556,-0.8403461888328464,0.02724783389064525,0.0,0.0,1.0575861586632092,0.0,-0.8726935667031148,0.5263111369623223,-0.31694361353416545,REIT—Mortgage,Real Estate,AAIC
2007Q1,2007,Q1,2007-05-10,2007-03-31,-185878000.0,13178000.0,0.0,-21.6,0.0,0.0,12270283000.0,989213000.0,6122876000.0,3440011000.0,11138322000.0,0.0,-572650000.0,954132017.285,8353026017.285,114.45912641018224,1.7799001224123994,0.639746695328869,7.935472946675792,0.0,114.45912641018224,-0.18790493048514323,72.40340091705873,-1.2832772265746888,0.9645364722107372,-0.046955529971271476,0.0,0.009147581091383646,0.00107397685937643,0.1973086713966903,-0.01514863186122113,-3.8665927115694005,0.0,-50.09090909090909,-5.766520906068044,-0.9355310198309389,0.0,0.0,-49.78687664041995,0.0,-2.980738259605334,-0.943117083646106,-0.43945228451170665,REIT—Mortgage,Real Estate,AAIC
