Quarters,Year,Quarter,FillingDate,Date,NetIncome,Revenue,OperatingIncome,EPSDiluted,GrossProfit,GrossProfitRatio,TotalAssets,CommonStockEquity,CurrentAssets,CurrentLiability,TotalLiability,Inventory,RetainedEarnings,MarketCap,EnterpriseValue,bookValuePerShare,currentRatio,debtToAssets,debtToEquity,roic,shareholdersEquityPerShare,roe,priceToSalesRatio,peRatio,pbRatio,payoutRatio,inventoryTurnover,dividendYield,assetTurnover,quickRatio,returnOnAssets,priceToFreeCashFlowsRatio,grossProfitMargin,epsdilutedGrowth,fiveYNetIncomeGrowthPerShare,fiveYRevenueGrowthPerShare,fiveYShareholdersEquityGrowthPerShare,grossProfitGrowth,netIncomeGrowth,operatingIncomeGrowth,threeYNetIncomeGrowthPerShare,threeYRevenueGrowthPerShare,threeYShareholdersEquityGrowthPerShare,Industry,Sector,Symbol
2023Q1,2023,Q1,2023-05-04,2023-03-31,4506000.0,86920000.0,5374000.0,0.35,16352000.0,0.1881270133,800990000.0,720293000.0,167082000.0,44250000.0,80697000.0,107174000.0,80969000.0,350354400.0,347936400.0,56.742791870174884,3.775864406779661,0.010028839311352202,0.011152406034766407,0.00526139015247124,56.742791870174884,0.006255787575333927,4.030768522779567,19.43821571238349,0.4864053933607574,0.0,0.6584432791535261,0.0,0.10851571180663928,1.2536949152542374,0.00562553839623466,-27.827990468625895,0.18812701334560517,0.16666666666666663,1.5791743723075247,0.64327475482569,0.7897448719791911,-0.36251997972788585,0.131592164741336,-0.5683534136546184,1.621796448336366,0.386631300175761,0.7168509927102668,Agricultural Inputs,Basic Materials,IPI
2022Q4,2022,Q4,2023-03-07,2022-12-31,3982000.0,66677000.0,12450000.0,0.3,25651000.0,0.3847053707,794203000.0,715078000.0,171679000.0,48876000.0,79125000.0,114816000.0,76463000.0,373763001.05,357455001.05,55.23366893460468,3.512541942875849,0.00277762738241986,0.0030849781422446223,0.011222186290750736,55.23366893460468,0.005568623283054436,5.605576151446526,23.46578359178805,0.5226884354573906,0.0,0.35731953734671124,0.0,0.08395460606419265,1.0639168508061216,0.0050138314763353954,-31.44300505173719,0.3847053706675465,-0.6907216494845361,3.819115946980984,0.9701218888060601,0.7480620000968021,-0.04180052297347777,-0.6962160512664022,-0.286696459264352,0.911522608102589,0.3642038855602637,0.6442454402762298,Agricultural Inputs,Basic Materials,IPI
2022Q3,2022,Q3,2022-11-03,2022-09-30,13108000.0,74752000.0,17454000.0,0.97,26770000.0,0.3581175086,807914000.0,728473000.0,198003000.0,49114000.0,79441000.0,96913000.0,72481000.0,524539920.0,477446920.0,54.954209414604705,4.031498147167814,0.0026190906457865563,0.0029047061455949636,0.017336619716784196,54.954209414604705,0.017993803476587328,7.017068707191781,10.004194385108331,0.7200540308288709,0.0,0.49510385603582596,0.0,0.09252469941107593,1.9247465081239565,0.016224499142235435,-18.441793059803818,0.3581175085616438,-0.4425287356321839,7.5612213995260555,1.2268241832321791,0.7242311021632736,-0.35973786802516083,-0.4471064619537709,-0.4510457619122504,59.86075968729229,0.42377526951077793,0.6439935221836329,Agricultural Inputs,Basic Materials,IPI
2022Q2,2022,Q2,2022-08-05,2022-06-30,23708000.0,91740000.0,31795000.0,1.74,41811000.0,0.4557553957,811024000.0,716839000.0,209225000.0,63012000.0,94185000.0,82644000.0,59373000.0,599911340.0,519843340.0,54.11739393024309,3.320399289024313,0.0022921639803507666,0.0025933298830002273,0.03290025465041272,54.11739393024309,0.03307297733521753,6.539255940701984,6.326043318710983,0.8368843492053306,0.0,0.6041454915057355,0.0,0.11311625796523901,1.93934488668825,0.02923218055199353,18.102333735666868,0.45575539568345325,-0.24675324675324678,4.806462388187701,0.990868826133424,0.6959706318599387,-0.11372307953196541,-0.2454967856915537,-0.20639476837060702,3.111585628335747,0.4280717609994814,0.6183664889570863,Agricultural Inputs,Basic Materials,IPI
2022Q1,2022,Q1,2022-05-03,2022-03-31,31422000.0,104399000.0,40064000.0,2.31,47176000.0,0.451881723,795815000.0,693268000.0,197694000.0,71803000.0,102547000.0,79297000.0,35665000.0,1080962400.0,1022780400.0,52.67993920972644,2.753283288999067,0.002459114241375194,0.0028228621543183877,0.04451776083430991,52.67993920972644,0.045324463266730904,10.354145154647075,8.600362803131565,1.5592273118043816,0.0,0.7216288131959595,0.0,0.13118501159189008,1.5754077127696615,0.03948405094148766,39.57394838001098,0.4518817230050096,1.1601941747572815,2.4312885153249,0.34579073325814846,0.0585547195697577,1.1591834866584283,1.1620709930987527,-0.9074065086309503,3.993782774772283,0.7743721252714381,0.5981035698387837,Agricultural Inputs,Basic Materials,IPI
2021Q4,2021,Q4,2022-03-08,2021-12-31,-193878000.0,59455000.0,432687000.0,-14.42,21849000.0,0.3674880161,766895000.0,663403000.0,156850000.0,73423000.0,103492000.0,78856000.0,4243000.0,561005631.13,526432631.13,50.52927923896577,2.1362515832913394,0.0024501398496534726,0.002832365847004008,-8.411355735672878,50.52927923896577,-0.2922476986085381,9.435802390547472,-0.7234003227931999,0.845648318035945,0.0,0.4768945926752562,0.0,0.0775269104636228,0.9921959059150403,-0.2528090546945801,45639.89839977221,0.36748801614666554,-49.06666666666667,-5.760029607975404,-0.18592693528033405,0.05460810911998251,1.0596719457013575,-49.1923937360179,105.05073529411764,-25.85991578246993,-0.13823433309475894,0.5562910955892167,Agricultural Inputs,Basic Materials,IPI
2021Q3,2021,Q3,2021-11-02,2021-09-30,4023000.0,59153000.0,4080000.0,0.3,10608000.0,0.1793315639105371,541824000.0,439220000.0,143184000.0,75091000.0,102604000.0,76828000.0,-219618000.0,405500700.0,381026700.0,33.469481063781146,1.9068064082246874,0.0021464534609024334,0.0026478757797914485,0.009240260357924203,33.469481063781146,0.00915941896999226,6.855116393082346,25.198900074571217,0.9232291334638678,0.0,0.6318659863591399,0.0,0.10917382766359555,0.8232278169154759,0.007424920269312544,186.35142463235294,0.1793315639105371,-0.7945205479452054,1.1275112420680076,-0.2163732260951254,-0.3297855934433669,-0.25290513416437777,-0.7936817272680651,-0.6037296037296037,0.173469751751795,0.5824046660728043,0.04806059106338528,Agricultural Inputs,Basic Materials,IPI
2021Q2,2021,Q2,2021-08-03,2021-06-30,19499000.0,67888000.0,10296000.0,1.46,14199000.0,0.20915331133631865,557120000.0,434535000.0,156363000.0,65697000.0,122585000.0,74760000.0,-223641000.0,417015540.0,394995540.0,33.19848727939491,2.3800630165760994,0.05605614589316485,0.07186992992509234,0.0220387090145512,33.19848727939491,0.04487325531890412,6.142698856940844,5.346627262936561,0.9596822810590632,0.0,0.718151417870519,0.0,0.12185525560022975,1.1986696500601246,0.03499964101091327,14.861036313745055,0.20915331133631865,7.111111111111112,1.8432517207997776,-0.24122521234020833,-0.3646549207589548,0.5589591567852438,6.955528355773154,2.589958158995816,20.882859006295583,0.2999769122084934,0.04846265832408647,Agricultural Inputs,Basic Materials,IPI
2021Q1,2021,Q1,2021-05-04,2021-03-31,2451000.0,71463000.0,2868000.0,0.18,9108000.0,0.12745056882582595,565180000.0,414439000.0,157016000.0,78920000.0,150741000.0,78919000.0,-243140000.0,425038240.0,445623240.0,31.748046575762217,1.9895590471363407,0.10010969956474043,0.1365219006898482,0.0060650918857191195,31.748046575762217,0.005914018709629161,5.947668583742636,43.35355365157079,1.0255749096972053,0.0,0.7901139142665264,0.0,0.12644290314590043,0.9527496198682209,0.004336671502884037,25.3769323541704,0.12745056882582595,4.6,1.0771907287002807,-0.434034408671973,-0.41195496295671974,0.56656346749226,4.452112676056338,6.66798418972332,0.36423037282462006,0.31379194597011356,0.001376592190436732,Agricultural Inputs,Basic Materials,IPI
2020Q4,2020,Q4,2021-03-02,2020-12-31,-710000.0,48442000.0,-506000.0,-0.05,5814000.0,0.12001981751372776,550188000.0,411259000.0,135788000.0,67217000.0,138929000.0,88673000.0,-245591000.0,314678967.75,352042967.75,31.562023102511592,2.02014371364387,0.10338102612198012,0.1383045720579975,-0.0011522437697516106,31.562023102511592,-0.0017264059874677515,6.495994545022914,-110.80245343309858,0.7651600761320724,0.0,0.48073257925185797,0.0,0.08804626782118112,0.6529151851466147,-0.0012904679854885965,30.54542494175888,0.12001981751372776,0.9358974358974358,0.9992040732124815,-0.34272618282633094,-0.4398160097338722,19.876623376623378,0.9302211302211302,0.9347096774193548,0.5005765000940277,0.42212592211543354,-0.001109752513441833,Agricultural Inputs,Basic Materials,IPI
2020Q3,2020,Q3,2020-11-03,2020-09-30,-10175000.0,38078000.0,-7750000.0,-0.78,-308000.0,-0.008088660118703713,547391000.0,411096000.0,126152000.0,64439000.0,136295000.0,85204000.0,-244881000.0,109770640.0,157907640.0,31.608180839612487,1.9576964260773755,0.1048519248580996,0.13961459123902933,-0.01644907895770146,31.608180839612487,-0.024750909763169675,2.8827837596512422,-2.697067321867322,0.2670194796349271,0.0,0.45051875498802874,0.0,0.06956270746139415,0.5447632644826891,-0.018588175545451058,-12.909636598847465,-0.008088660118703713,-0.1142857142857144,0.2697455004168615,-0.587213746633354,-0.746392271136682,0.48580968280467446,-0.14686654643823263,0.055914240467779264,-4.191004718109461,0.15612818155141037,-0.00826871922977454,Agricultural Inputs,Basic Materials,IPI
2020Q2,2020,Q2,2020-08-04,2020-06-30,-8872000.0,46450000.0,-8209000.0,-0.7,-599000.0,-0.012895586652314316,567828000.0,420208000.0,140931000.0,75730000.0,147620000.0,81041000.0,-234706000.0,128488140.0,166632140.0,32.37698981400151,1.8609665918394296,0.12802468353092838,0.17300003807638123,-0.016550336490578667,32.37698981400151,-0.02111335338689411,2.7661601722282025,-3.6206080928764655,0.30577271256139815,0.0,0.5805579891659777,0.0,0.08180294032700043,0.736696157401294,-0.015624449657290589,33.443034877667884,-0.012895586652314316,-0.16666666666666663,-0.0479228219629089,-0.6322285913762159,-0.7421773825086923,-1.1065267650720256,-0.19940516425577937,-0.2109455671928013,-0.45380132539092183,0.028789520634887905,0.014653882693502627,Agricultural Inputs,Basic Materials,IPI
2020Q1,2020,Q1,2020-05-07,2020-03-31,-7397000.0,63984000.0,-6779000.0,-0.6,5623000.0,0.08788134533633409,597686000.0,428242000.0,170316000.0,83275000.0,169444000.0,87860000.0,-225834000.0,103657600.0,138884600.0,33.05050473867811,2.0452236565595916,0.1331769524466024,0.18587153992368802,-0.013180489321433132,33.05050473867811,-0.017272943802803087,1.6200550137534384,-3.503366229552521,0.24205379201479538,0.0,0.6642499430912816,0.0,0.1070528672245962,0.9340978685079556,-0.012376063685614185,11.4399735128573,0.08788134533633409,-4.0,-1.6609321907879924,-0.6810258150387146,-0.7380866806761482,-0.4481844946025515,-4.5528338136407305,-3.334366391184573,0.6577892028957028,-0.16228303905120756,-0.3358806350173078,Agricultural Inputs,Basic Materials,IPI
2019Q4,2019,Q4,2020-03-03,2019-12-31,2082000.0,48849000.0,2904000.0,0.2,10190000.0,0.20860201846506582,578439000.0,434656000.0,145343000.0,87445000.0,143783000.0,94220000.0,-218437000.0,350653133.0,401807133.0,33.59210710374574,1.6621076104980272,0.12405283876087193,0.1650891739674593,0.005503707994692576,33.59210710374574,0.004789994846499301,7.17830729390571,42.105323366954856,0.8067371277516013,0.0,0.41030566758649967,0.0,0.08444969996836313,0.5214592029275544,0.0035993423679938595,44.52172841543931,0.20860201846506582,12.904761904761907,-0.7901377053042867,-0.709881320136377,-0.7321619492808156,0.46639804288386816,10.59447004608295,3.7219512195121953,1.0736591473466155,-0.3213332463152471,-0.2988914726747578,Agricultural Inputs,Basic Materials,IPI
2019Q3,2019,Q3,2019-11-05,2019-09-30,-217000.0,51160000.0,615000.0,-0.0168,6949000.0,0.13582877247849884,574119000.0,431780000.0,136771000.0,84648000.0,142339000.0,85363000.0,-220519000.0,422385900.00000006,478904900.00000006,33.427266393125336,1.6157617427464324,0.12112819816100844,0.161058872573996,0.001175228916681197,33.427266393125336,-0.000502570753624531,8.256174745895231,-486.61970046082956,0.9782433183565706,0.0,0.5179175989597367,0.0,0.08911044574382662,0.5450217370758907,-0.00037797042076642646,-229.0595986984816,0.13582877247849884,-1.042,0.8973429191179032,-0.7075258657989948,-0.731575421911,-0.4724014881178346,-1.0386740331491713,-0.9041608228143992,0.9930123740871369,-0.3114515644806485,-0.3306309271486505,Agricultural Inputs,Basic Materials,IPI
2019Q2,2019,Q2,2019-08-06,2019-06-30,5611000.0,62512000.0,6417000.0,0.4,13171000.0,0.21069554645508062,567649000.0,431022000.0,127284000.0,78774000.0,136627000.0,82200000.0,-220302000.0,434379520.00000006,490508520.00000006,33.43951713008938,1.6158123238632036,0.12619946481012034,0.1662026532288375,0.012621305755409833,33.43951713008938,0.013017896998297071,6.948738162272845,19.353926216360723,1.0077896719889008,0.0,0.6002554744525548,0.0,0.11012439024819914,0.5305049889557468,0.009884629410075592,-10.461178623895192,0.21069554645508062,-0.19999999999999996,-0.4089788628194645,-0.6699089640392583,-0.7316804498424173,0.0002278250303766707,-0.08838342810722989,-0.0010896637608966376,1.2464065187630644,-0.29050343232978715,-0.3600421464388435,Agricultural Inputs,Basic Materials,IPI
2019Q1,2019,Q1,2019-05-07,2019-03-31,6155000.0,57554000.0,6424000.0,0.5,13168000.0,0.2287938284046287,538117000.0,424346000.0,156958000.0,36423000.0,113771000.0,86270000.0,-225913000.0,491748600.00000006,511152600.00000006,32.964033247883165,4.3093100513411855,0.09230334666996211,0.11705070861985267,0.013445462574981895,32.964033247883165,0.014504673073388225,8.544125516905863,19.97354183590577,1.1588387777898226,0.0,0.514500985278776,0.0,0.10695443555955303,1.7353869807539193,0.011438032992824981,118.12361277924575,0.2287938284046287,-0.16666666666666663,11.161319570495293,-0.6588546768876891,-0.7337422525031012,-0.11177065767284991,-0.19373853811894157,-0.2766580340051796,1.1965684105255068,-0.5377806354329597,-0.3894321621933682,Agricultural Inputs,Basic Materials,IPI
2018Q4,2018,Q4,2019-03-12,2018-12-31,7634000.0,67534000.0,8881000.0,0.6,14825000.0,0.21951905706755115,525231000.0,417263000.0,145358000.0,34781000.0,107968000.0,82046000.0,-232068000.0,334141912.0,350561912.0,32.467755795926614,4.179235789655271,0.09451460405040829,0.1189705293783537,0.018867764282516748,32.467755795926614,0.018295415601191575,4.947758343945272,10.942556719937123,0.8007944917234454,0.0,0.6424322940789313,0.0,0.1285796154453945,1.6957534285960725,0.014534557175795031,47.26862526524261,0.21951905706755115,1.0,1.7480530331056219,-0.4631903735066137,-0.7379006309873684,0.6545758928571429,1.2788059701492538,1.0960585319801746,1.00867680634634,-0.07094865405658064,-0.42374045739479105,Agricultural Inputs,Basic Materials,IPI
2018Q3,2018,Q3,2018-10-31,2018-09-30,3350000.0,36528000.0,4237000.0,0.3,8960000.0,0.24529128339903636,525769000.0,409508000.0,142141000.0,43997000.0,116261000.0,77394000.0,-239702000.0,450097830.0,472420830.0,31.93468140026358,3.230697547560061,0.11323794289887765,0.14538665911288667,0.00891088992054012,31.93468140026358,0.0081805483653555,12.32199490801577,33.58939029850747,1.0991185275989726,0.0,0.3562033232550327,0.0,0.06947537797017321,1.3479100847785077,0.006371619475473069,40.99625011385372,0.24529128339903636,5.0040013569937365,-0.027824930277729153,-0.6956656001620625,-0.7435214252423069,0.2297556958550645,4.496868475991649,30.838028169014084,1.243853266657412,-0.5983748159519785,-0.7437725991574724,Agricultural Inputs,Basic Materials,IPI
2018Q2,2018,Q2,2018-08-02,2018-06-30,-958000.0,51014000.0,-142000.0,-0.074925049532262,7286000.0,0.14282353863645275,511984000.0,404859000.0,122553000.0,35311000.0,107125000.0,68354000.0,-243052000.0,524230551.0,557500551.0,31.663967253217184,3.470674860525049,0.11622238194943592,0.14697462573389747,-0.0003057952506982684,31.663967253217184,-0.002366255906377282,10.276209491512134,-136.803379697286,1.2948472208843078,0.0,0.6397284723644556,0.0,0.09963983249476546,1.4028772903627764,-0.0018711522235069847,23.976882135016467,0.14282353863645275,-1.74925049532262,-1.0499079482318234,-0.6754819367174141,-0.7448009226953346,0.011944444444444445,-1.5452475811041548,-1.0564163686928885,0.8851416291573091,-0.5900121373041529,-0.7478552835120854,Agricultural Inputs,Basic Materials,IPI
2018Q1,2018,Q1,2018-04-24,2018-03-31,1757000.0,53195000.0,2517000.0,0.1,7200000.0,0.13535106682958925,512022000.0,404743000.0,117750000.0,35916000.0,107279000.0,75916000.0,-242094000.0,464687678.0,519572678.0,31.70440254281931,3.2784831272970263,0.11907691466382304,0.15063880042397274,0.005404616147713291,31.70440254281931,0.004341026280874531,8.7355517999812,66.11947609561753,1.1481055336349237,0.0,0.6058670109067917,0.0,0.10389202026475425,1.0206871589263837,0.0034314931780275067,62.50843126177025,0.13535106682958925,2.0,-0.9304973984528219,-0.6837149372283496,-0.7406651338299278,5.282722513089006,2.2640287769784173,1.8742618964918374,-0.840660137896971,-0.7308425827656023,-0.748754054655884,Agricultural Inputs,Basic Materials,IPI
2017Q4,2017,Q4,2018-02-27,2017-12-31,-1390000.0,33305000.0,-2879000.0,-0.1,1146000.0,0.03440924786068158,511054000.0,402553000.0,111946000.0,37486000.0,108501000.0,83126000.0,-243388000.0,606433186.8000001,668702186.8000001,31.59708805039296,2.98634156751854,0.12393406567603424,0.15733828837445007,-0.0021177521439633496,31.59708805039296,-0.00345296147339605,18.208472805885005,-109.07071705035972,1.5064679354022947,0.0,0.3868705338883141,0.0,0.0651692384757775,0.6818012057834925,-0.002719869133203145,-147.1211030567686,0.03440924786068158,0.3364697064989517,-1.0565148468096117,-0.8225615495973483,-0.7373097325943563,-0.6977848101265823,0.27148846960167716,-15.738372093023257,-1.142298695209307,-0.7991083533499435,-0.7480687220458397,Agricultural Inputs,Basic Materials,IPI
2017Q3,2017,Q3,2017-10-30,2017-09-30,-1908000.0,32060000.0,-172000.0,-0.15070901958727528,3792000.0,0.11827822832189644,507825000.0,403501000.0,111538000.0,23676000.0,104324000.0,83802000.0,-241998000.0,551982888.8000001,609692888.8000001,31.871719136522625,4.711015374218618,0.11697730517402649,0.1472214443086882,-0.00034786502473249984,31.871719136522625,-0.004728612816325114,17.21718305676856,-72.32480199161427,1.3679839425428935,0.0,0.33731891840290207,0.0,0.06313198444345985,0.8621811116742693,-0.0037571998227735933,-4677.821091525424,0.11827822832189644,0.6985819608254494,-1.0341125224557937,-0.8525834689401988,-0.7465673634160757,0.025696510684338654,0.6785172704296546,0.8978622327790974,0.07906266226033716,-0.8129994085826083,-0.7440666352558327,Agricultural Inputs,Basic Materials,IPI
2017Q2,2017,Q2,2017-08-02,2017-06-30,-5935000.0,43910000.0,-1684000.0,-0.5,3697000.0,0.08419494420405374,506078000.0,402764000.0,107111000.0,23152000.0,103314000.0,79095000.0,-240091000.0,285259776.40000004,344377776.40000004,31.909393307650365,4.626425362819627,0.12904730100893538,0.16214954663276757,-0.00360198544030586,31.909393307650365,-0.014735676475553922,6.496464960145754,-12.015997320977254,0.7082553962121739,0.0,0.508413932612681,0.0,0.08676528124123159,0.882213199723566,-0.011727441224475279,33.33642355965876,0.08419494420405374,0.7058823529411765,-1.1861710816303666,-0.7348943545562472,-0.7367888772109064,2.294467787114846,0.566091533849978,0.8314483034731258,-1.6383969591332557,-0.7632221265274824,-0.743958202960832,Agricultural Inputs,Basic Materials,IPI
2017Q1,2017,Q1,2017-05-02,2017-03-31,-13678000.0,48332000.0,-9991000.0,-1.7,-2856000.0,-0.05909128527683522,539081000.0,408041000.0,136676000.0,22658000.0,131040000.0,86194000.0,-234156000.0,141026360.4,208273360.4,49.76591028864133,6.032129932032836,0.16327230972710965,0.21570626481162433,-0.020148155156843626,49.76591028864133,-0.03352114125786379,2.917867259786477,-2.5776129624214064,0.34561811288571487,0.0,0.5938696428985776,0.0,0.08965628541907432,1.8609321211051284,-0.02537281039398532,-232.33337792421747,-0.05909128527683522,0.22727272727272735,-1.6084314736758234,-0.6049249655735807,-0.580610143487889,0.5922330097087378,0.17438280919901009,0.3814771249922615,-34.4529656996355,-0.5502133154597292,-0.598029795809732,Agricultural Inputs,Basic Materials,IPI
2016Q4,2016,Q4,2017-02-28,2016-12-31,-16567000.0,42188000.0,-16153000.0,-2.2,-7004000.0,-0.1660187731108372,540901000.0,363371000.0,123743000.0,24120000.0,177530000.0,94355000.0,-220358000.0,157747179.20000002,286717179.20000005,47.91284914462673,5.13030679933665,0.24668839584323193,0.3672114725721095,-0.030037110952626945,47.91284914462673,-0.045592521142303596,3.7391480800227557,-2.3804427355586406,0.43412154299600136,0.0,0.521350219914154,0.0,0.07799578850843315,1.0154228855721392,-0.030628525367858445,-18.887353831417627,-0.1660187731108372,0.08333333333333323,-1.6595166886509274,-0.599942453971312,-0.5862447973517809,0.0813221406086044,0.09177128446905324,-0.10561259411362081,-1.7509547268679087,-0.43174129470119654,-0.6132184926073768,Agricultural Inputs,Basic Materials,IPI
2016Q3,2016,Q3,2016-11-02,2016-09-30,-18241000.0,43643000.0,-14610000.0,-2.4,-7624000.0,-0.17469009921407785,581527000.0,378892000.0,155963000.0,46337000.0,202635000.0,101898000.0,-203791000.0,85735100.10000001,209457100.10000002,49.93846855029216,3.365841552107387,0.252268596299054,0.3871842108041342,-0.027798697826725446,49.93846855029216,-0.04814300645038692,1.9644639483995145,-1.1750328943040405,0.22627846483958491,0.0,0.5031207678266502,0.0,0.07504896591215886,1.0316377840602542,-0.03136741716205783,-5.2156649288234584,-0.17469009921407785,-0.33333333333333326,-1.7088287493165746,-0.6205436653184709,-0.5559927500856157,-0.39480424442005124,-0.36147186147186144,-0.3839158851946576,-9.946803585505252,-0.3854470133144298,-0.5989267254986582,Agricultural Inputs,Basic Materials,IPI
2016Q2,2016,Q2,2016-08-02,2016-06-30,-13398000.0,51840000.0,-10557000.0,-1.8,-5466000.0,-0.10543981481481482,599198000.0,396278000.0,171561000.0,31248000.0,202920000.0,109570000.0,-185550000.0,109207843.2,242662843.2,52.2526865542932,5.490303379416282,0.2467297954933094,0.37307142965292045,-0.01940348970672087,52.2526865542932,-0.033809598312295915,2.106632777777778,-2.037763905060457,0.2755839163415582,0.0,0.5230081226613124,0.0,0.08651564257557602,1.8855926779313876,-0.022359887716581164,-25.63564394366197,-0.10543981481481482,0.24999999999999994,-1.43253799635034,-0.5694786364807668,-0.5204192461022809,0.4028187479514913,0.27291474466815,0.3586659376708584,-2.176769253486599,-0.4440168588586176,-0.5788639721388465,Agricultural Inputs,Basic Materials,IPI
2016Q1,2016,Q1,2016-05-09,2016-03-31,-18427000.0,73277000.0,-16461000.0,-2.4,-9153000.0,-0.12490958963931384,627370000.0,409003000.0,195084000.0,44145000.0,218367000.0,103616000.0,-172152000.0,84089748.3,238753748.3,53.98914126610604,4.419164118246687,0.23761416707843855,0.3644765441818275,-0.029499237219724157,53.98914126610604,-0.04505345926557996,1.147559920575351,-1.1408496811743636,0.2055968985557563,0.0,0.7955335083384806,0.0,0.11680029328785246,1.8241703477177482,-0.02937182205078343,-11.823642899325083,-0.12490958963931384,0.9649635036496349,-1.6462350255646767,-0.30773991531866807,-0.48484798792169714,0.6783794230296215,0.9644443501113346,0.9545193322539468,-2.2283542546819226,-0.2657985318064891,-0.5583809943753738,Agricultural Inputs,Basic Materials,IPI
2015Q4,2015,Q4,2016-02-29,2015-12-31,-518258000.0,42819000.0,-361934000.0,-68.5,-28459000.0,-0.6646348583572713,640484000.0,426526000.0,195799000.0,39139000.0,213958000.0,106531000.0,-153725000.0,223322965.0,414538965.0,56.342244067913036,5.002657196147066,0.23419788784731546,0.351678443987002,-0.8959126472823911,56.342244067913036,-1.215067780158771,5.2155109881127535,-0.10772769788406546,0.5235858189184246,0.0,0.6690822389726934,0.0,0.06685412906489467,2.1578221211579245,-0.8091661930664935,-7.460013528861571,-0.6646348583572713,-61.27272727272727,-29.296480195074746,-0.558049878428981,-0.441432038253335,-2.4111230972072395,-62.9035758323058,-23.643153809491388,-36.46160656095483,-0.6160811319357183,-0.5315847100584306,Agricultural Inputs,Basic Materials,IPI
2015Q3,2015,Q3,2015-10-27,2015-09-30,-8110000.0,53692000.0,-14687000.0,-1.1,-8343000.0,-0.15538627728525664,1166729000.0,943499000.0,220225000.0,50505000.0,223230000.0,106578000.0,364533000.0,419386254.59999996,601654254.5999999,124.63413864112846,4.360459360459361,0.12856455955067544,0.1589826804267943,-0.006824145097636381,124.63413864112846,-0.00859566358840868,7.810963543917157,-12.928059636251541,0.4445010059364133,0.0,0.5820619640075813,0.0,0.046019255542632434,2.0925056925056924,-0.006951057186373185,-14.170848271667511,-0.15538627728525664,-0.5714285714285716,-1.6900862729042756,-0.41766889129310175,0.26712864665320013,-4.202687140115163,-0.6426979947336439,-2.7361994403459677,-1.2424884271383805,-0.5871170500597966,-0.008953416385000476,Agricultural Inputs,Basic Materials,IPI
2015Q2,2015,Q2,2015-07-28,2015-06-30,-4937000.0,73651000.0,-3931000.0,-0.7,2605000.0,0.03536951297334727,1172987000.0,950417000.0,222907000.0,50263000.0,222570000.0,86847000.0,372643000.0,903655855.8000001,1076591855.8000002,125.57854748756888,4.434812884228956,0.12787865509165916,0.15782545977186857,-0.00333579666061765,125.57854748756888,-0.0051945619659581,12.269430907930646,-45.75936073526433,0.9507993394478425,0.0,0.8180593457459671,0.0,0.06278927217437193,2.5208801703042,-0.004208912801250141,74.01555047915473,0.03536951297334727,-1.777777777777778,-2.3598120817217865,0.13607131221112123,0.29864305281387066,-0.8608440170940171,-1.7561648031857864,-1.3652666790559376,-1.2582783383958673,-0.25840371628050784,0.03586019839812564,Agricultural Inputs,Basic Materials,IPI
2015Q1,2015,Q1,2015-04-28,2015-03-31,6529000.0,117021000.0,10762000.0,0.9,18720000.0,0.15997128720486067,1171971000.0,953849000.0,221777000.0,44979000.0,218122000.0,74446000.0,377580000.0,873053989.5,990577989.5,126.18871321244904,4.930678761199671,0.1279895150989231,0.15725759527975602,0.006630690467325393,126.18871321244904,0.006844898930543514,7.460660817289204,33.42985103001991,0.9152958062544491,0.0,1.3204336028799397,0.0,0.09984974030927386,3.1784610596055938,0.005570956960539126,36.38331344807468,0.15997128720486067,0.12499999999999997,-0.4528193180039611,0.08213430152882366,0.3118103006662678,0.2119642625922569,0.1274391296839924,0.15807597116108899,-0.6849724941650873,0.03757944307188706,0.06342405917361496,Agricultural Inputs,Basic Materials,IPI
2014Q4,2014,Q4,2015-02-19,2014-12-31,5791000.0,98285000.0,9293000.0,0.8,15446000.0,0.1571552118838073,1166719000.0,947285000.0,202487000.0,46635000.0,219434000.0,84094000.0,371051000.0,1048347239.2,1141192239.2,125.41947275058938,4.341953468425003,0.1285656614831849,0.15834727669075305,0.006145923757159432,125.41947275058938,0.006113260528774339,10.666401172101542,45.257608323260236,1.1066862023572632,0.0,0.9850762242252717,0.0,0.08424050692583218,2.365133483435188,0.004963491637660825,64.68883371590769,0.1571552118838073,5.0,-0.14186814053486563,0.3365982038907111,0.32708183581306477,1.2424506387921022,5.685275080906149,618.5333333333333,-0.7685175556794152,-0.06415624054953738,0.08306978796673214,Agricultural Inputs,Basic Materials,IPI
2014Q3,2014,Q3,2014-10-30,2014-09-30,-1236000.0,102280000.0,15000.0,-0.2,6888000.0,0.06734454438795463,1167424000.0,940563000.0,201959000.0,53026000.0,226861000.0,78676000.0,365260000.0,1166911153.5,1249097153.5,124.53131762785915,3.8086787613623505,0.1284880214900499,0.15947895037334023,1.3721060028085677e-05,124.53131762785915,-0.0013141065510763235,11.408986639616739,-236.02571875,1.2406517729274913,0.0,1.2124663175555443,0.0,0.08761169892001534,2.1234677328103193,-0.001058741297078011,30.075029729381445,0.06734454438795463,-1.2857142857142856,-1.1289790581135895,0.5291142956501467,0.33194070979470863,-0.5606582472254114,-1.2222222222222223,-0.9982379889580641,-1.0482483048801614,-0.10667633462140055,0.10721873283871354,Agricultural Inputs,Basic Materials,IPI
2014Q2,2014,Q2,2014-07-31,2014-06-30,5562000.0,110949000.0,8513000.0,0.7,15678000.0,0.14130816861801368,1160437000.0,941111000.0,183852000.0,45825000.0,219326000.0,86672000.0,366497000.0,1265631232.3999999,1388575232.3999999,124.62572000605442,4.012045826513912,0.12926164884435778,0.15938608729469744,0.006023806040594933,124.62572000605442,0.005910036116887381,11.407324377867306,56.887416055375766,1.3448267339346793,0.0,1.0992131253461326,0.0,0.09560967118421768,1.91936715766503,0.004793021939148786,50.01506549693736,0.14130816861801368,15.87652484379649,-0.6172535641029451,0.5017640839537798,0.352454605608982,2.9273547094188377,16.66760563380282,5.173039215686274,-0.8196677323219288,-0.0746388224794933,0.14382820667885762,Agricultural Inputs,Basic Materials,IPI
2014Q1,2014,Q1,2014-05-01,2014-03-31,-355000.0,98875000.0,-2040000.0,-0.047054,3992000.0,0.040374209860935525,1158980000.0,934046000.0,169159000.0,51728000.0,224934000.0,93065000.0,360935000.0,1166378927.0,1319730927.0,123.80497303000399,3.270163161150634,0.1294241488205146,0.16059166250912696,-0.00021323103469722432,123.80497303000399,-0.0003800669346049338,11.79649989380531,-821.3936105633803,1.2487382066836108,0.0,1.0195347337882126,0.0,0.0853120847641892,1.2480281472316734,-0.00030630381887521786,-79.91633621103118,0.040374209860935525,0.9411824999999999,-1.0142940354416043,0.10527183659739843,0.372558850396403,0.2636910414688192,0.9407048605311509,0.5908543922984356,-1.012501269241645,-0.06205363292877656,0.18131867753462755,Agricultural Inputs,Basic Materials,IPI
2013Q4,2013,Q4,2014-02-13,2013-12-31,-5987000.0,73806000.0,-4986000.0,-0.8,3159000.0,0.04280139826030404,1175273000.0,933971000.0,178629000.0,68628000.0,241302000.0,105011000.0,361290000.0,1194269313.6000001,1359089313.6000001,123.87574956108293,2.602858891414583,0.12762992087795771,0.1606045583856458,-0.004841548437426668,123.87574956108293,-0.006410263273699077,16.181195480042273,-49.869271488224484,1.2787006380283756,0.0,0.6727580920094085,0.0,0.06279902626879032,0.8687999067436032,-0.005094135575308886,-19.42311892920455,0.04280139826030404,-3.666666666666667,-1.2623898883567624,-0.0767280298801409,0.42536245451181914,-0.7551732155312718,-3.9550839091806513,-3.9572953736654806,-1.3282161398589523,-0.23512110248926082,0.22808429246750433,Agricultural Inputs,Basic Materials,IPI
2013Q3,2013,Q3,2013-10-31,2013-09-30,2026000.0,70569000.0,1686000.0,0.3,12903000.0,0.18284232453343535,1181224000.0,938751000.0,188491000.0,68675000.0,242473000.0,88544000.0,367277000.0,1182183721.6000001,1362392721.6000001,124.5120822682118,2.744681470695304,0.12698692204018883,0.159786780520074,0.001871950800035325,124.5120822682118,0.0021581867822244665,16.752167688361748,145.876569792695,1.2593155390513566,0.0,0.6512694253704373,0.0,0.05974226734302723,1.3013178012377138,0.001715170027022817,-24.739640506435077,0.18284232453343535,-0.7999999999999999,-0.9595489291458213,-0.5210278417248972,0.5021475433450437,-0.540049192599722,-0.8209772908014491,-0.9172718351324828,-0.8269038189065889,-0.2315070565935352,0.26588772559966267,Agricultural Inputs,Basic Materials,IPI
2013Q2,2013,Q2,2013-08-01,2013-06-30,11317000.0,92680000.0,20380000.0,1.5,28053000.0,0.3026866637893828,1176256000.0,935320000.0,213883000.0,67527000.0,240936000.0,70775000.0,365251000.0,1411925463.0,1551547463.0,124.07555539636869,3.1673700890014365,0.12752326024266827,0.16037292049779756,0.011494438393385799,124.07555539636869,0.012099602275157165,15.234413713854122,31.19036544578952,1.5095640668434334,0.0,0.913133168491699,0.0,0.0787923717286033,1.9997186310660922,0.009621204907775177,-52.70738625503957,0.3026866637893828,-0.25,-0.5638901296606885,0.14787704666367374,0.59600332076926,-0.17002958579881658,-0.24143709363898386,-0.1423280868613753,2.1294774858963597,0.4352835846857407,0.28310018919009333,Agricultural Inputs,Basic Materials,IPI
2013Q1,2013,Q1,2013-05-02,2013-03-31,14919000.0,99257000.0,23762000.0,2.0,33800000.0,0.34053013893226675,1007305000.0,921059000.0,134390000.0,64231000.0,86246000.0,61204000.0,353934000.0,1396060391.5,1390949391.5,122.25275764511939,2.092291883981255,0.0,0.0,0.016297107314845124,122.25275764511939,0.016197659433326204,14.065107664950583,23.394000795964878,1.515712230704005,0.0,1.0694889222926607,0.0,0.09853718585731233,1.0058538711836964,0.014810807054467117,-28.187865033214205,0.34053013893226675,0.052631578947368474,29.288693330294432,0.0,2038.54596075199,-0.0909824382110104,0.02627777395611199,-0.15542918073573841,0.2544522431366462,-0.0791077164762201,0.27089359009251723,Agricultural Inputs,Basic Materials,IPI
2012Q4,2012,Q4,2013-02-14,2012-12-31,14537000.0,110939000.0,28135000.0,1.9,37183000.0,0.33516617240104923,994623000.0,905736000.0,162356000.0,67388000.0,88887000.0,53275000.0,339015000.0,1603150199.8,1569531199.8,120.28267496336683,2.4092716804178784,0.0,0.0,0.015894012855411543,120.28267496336683,0.01604993066412288,14.450735988245793,27.57016921992158,1.7699972175115046,3.8848455664855197,1.3844392304082591,0.03522689265612503,0.11153874382554999,1.5089185018104114,0.014615588016766152,-51.94913155541153,0.33516617240104923,-0.5681818181818182,1.2060432250424673,1.007302662973408,85.58547204139349,-0.28292899294172097,-0.563020410617128,-0.3539757984891277,1.1606896384377559,0.5132650982906704,0.2727286250383388,Agricultural Inputs,Basic Materials,IPI
2012Q3,2012,Q3,2012-11-01,2012-09-30,33267000.0,129350000.0,43551000.0,4.4,51854000.0,0.40088132972555085,1024853000.0,946959000.0,254576000.0,64912000.0,77894000.0,56466000.0,381110000.0,1627960704.6,1572845704.6,125.76012137240379,3.9218634458959825,0.0,0.0,0.034809833955240746,125.76012137240379,0.03513034883242041,12.585703166602242,12.234051046081701,1.7191459235299522,0.0,1.3724365104664753,0.0,0.12621322277438812,2.8840122011338427,0.03246026503313158,-41.303075088164405,0.40088132972555085,0.7600000000000001,3.288036990958861,1.4331335285142626,48.73391035832514,0.2997618749216694,0.7496975753431863,0.4085513761764611,2.482053564265934,0.9397097162418553,0.34508353814410553,Agricultural Inputs,Basic Materials,IPI
2012Q2,2012,Q2,2012-08-02,2012-06-30,19013000.0,98784000.0,30919000.0,2.5,39895000.0,0.4038609491415614,992770000.0,912617000.0,272933000.0,67661000.0,80153000.0,58963000.0,347843000.0,1713351633.2,1646508633.2,121.23117355195807,4.033830419296197,0.0,0.0,0.020563472437111804,121.23117355195807,0.020833493130195908,17.344424534337545,22.52868607268711,1.8774049061106686,0.0,0.9987449756627037,0.0,0.09950340965178239,3.0670548765167527,0.01915146509261964,136.89290773410036,0.4038609491415614,-0.07407407407407414,-0.26630595141543245,0.22516816159402897,0.5594155911821312,-0.0318157549871378,-0.0782022689808979,-0.05723258934016343,0.3124710812010254,0.34129360263443886,0.3156165437259837,Agricultural Inputs,Basic Materials,IPI
2012Q1,2012,Q1,2012-05-03,2012-03-31,20626000.0,112243000.0,32796000.0,2.7,41206000.0,0.3671142075675098,948433000.0,892668000.0,276909000.0,43838000.0,55765000.0,51364000.0,328830000.0,1830282155.4,1770175155.4,118.66264649918686,6.316643095031708,0.0,0.0,0.022798064342034456,118.66264649918686,0.02310601477817061,16.306425838582363,22.184162651507805,2.0503503602683195,0.0,1.383011447706565,0.0,0.11834573449047008,4.95636206031297,0.02174745079515369,-2251.2695638376385,0.3671142075675098,-0.18483795802062838,-0.957024751353808,-0.9690214717193297,0.0,-0.03629730108985453,-0.1722117429867159,-0.05788400218321795,-0.1670944549285756,0.25833452275878716,0.31554865428908874,Agricultural Inputs,Basic Materials,IPI
2011Q4,2011,Q4,2012-02-16,2011-12-31,24917000.0,104603000.0,34811000.0,3.3122248840781108,42758000.0,0.4087645669818265,932870000.0,871133000.0,276645000.0,49675000.0,61737000.0,55390000.0,308204000.0,1702395609.4,1629023609.4,115.79999197100842,5.5690991444388525,0.0,0.0,0.028205952967836276,115.79999197100842,0.0286029802567461,16.274825859678977,17.080663898141832,1.9542315690026668,0.0,1.116537281097671,0.0,0.11213030754553154,4.253829894313035,0.026710045343938598,192.16566309967266,0.4087645669818265,-0.02581621056526151,2.7849277606445955,0.8945033152160615,82.35861311907996,-0.09232173562315579,-0.023130905241698356,-0.16642321783482197,0.09447223410510026,0.31145466342825506,0.3324396532257204,Agricultural Inputs,Basic Materials,IPI
2011Q3,2011,Q3,2011-11-03,2011-09-30,25507000.0,114000000.0,41761000.0,3.4,47107000.0,0.41321929824561404,913830000.0,845819000.0,253166000.0,54692000.0,68011000.0,53420000.0,283287000.0,1870286175.0,1802799175.0,112.47219174894451,4.628940247202516,0.0,0.0,0.0299464623021314,112.47219174894451,0.030156570140893027,16.40601907894737,18.331106902026892,2.211213244204729,0.0,1.2522089105204044,0.0,0.12474967991858442,3.5340269143567613,0.02791219373406432,142.259540199285,0.41321929824561404,-0.17073170731707313,2.2920029593447433,1.1471397466882811,43.47897983242416,-0.1456527258877725,-0.16936954539533672,-0.17616539425144503,-0.48942846053488864,-0.22427498633210627,0.35689503743399326,Agricultural Inputs,Basic Materials,IPI
2011Q2,2011,Q2,2011-08-04,2011-06-30,30708000.0,119373000.0,50691000.0,4.1,55138000.0,0.46189674381979173,878394000.0,819170000.0,236406000.0,45450000.0,59224000.0,51306000.0,257780000.0,2443489750.0,2372239750.0,108.95492809004007,5.201452145214521,0.0,0.0,0.0374239708701987,108.95492809004007,0.037486724367347436,20.469367026044416,19.892941171681645,2.98288481023475,0.0,1.251997817019452,0.0,0.13589915231661417,3.892255225522552,0.034959255186169304,55.69461285984546,0.46189674381979173,0.07894736842105259,0.18648694655175513,0.4823893542269047,0.4015043212207872,0.33774898706844264,0.08589412638353548,0.08746299395031536,0.18648694655175513,0.4823893542269047,0.4015043212207872,Agricultural Inputs,Basic Materials,IPI
2011Q1,2011,Q1,2011-05-05,2011-03-31,28279000.0,104978000.0,46614000.0,3.8,41217000.0,0.39262512145401895,844321000.0,787392000.0,209163000.0,43091000.0,56929000.0,49292000.0,227072000.0,2616066294.7999997,2546836294.7999997,104.80234959831569,4.853983430414703,0.0,0.0,0.035521556037602,104.80234959831569,0.035914766723563356,24.920138455676426,23.127287870858233,3.322444595322279,0.0,1.293536476507344,0.0,0.12433422833258914,3.525098048316354,0.03349318564858626,-89.82510282928168,0.39262512145401895,0.5706570501182814,-0.9410038881206138,-0.9709894629837019,0.0,0.0948864391021384,0.5557572756780547,0.5963151946851135,54.77074197006917,0.0,1747.7058266385948,Agricultural Inputs,Basic Materials,IPI
2010Q4,2010,Q4,2011-02-24,2010-12-31,18177000.0,96155000.0,29201000.0,2.4193696515186645,37645000.0,0.39150330196037647,828884000.0,757841000.0,208822000.0,45405000.0,71043000.0,48094000.0,198793000.0,2801640210.6,2725507210.6,100.86909369403952,4.599097015747164,0.0,0.0,0.023664326114870602,100.86909369403952,0.023985242286970486,29.136708549737403,38.53276407823073,3.6968707296121477,0.0,1.2165758722501767,0.0,0.11600537590302142,3.3732188085012664,0.021929485911176955,170.22968833394094,0.39150330196037647,0.5121060321991652,1.7646490434005464,0.7437292776201468,71.61060742576531,0.4042450014920919,0.5590530920319067,0.4657664893083024,1.7646490434005464,0.7437292776201468,71.61060742576531,Agricultural Inputs,Basic Materials,IPI
2010Q3,2010,Q3,2010-11-04,2010-09-30,11659000.0,91471000.0,19922000.0,1.6,26808000.0,0.2930764941894152,811127000.0,738694000.0,198156000.0,46765000.0,72433000.0,45963000.0,180616000.0,1957894540.8,1891202540.8,98.3594988325124,4.237271463701486,0.0,0.0,0.015843702520284855,98.3594988325124,0.015783260727716755,21.404538496354036,41.98247149841324,2.650481174613575,0.0,1.406848987228858,0.0,0.11277025669223192,3.0984069282583127,0.014373828019533316,-171.9261100105374,0.2930764941894152,2.2,0.5067671772005276,0.7251342643915397,37.89788308441782,0.8186011803812496,2.2368128817323707,2.166746145286918,0.5067671772005276,0.7251342643915397,37.89788308441782,Agricultural Inputs,Basic Materials,IPI
2010Q2,2010,Q2,2010-08-05,2010-06-30,3602000.0,64318000.0,6291000.0,0.5,14741000.0,0.22918934046456668,781226000.0,726079000.0,190878000.0,30796000.0,55147000.0,50563000.0,168956000.0,1469430475.8999999,1371421475.8999999,96.69981848781934,6.198142615924146,0.0,0.0,0.005122944169860409,96.69981848781934,0.004960892685231221,22.8463334665257,101.9871235355358,2.0237887005408504,0.0,0.9804995747878884,0.0,0.08232956916436474,4.266398233536823,0.0046107016407544036,184.46277628671854,0.22918934046456668,-0.6875,-0.8606445094094042,-0.20024372959368542,0.24386492513626268,-0.4515180830480726,-0.6959311159885193,-0.6841708921130579,-0.8606445094094042,-0.20024372959368542,0.24386492513626268,Agricultural Inputs,Basic Materials,IPI
2010Q1,2010,Q1,2010-05-05,2010-03-31,11846000.0,107359000.0,19919000.0,1.6,26876000.0,0.2503376521763429,780981000.0,721879000.0,197948000.0,35198000.0,59102000.0,42264000.0,165354000.0,2276079060.6,2175748060.6,96.19433019267943,5.6238422637649865,0.0,0.0,0.01675654078369546,96.19433019267943,0.016409952360437137,21.200635816279956,48.034759847205805,3.1529924829507436,0.0,1.904292068900246,0.0,0.13746685258668265,4.143076311154043,0.015168102681115162,104.0969156460096,0.2503376521763429,0.7907548396718869,-0.975257925144106,-0.9702969547539212,0.0,0.6131084568753377,0.7667412378821775,1.191550225547365,-0.975257925144106,-0.9702969547539212,0.0,Agricultural Inputs,Basic Materials,IPI
2009Q4,2009,Q4,2010-03-01,2009-12-31,6705000.0,73061000.0,9089000.0,0.8934779706043748,16661000.0,0.22804232080042705,768990000.0,709222000.0,204339000.0,35932000.0,59768000.0,61949000.0,153508000.0,2189028229.4,2099236229.4,94.50771562535063,5.686825114104419,0.0,0.0,0.009548572168979346,94.50771562535063,0.009454021448855224,29.961651625354158,81.61924792692021,3.0865204821621437,0.0,0.9104263184232191,0.0,0.09500903782884043,3.6165813202716244,0.008719229118714157,533.2590083800244,0.22804232080042705,-0.31270925338125016,0.020990329105064424,0.3264712608787348,67.03137003285775,-0.27244541484716156,-0.2956932773109244,-0.4402635792585294,0.020990329105064424,0.3264712608787348,67.03137003285775,Agricultural Inputs,Basic Materials,IPI
2009Q3,2009,Q3,2009-11-06,2009-09-30,9520000.0,66449000.0,16238000.0,1.3,22900000.0,0.3446252012821863,756858000.0,701521000.0,209848000.0,38795000.0,55337000.0,68827000.0,146803000.0,1770006767.2,1682759767.2,93.49614191689741,5.409150663745328,0.0,0.0,0.013848541576150585,93.49614191689741,0.013570513213431957,26.63707154659965,46.48127014705882,2.5230987628310486,0.0,0.632731340898194,0.0,0.08779586131084034,3.456966103879366,0.012578317200848772,-66.56412948742056,0.3446252012821863,-0.31578947368421045,0.23146784270185122,0.25438023439321905,35.97458852774756,-0.35305251857502046,-0.3405375450263231,-0.3957278952069068,0.23146784270185122,0.25438023439321905,35.97458852774756,Agricultural Inputs,Basic Materials,IPI
2009Q2,2009,Q2,2009-08-07,2009-06-30,14436000.0,73392000.0,26872000.0,1.9,35397000.0,0.4823005232177894,744820000.0,691266000.0,211893000.0,37198000.0,53554000.0,63223000.0,137283000.0,2106479887.2,1987806887.2,92.14780258738375,5.696354642722727,0.0,0.0,0.020436990853076726,92.14780258738375,0.02088342258985687,28.701764323086987,36.47963229426434,3.0472783084948487,0.0,0.6009680021511159,0.0,0.0985365591686582,3.922495833109307,0.0193818640745415,137.05139148991543,0.4823005232177894,-0.42424242424242425,-0.4409826935667233,-0.08657719742517785,0.18531163097545086,-0.24937973153508494,-0.4150966330375593,-0.3318414640210851,-0.4409826935667233,-0.08657719742517785,0.18531163097545086,Agricultural Inputs,Basic Materials,IPI
2009Q1,2009,Q1,2009-05-08,2009-03-31,24681000.0,88901000.0,40218000.0,3.3,47157000.0,0.5304439770081326,725230000.0,676280000.0,201332000.0,32303000.0,48950000.0,55193000.0,122847000.0,1383298159.5,1280839159.5,90.20012001252142,6.232609974305792,0.0,0.0,0.036807320218906,90.20012001252142,0.036495238658543795,15.559984246521411,14.011771803208946,2.0454518239486603,0.0,0.7563277951914192,0.0,0.12258318050825255,4.400210506764077,0.0340319622740372,-104.51028705802358,0.5304439770081326,0.09043271485235786,-0.9484032146256072,-0.9753813252991322,0.0,-0.018155697599367047,0.0877479065667695,0.01647879492493555,-0.9484032146256072,-0.9753813252991322,0.0,Agricultural Inputs,Basic Materials,IPI
2008Q4,2008,Q4,2009-03-06,2008-12-31,22690000.0,79494000.0,39566000.0,3.0263215281896714,48029000.0,0.6041839635695776,705077000.0,651599000.0,198376000.0,38939000.0,53478000.0,49318000.0,98166000.0,1557241342.6999998,1440668342.6999998,86.90824510563516,5.094532473869386,0.0,0.0,0.03762646976746333,86.90824510563516,0.03482203011361282,19.58941986439228,17.15779355112384,2.389876814881545,0.0,0.638002352082404,0.0,0.11274513280109832,3.6475512981843394,0.03218088237171259,-68.79489939476939,0.6041839635695776,-0.541466435122777,2.4582218193404946,0.4445816298854489,61.56089190776934,-0.46690123648633647,-0.5436352299925582,-0.5023457644173323,2.4582218193404946,0.4445816298854489,61.56089190776934,Agricultural Inputs,Basic Materials,IPI
2008Q3,2008,Q3,2008-11-12,2008-09-30,49719000.0,146257000.0,79505000.0,6.6,90094000.0,0.61599786676877,691295000.0,620370000.0,216388000.0,60491000.0,70925000.0,23062000.0,75476000.0,2255771636.7999997,2116953636.7999997,82.88938248432187,3.577193301482865,0.0,0.0,0.08045985466721878,82.88938248432187,0.08014410754872092,15.423341356653014,11.34260361632374,3.6361713764366423,0.0,2.435304830457029,0.0,0.21156959040641116,3.0811195053809657,0.07192153856168496,45.87699078299776,0.61599786676877,0.9411764705882353,5.44768206781274,1.7679135116912998,31.77997089335501,0.8993548931146434,0.9297857475547275,0.8927058039327715,5.44768206781274,1.7679135116912998,31.77997089335501,Agricultural Inputs,Basic Materials,IPI
2008Q2,2008,Q2,2008-08-14,2008-06-30,25764000.0,80162000.0,42006000.0,3.4,47434000.0,0.5917267533245179,628993000.0,581841000.0,157017000.0,37560000.0,47152000.0,22249000.0,25757000.0,4923180433.599999,4833363433.599999,77.74141430768786,4.1804313099041535,0.0,0.0,0.044333964798948355,77.74141430768786,0.044280138388322586,61.41538925675506,47.77189521813383,8.461384525325647,0.0,1.4709874601105668,0.0,0.12744497951487535,3.4724973375931842,0.040960710214581086,134.35527750457112,0.5917267533245179,49.57142857142856,0.0,0.0,0.0,0.0,3681.5714285714284,3819.7272727272725,0.0,0.0,0.0,Agricultural Inputs,Basic Materials,IPI
2008Q1,2008,Q1,2008-06-02,2008-03-31,-7000.0,0.0,-11000.0,-0.07,0.0,0.0,5000.0,-6000.0,1000.0,11000.0,11000.0,0.0,-7000.0,50400000.0,50399000.0,-0.06,0.09090909090909091,0.0,0.0,1.1666666666666667,-0.06,1.1666666666666667,0.0,-1799.9999999999998,-8400.0,0.0,0.0,0.0,0.0,0.09090909090909091,-1.4,0.0,0.0,-1.07999002257326,-1.0010971786833855,-1.0,0.0,-1.0,-1.0010687373707687,-1.0017021758604538,-1.0010971786833855,-1.0,0.0,Agricultural Inputs,Basic Materials,IPI
2007Q4,2007,Q4,2007-12-31,2007-12-31,6549785.0,54933549.0,6462317.0,0.8751091417168869,11636613.0,0.21183071568887712,146727060.0,10397355.0,47447489.0,30315337.0,136329705.0,18501012.0,11035571.0,3772205640.0,3871600632.0,1.3891784860382108,1.5651315042283713,0.6907750894756564,9.748190573467964,,1.3891784860382108,0.6299472317719266,68.66852239967237,143.98204063186807,362.8043516836734,0.0,2.3402469010884377,0.0,0.3743927602720316,0.8485427689621263,0.04463924377684662,5717.828192570563,0.21183071568887712,-0.1506334593957468,0.0,0.0,0.0,-0.1456596975327708,-0.1506330973744883,-0.3504912686468307,0.0,0.0,0.0,Agricultural Inputs,Basic Materials,IPI
2007Q3,2007,Q3,2007-09-30,2007-09-30,7711373.0,52841737.0,9949546.0,1.030308,13620583.0,0.25776183322664054,137868297.0,18925840.0,41621826.0,24134870.0,118942457.0,16431130.0,19823843.0,3772205640.0,3855515622.0,2.528659429076088,1.7245514891938512,0.6223330661725661,4.5334843790288835,0.09500564521611858,2.528659429076088,0.40745208667092186,71.386859216986,122.29357988519035,199.31509724271154,,2.3870028415574582,,0.38327692551392,0.9715696003334594,0.055932895145575055,0.0,0.25776183322664054,0.0,0.0,0.0,0.0,0.0,0.0,0.0,0.0,0.0,0.0,Agricultural Inputs,Basic Materials,IPI
2007Q1,2007,Q1,2007-03-31,2007-03-31,6380000.0,48164000.0,9182000.0,63.8,18413000.0,0.38229798189519143,,,,,,,,50400000.0,,,0.0,0.0,0.0,0.0,,0.0,1.0464247155551865,1.974921630094044,0.0,0.0,0.0,0.0,0.0,0.0,0.0,-16.74975074775673,0.38229798189519143,0.0,0.0,0.0,0.0,0.0,0.0,0.0,0.0,0.0,0.0,Agricultural Inputs,Basic Materials,IPI
