Quarters,Year,Quarter,FillingDate,Date,NetIncome,Revenue,OperatingIncome,EPSDiluted,GrossProfit,GrossProfitRatio,TotalAssets,CommonStockEquity,CurrentAssets,CurrentLiability,TotalLiability,Inventory,RetainedEarnings,MarketCap,EnterpriseValue,bookValuePerShare,currentRatio,debtToAssets,debtToEquity,roic,shareholdersEquityPerShare,roe,priceToSalesRatio,peRatio,pbRatio,payoutRatio,inventoryTurnover,dividendYield,assetTurnover,quickRatio,returnOnAssets,priceToFreeCashFlowsRatio,grossProfitMargin,epsdilutedGrowth,fiveYNetIncomeGrowthPerShare,fiveYRevenueGrowthPerShare,fiveYShareholdersEquityGrowthPerShare,grossProfitGrowth,netIncomeGrowth,operatingIncomeGrowth,threeYNetIncomeGrowthPerShare,threeYRevenueGrowthPerShare,threeYShareholdersEquityGrowthPerShare,Industry,Sector,Symbol
2023Q1,2023,Q1,2023-04-24,2023-03-31,42700000.0,457700000.0,62800000.0,0.5,127700000.0,0.2790037142,2907300000.0,1622200000.0,807900000.0,290100000.0,1285100000.0,354600000.0,2137200000.0,5773950000.0,6436950000.0,19.174940898345152,2.784901758014478,0.26440339834210436,0.47386265565281716,0.02050957694709642,19.174940898345152,0.02632227838737517,12.615140922001311,33.80532786885246,3.5593330045617066,0.2459016393442623,0.9306260575296108,0.0018185124568103291,0.1574312936401472,1.377456049638056,0.01468716678705328,-139.1313253012048,0.27900371422329034,0.16279069767441862,-0.26257253384912954,-0.09847270206069011,0.1044765957446808,0.2885973763874874,0.15405405405405406,2.1878172588832485,-0.003638097149739133,-0.1629743972942148,0.1293663733667507,Aerospace & Defense,Industrials,HXL
2022Q4,2022,Q4,2023-02-08,2022-12-31,37000000.0,429400000.0,19700000.0,0.43,99100000.0,0.2307871449,2837300000.0,1554200000.0,734400000.0,329800000.0,1283100000.0,319300000.0,2104900000.0,4972825000.0,5584325000.0,18.392899408284023,2.2268041237113403,0.25499594685087934,0.4655128040149273,0.007117274766841195,18.392899408284023,0.023806459915068846,11.580868653935724,33.60016891891892,3.1996042980311414,0.22702702702702704,1.0344503601628563,0.001689180697088677,0.15134106368730835,1.111885991510006,0.01304056673598139,50.38323201621074,0.23078714485328364,0.3870967741935484,-0.5526869009799247,-0.10621631341404048,0.10719078773698222,0.2114914425427873,0.3805970149253731,-0.5171568627450981,-0.49513370194328576,-0.23995776303468613,0.07348088656328852,Aerospace & Defense,Industrials,HXL
2022Q3,2022,Q3,2022-10-24,2022-09-30,26800000.0,364700000.0,40800000.0,0.31,81800000.0,0.2242939402,2775700000.0,1445000000.0,685200000.0,283700000.0,1330700000.0,303100000.0,2076400000.0,4365168000.0,5071568000.0,17.120853080568722,2.4152273528375043,0.28724285765752783,0.5517647058823529,0.014293882218410521,17.120853080568722,0.018546712802768164,11.969202083904579,40.719850746268655,3.0208775086505186,0.31716417910447764,0.9333553282744969,0.0019472331878177427,0.13139027992938718,1.1508635882974974,0.009655222106135388,246.61966101694915,0.22429394022484234,-0.41509433962264153,-0.5895272222864409,-0.20787342162738115,0.0812286132748593,-0.08603351955307263,-0.4004474272930649,-0.3605015673981191,-0.6634835008528445,-0.3576860034355016,0.027637605555366315,Aerospace & Defense,Industrials,HXL
2022Q2,2022,Q2,2022-07-25,2022-06-30,44700000.0,393000000.0,63800000.0,0.53,89500000.0,0.227735369,2819400000.0,1480300000.0,691900000.0,271200000.0,1339100000.0,271500000.0,2058000000.0,4414964000.0,5128264000.0,17.53909952606635,2.551253687315634,0.28818188267007167,0.5488752279943254,0.021404582688393483,17.53909952606635,0.030196581773964736,11.234005089058524,24.69219239373602,2.982479227183679,0.18568232662192394,1.1178637200736647,0.001879970029200691,0.1393913598638008,1.3403392330383481,0.015854437114279633,217.48591133004925,0.227735368956743,1.7894736842105263,-0.22018488028559122,-0.14037185414843878,0.19581773059777347,0.03229527104959631,1.7423312883435582,1.1196013289036544,-0.4422287183873368,-0.3485630238367614,0.036003382987280355,Aerospace & Defense,Industrials,HXL
2022Q1,2022,Q1,2022-04-25,2022-03-31,16300000.0,390600000.0,30100000.0,0.19,86700000.0,0.2219662058,2853500000.0,1487100000.0,684400000.0,247100000.0,1366400000.0,265900000.0,2021800000.0,5013321000.0,5758721000.0,17.640569395017792,2.7697288547146903,0.3007534606623445,0.577096362046937,0.009953279654638662,17.640569395017792,0.010960930670432386,12.834923195084485,76.8914263803681,3.3712063748234824,0.5214723926380368,1.1429108687476495,0.0016954828944725463,0.13688452777291046,1.4463779846216107,0.0057122831610303135,-125.64714285714285,0.22196620583717358,-0.09523809523809519,-0.7264267010419078,-0.11550227882874446,0.27690507856547564,0.25470332850940663,-0.09444444444444444,-0.07098765432098765,-0.7723635742286978,-0.35424919434316,0.09257388412745003,Aerospace & Defense,Industrials,HXL
2021Q4,2021,Q4,2022-02-09,2021-12-31,18000000.0,360300000.0,32400000.0,0.21,69100000.0,0.1917846239,2819000000.0,1485000000.0,616000000.0,247000000.0,1333000000.0,245000000.0,2014400000.0,4361560000.0,5057460000.0,17.636579572446557,2.493927125506073,0.29191202554097195,0.5541414141414142,0.011331715571607524,17.636579572446557,0.012121212121212121,12.105356647238413,60.57722222222222,2.9370774410774407,0.0,1.1885714285714286,0.0,0.127811280595956,1.1619433198380567,0.006385242993969493,58.46595174262735,0.19178462392450735,0.9090909090909091,-0.670173057346454,-0.18754676289034575,0.30053659310032443,0.04696969696969697,1.0,0.42105263157894735,-0.7221872855135637,-0.34478704891587386,0.14597744725655007,Aerospace & Defense,Industrials,HXL
2021Q3,2021,Q3,2021-10-18,2021-09-30,9000000.0,333800000.0,22800000.0,0.11,66000000.0,0.19772318753744758,2872600000.0,1494300000.0,619900000.0,224900000.0,1378300000.0,244500000.0,1993600000.0,4994699000.0,5766199000.0,17.768133174791913,2.756336149399733,0.30540277100884217,0.5870976376898882,0.005920791364309182,17.768133174791913,0.006022886970487854,14.96314859197124,138.7416388888889,3.3425008365120794,0.0,1.0952965235173824,0.0,0.11620135069275221,1.4264117385504669,0.0031330501984265127,256.1384102564103,0.19772318753744758,2.666666666666667,-0.8545405727715574,-0.26486688103810574,0.3078497263007864,0.06623586429725363,3.090909090909091,0.4074074074074074,-0.8837659821774506,-0.3611279466649654,0.13056943334081503,Aerospace & Defense,Industrials,HXL
2021Q2,2021,Q2,2021-07-26,2021-06-30,2200000.0,320300000.0,16200000.0,0.03,61900000.0,0.19325632219793942,2917400000.0,1502800000.0,619300000.0,235600000.0,1414600000.0,232400000.0,1984600000.0,5247840000.0,6037940000.0,17.8692033293698,2.6286078098471988,0.3103448275862069,0.6024753792919882,0.00282389600272652,17.8692033293698,0.001463933989885547,16.384139868872932,596.3454545454546,3.4920415224913492,0.0,1.1118760757314974,0.0,0.10978953863028725,1.3773344651952462,0.0007540961129773086,146.5877094972067,0.19325632219793942,1.1764705882352942,-0.9631553100282244,-0.3215134880795874,0.35794860008515894,0.1657250470809793,1.1571428571428573,2.588235294117647,-0.9662362082791803,-0.3822826706627791,0.1335799797457052,Aerospace & Defense,Industrials,HXL
2021Q1,2021,Q1,2021-04-19,2021-03-31,-14000000.0,310300000.0,-10200000.0,-0.17,53100000.0,0.17112471801482437,2893500000.0,1486900000.0,569400000.0,219900000.0,1406600000.0,217400000.0,1982400000.0,4704000000.0,5534300000.0,17.701190476190476,2.5893587994542973,0.3152928978745464,0.6135584101150043,-0.0026925415988539435,17.701190476190476,-0.009415562579864147,15.15952304221721,-84.0,3.163629026834353,0.0,1.1830726770929163,0.0,0.10724036633834456,1.3128694861300592,-0.004838430965958182,-771.1475409836065,0.17112471801482437,0.2608695652173913,-1.2779761904761904,-0.30676301462919897,0.3579393761611421,0.7467105263157895,0.27835051546391754,0.5,-1.2435064935064934,-0.38443938953103923,0.019588571428571438,Aerospace & Defense,Industrials,HXL
2020Q4,2020,Q4,2021-02-09,2020-12-31,-19400000.0,295800000.0,-20400000.0,-0.23,30400000.0,0.10277214334009466,2917800000.0,1510200000.0,535900000.0,183100000.0,1407600000.0,213500000.0,1996400000.0,4063462000.0,4886562000.0,18.021479713603817,2.9268159475696343,0.3174994859140448,0.6134286849423918,-0.004909781054021344,18.021479713603817,-0.012845980664812608,13.737194050033807,-52.36420103092784,2.6906780558866377,0.0,1.2430913348946135,0.0,0.10137775035986017,1.484434735117422,-0.0066488450202207144,38.8848038277512,0.10277214334009466,-2.9166666666666665,-1.4054533942021157,-0.283251819494633,0.4422072609055615,1.2518518518518518,-3.0,0.4574468085106383,-1.2364962791793876,-0.3791577795574021,0.08483256920897837,Aerospace & Defense,Industrials,HXL
2020Q3,2020,Q3,2020-10-19,2020-09-30,9700000.0,286900000.0,-37600000.0,0.12,13500000.0,0.047054722899965144,2972100000.0,1499400000.0,575800000.0,175500000.0,1472700000.0,262900000.0,2015800000.0,2811490000.0,3742690000.0,17.892601431980907,3.280911680911681,0.33619326402207195,0.6663998932906496,0.003051295338101547,17.892601431980907,0.006469254368414033,9.79954688044615,72.4610824742268,1.8750766973456048,0.0,1.0399391403575504,0.0,0.09653107230577707,1.5202279202279203,0.0032636856095016992,36.99328947368421,0.047054722899965144,13.0,-0.7927285704726429,-0.2691989032540766,0.4340426814889743,-0.7540983606557377,10.7,-6.875,-0.8503696373479248,-0.37239297168814955,0.12996662859849978,Aerospace & Defense,Industrials,HXL
2020Q2,2020,Q2,2020-07-27,2020-06-30,-1000000.0,378700000.0,6400000.0,-0.01,54900000.0,0.14496963295484552,3222500000.0,1436900000.0,849600000.0,219900000.0,1785600000.0,316600000.0,2006100000.0,3784914000.0,4792914000.0,17.16726403823178,3.863574351978172,0.3926144297905353,0.8805066462523488,0.00038520370655387983,17.16726403823178,-0.0006959426543252836,9.99449168207024,-946.2284999999999,2.634083095552926,0.0,1.0227416298168035,0.0,0.11751745539177658,2.289677125966348,-0.0003103180760279286,73.06783783783784,0.14496963295484552,-1.02,-1.0187053786677356,-0.08121515698804166,0.3298778717667923,-0.6103619588360539,-1.0235849056603774,-0.9025875190258752,-1.0175914288817516,-0.164723294037884,0.17046594622838648,Aerospace & Defense,Industrials,HXL
2020Q1,2020,Q1,2020-04-20,2020-03-31,42400000.0,541000000.0,65700000.0,0.5,140900000.0,0.26044362292051754,3433300000.0,1421100000.0,1040300000.0,309900000.0,2012200000.0,354400000.0,2007100000.0,3112803000.0,4171403000.0,16.978494623655912,3.3568893191352047,0.40424664317129294,0.9766378157765111,0.018231427730144432,16.978494623655912,0.029836042502286962,5.753794824399261,18.353791273584903,2.190417986067131,0.33490566037735847,1.1289503386004516,0.0045618049070243125,0.157574345381994,2.1035818005808324,0.01234963446247051,-167.355,0.26044362292051754,-0.41860465116279066,-0.28440325124518195,0.31791967821449973,0.40139955623826584,-0.03822525597269624,-0.4207650273224044,-0.32546201232032856,-0.2832724865082799,0.2338542493230288,0.22898107911788257,Aerospace & Defense,Industrials,HXL
2019Q4,2019,Q4,2020-02-18,2019-12-31,73200000.0,564300000.0,97400000.0,0.86,146500000.0,0.25961368066631224,3128600000.0,1446100000.0,704900000.0,322600000.0,1682500000.0,333100000.0,1978900000.0,6187364000.0,7181064000.0,17.13388625592417,2.185058896466212,0.3382023908457457,0.7316921374732038,0.03240843890792161,17.13388625592417,0.050618906023096606,10.964671274144958,21.131707650273224,4.278655694626927,0.1953551912568306,1.2542779945962172,0.0023111619099829912,0.18036821581538068,1.0685058896466213,0.023397046602314134,35.88958236658933,0.25961368066631224,-0.07526881720430113,0.5673675628701207,0.3547762024634906,0.4244712810386561,-0.07219759341355288,-0.08841843088418432,-0.11373976342129208,0.3381178063642518,0.26944475756848024,0.26346755425643736,Aerospace & Defense,Industrials,HXL
2019Q3,2019,Q3,2019-10-21,2019-09-30,80300000.0,572500000.0,109900000.0,0.93,157900000.0,0.2758078602620087,3155200000.0,1417800000.0,771600000.0,347000000.0,1737400000.0,352200000.0,1920000000.0,6989263000.0,8064763000.0,16.660399529964746,2.2236311239193083,0.3557619168356998,0.7917195655240513,0.0352651433653312,16.660399529964746,0.05663704330653124,12.208319650655023,21.759847447073472,4.929653688813655,0.1793275217932752,1.1771720613287904,0.00206030306771973,0.1814465010141988,1.1305475504322766,0.025450050709939148,123.26742504409171,0.2758078602620087,-0.010638297872340318,0.6200085078065443,0.426162782080309,0.41595659596400164,-0.06457345971563981,-0.007416563658838072,-0.045178105994787145,0.28257078958341236,0.2460101590536374,0.22631335272965855,Aerospace & Defense,Industrials,HXL
2019Q2,2019,Q2,2019-07-22,2019-06-30,80900000.0,609000000.0,115100000.0,0.94,168800000.0,0.277175697865353,3195100000.0,1442400000.0,798100000.0,359700000.0,1752700000.0,339300000.0,1854100000.0,6925056000.0,7992956000.0,16.929577464788732,2.2187934389769253,0.35156959093612095,0.778771491957848,0.03456306243500064,16.929577464788732,0.05608707709373267,11.3711921182266,21.400049443757727,4.801064891846922,0.15822002472187885,1.2973769525493664,0.0018483605042327455,0.19060436293073768,1.1909924937447873,0.025320021282588964,94.73400820793434,0.277175697865353,0.11904761904761903,0.825875874482733,0.4794499821734062,0.42470843048256673,0.009569377990430622,0.12049861495844875,0.11964980544747082,0.3373871570319548,0.2733798504767603,0.28654286341672586,Aerospace & Defense,Industrials,HXL
2019Q1,2019,Q1,2019-04-23,2019-03-31,72200000.0,609900000.0,102800000.0,0.84,167200000.0,0.27414330218068533,3166000000.0,1372400000.0,782300000.0,349900000.0,1793600000.0,334500000.0,1786000000.0,5984850000.0,7108750000.0,16.145882352941175,2.235781651900543,0.3687934301958307,0.8507723695715534,0.03125591200237832,16.145882352941175,0.05260856893034101,9.812838170191835,20.7231648199446,4.360864179539493,0.17590027700831026,1.3234678624813154,0.0021220247792342333,0.19264055590650664,1.2052014861388969,0.022804801010739104,-393.74013157894734,0.27414330218068533,0.1052631578947368,0.6700011741223434,0.5307915758896152,0.365123958596314,0.11170212765957446,0.09228441754916793,0.07306889352818371,0.41669747899159665,0.34653902067155995,0.2386245681845633,Aerospace & Defense,Industrials,HXL
2018Q4,2018,Q4,2019-02-06,2018-12-31,66100000.0,561000000.0,95800000.0,0.76,150400000.0,0.26809269162210336,2824100000.0,1322000000.0,675800000.0,326700000.0,1502100000.0,297800000.0,1726500000.0,4925506000.0,5848806000.0,15.389988358556462,2.068564432200796,0.33851492510888426,0.7231467473524962,0.031894754462118195,15.389988358556462,0.05,8.779868092691622,18.628993948562783,3.725798789712557,0.1951588502269289,1.378777703156481,0.002619020259035315,0.19864735668000424,1.0532598714416896,0.023405686767465742,45.146709440879924,0.26809269162210336,-0.16483516483516486,0.6288554557835236,0.525599174297613,0.32228700391940646,0.05174825174825175,-0.17478152309612985,-0.007253886010362694,0.3476947134023469,0.32611792539409745,0.23161656582547474,Aerospace & Defense,Industrials,HXL
2018Q3,2018,Q3,2018-10-22,2018-09-30,80100000.0,540500000.0,96500000.0,0.91,143000000.0,0.2645698427382054,2846500000.0,1367300000.0,699000000.0,270900000.0,1479200000.0,308700000.0,1673300000.0,5801160000.000001,6743960000.000001,15.716091954022989,2.5802879291251384,0.34779553838046723,0.7240547063555913,0.03721948222466193,15.716091954022989,0.05858260805967966,10.73295097132285,18.105992509363297,4.242785050830103,0.16354556803995007,1.2876579203109815,0.0022581690558440034,0.18988231161075003,1.3333333333333333,0.028139820832601442,79.5769547325103,0.2645698427382054,0.1973684210526316,0.884861573320116,0.5023055413840497,0.3992626967459297,-0.012430939226519336,0.16424418604651161,0.0,0.6486368030937802,0.3261391808552052,0.25960144666226254,Aerospace & Defense,Industrials,HXL
2018Q2,2018,Q2,2018-07-23,2018-06-30,68800000.0,547500000.0,96500000.0,0.76,144800000.0,0.2644748858447489,2836100000.0,1399800000.0,707800000.0,293800000.0,1436300000.0,305400000.0,1606200000.0,5894544000.0,6794844000.0,15.763513513513514,2.409121851599728,0.33122950530658296,0.6710958708386913,0.031856285582517165,15.763513513513514,0.04914987855407915,10.766290410958904,21.419127906976744,4.210990141448778,0.16279069767441862,1.3185985592665357,0.0019000621591763502,0.1930467896054441,1.238938053097345,0.024258665068227495,112.92229885057472,0.2644748858447489,0.11764705882352934,0.5974737624222161,0.4589542216139471,0.5139755583474369,0.015427769985974754,0.11688311688311688,0.17111650485436894,0.21301852906390994,0.25203114613457267,0.22113504844058168,Aerospace & Defense,Industrials,HXL
2018Q1,2018,Q1,2018-04-23,2018-03-31,61600000.0,540100000.0,82400000.0,0.68,142600000.0,0.26402518052212554,2884700000.0,1562500000.0,715900000.0,270800000.0,1322200000.0,300800000.0,1548700000.0,5813100000.0,6603300000.0,17.36111111111111,2.643648449039882,0.2911914583838874,0.5376,0.027797657010506533,17.36111111111111,0.039424,10.763006850583226,23.592126623376625,3.720384,0.18181818181818182,1.3214760638297873,0.0019266828370404774,0.18722917461087807,1.4054652880354506,0.021354040281485076,1875.1935483870968,0.26402518052212554,-0.2916666666666666,0.5761060142711518,0.44660637588368696,0.7251143661476203,0.0028129395218002813,-0.300794551645857,-0.11587982832618025,-0.0331342796541035,0.22362630116339322,0.4329805996472663,Aerospace & Defense,Industrials,HXL
2017Q4,2017,Q4,2018-02-07,2017-12-31,88100000.0,511700000.0,93200000.0,0.96,142200000.0,0.27789720539378543,2780900000.0,1495100000.0,656700000.0,262100000.0,1285800000.0,314000000.0,1496100000.0,5566500000.0,6316300000.0,16.612222222222222,2.505532239603205,0.29123665000539395,0.5417028961273493,0.04128210184609317,16.612222222222222,0.05892582435957461,10.878444401016221,15.795970488081725,3.723162330278911,0.1282633371169126,1.1767515923566878,0.0020300008982304858,0.18400517817972598,1.178176268599771,0.031680391240245964,87.79968454258675,0.27789720539378543,0.26315789473684204,1.6634266787112315,0.4738698109418481,0.6777659300986933,0.048672566371681415,0.26398852223816355,0.04601571268237935,0.769031716026045,0.15205407187603032,0.38110135180836974,Aerospace & Defense,Industrials,HXL
2017Q3,2017,Q3,2017-10-18,2017-09-30,69700000.0,491500000.0,89100000.0,0.76,135600000.0,0.27589013224821973,2737200000.0,1426700000.0,707500000.0,257800000.0,1310500000.0,313400000.0,1419100000.0,5173542000.0,5888242000.0,15.834628190899002,2.744375484871994,0.3046178576647669,0.5844255975327679,0.03288672350791717,15.834628190899002,0.04885399873834723,10.526026449643947,18.556463414634145,3.626229760986893,0.1606886657101865,1.1356094447989789,0.002164861133822824,0.17956305713868187,1.41233514352211,0.025463977787520093,69.91272972972973,0.27589013224821973,0.13432835820895517,0.9495117094908506,0.39719486576599145,0.6737413927149012,-0.030736240171551108,0.1314935064935065,-0.006688963210702341,0.3281260566714006,0.15643678841266825,0.3457748231796703,Aerospace & Defense,Industrials,HXL
2017Q2,2017,Q2,2017-07-24,2017-06-30,61600000.0,491300000.0,89700000.0,0.67,139900000.0,0.2847547323427641,2627300000.0,1330300000.0,648400000.0,270800000.0,1297000000.0,313000000.0,1360600000.0,4788053000.0,5564153000.0,14.667034178610805,2.3943870014771047,0.31271647699158833,0.6176050514921446,0.03056884601563743,14.667034178610805,0.046305344659099454,9.745680846733157,19.43203327922078,3.5992279936856346,0.16233766233766234,1.1226837060702874,0.002088531601467235,0.18699805884367982,1.103397341211226,0.02344612339664294,107.59669662921348,0.2847547323427641,-0.04285714285714274,0.4177508269018743,0.3596172499353724,0.6429701785319203,0.04325130499627144,-0.04643962848297214,0.14122137404580154,0.3059776616653085,0.1211457272808079,0.2343041217599303,Aerospace & Defense,Industrials,HXL
2017Q1,2017,Q1,2017-04-19,2017-03-31,64600000.0,478800000.0,78600000.0,0.7,134100000.0,0.2800751879699248,2575500000.0,1262700000.0,686800000.0,274800000.0,1312800000.0,303600000.0,1309100000.0,4985870000.0,5744970000.0,13.815098468271335,2.499272197962154,0.3266161910308678,0.6661914944167261,0.03291523827952393,13.815098468271335,0.05116021224360497,10.413262322472848,19.29516253869969,3.9485784430189272,0.1563467492260062,1.1353754940711462,0.002025724697996538,0.18590564938846826,1.2718340611353711,0.025082508250825083,-159.2929712460064,0.2800751879699248,0.0937499999999999,0.781236876422872,0.30668208221467597,0.5952178955611237,-0.011061946902654867,0.08571428571428572,-0.09655172413793103,0.3895840703712923,0.11759461868871061,0.16805768165212584,Aerospace & Defense,Industrials,HXL
2016Q4,2016,Q4,2017-02-09,2016-12-31,59500000.0,483500000.0,87000000.0,0.64,135600000.0,0.28045501551189245,2400600000.0,1244900000.0,607000000.0,271900000.0,1155700000.0,291000000.0,1254700000.0,4722192000.0,5375692000.0,13.561002178649238,2.23243839646929,0.28688661168041324,0.5532171258735641,0.03242900068898099,13.561002178649238,0.04779500361474817,9.766684591520166,19.841142857142856,3.7932299783115107,0.16974789915966387,1.19553264604811,0.0021388372179699596,0.20140798133799884,1.0327326222876057,0.024785470299091894,255.25362162162162,0.28045501551189245,-0.11111111111111106,0.637599624941397,0.47941197932092117,0.6870955091363672,-0.0007369196757553427,-0.12756598240469208,-0.02356902356902357,0.37198238578281045,0.2303383031854833,0.16514298277432696,Aerospace & Defense,Industrials,HXL
2016Q3,2016,Q3,2016-10-19,2016-09-30,68200000.0,500500000.0,89100000.0,0.72,135700000.0,0.27112887112887113,2390600000.0,1259400000.0,641100000.0,276600000.0,1131200000.0,315100000.0,1205200000.0,4106609999.9999995,4735810000.0,13.585760517799352,2.3177874186550977,0.2823140634150422,0.535890106399873,0.03717678128969263,13.585760517799352,0.05415277116087026,8.205014985014984,15.053555718475073,3.2607670319199618,0.14809384164222875,1.1577277054903206,0.002459449521624893,0.20936166652723165,1.0849602313810556,0.028528402911402996,53.96333771353482,0.27112887112887113,0.0285714285714286,1.261955014171139,0.5193705602808303,0.7040292553682198,-0.09713905522288756,0.03177004538577912,-0.10989010989010989,0.5061590567262303,0.3055880645344439,0.20959128739470928,Aerospace & Defense,Industrials,HXL
2016Q2,2016,Q2,2016-07-20,2016-06-30,66100000.0,522600000.0,100100000.0,0.7,150300000.0,0.2876004592422503,2369600000.0,1225100000.0,684600000.0,271600000.0,1144500000.0,331500000.0,1147300000.0,3876684000.0,4545184000.0,13.158968850698175,2.520618556701031,0.2985313977042539,0.5774222512447963,0.03596459953012122,13.158968850698175,0.05395477920169782,7.418071182548794,14.662193645990923,3.1643816831279077,0.15582450832072617,1.123076923076923,0.0026569098745216273,0.22054355165428766,1.2120765832106037,0.02789500337609723,71.79044444444445,0.2876004592422503,0.18644067796610167,0.8717898642710672,0.5648098800253998,0.6709263730571025,0.05104895104895105,0.18035714285714285,0.19308700834326578,0.4638953790957511,0.32828182958240715,0.2638272042545307,Aerospace & Defense,Industrials,HXL
2016Q1,2016,Q1,2016-04-20,2016-03-31,56000000.0,497700000.0,83900000.0,0.59,143000000.0,0.287321679726743,2321600000.0,1217500000.0,691900000.0,264200000.0,1104100000.0,333100000.0,1091400000.0,4082514000.0,4746814000.0,13.035331905781584,2.6188493565480697,0.29656271536871126,0.5655030800821356,0.03124259302457895,13.035331905781584,0.0459958932238193,8.202760699216395,18.22550892857143,3.353194250513347,0.16607142857142856,1.064845391774242,0.0022780081097088707,0.21437801516195726,1.265329295987888,0.024121295658166782,-54.36103861517976,0.287321679726743,0.053571428571428416,1.2302251638440074,0.5780389933435447,0.7803471392875543,0.1189358372456964,0.03896103896103896,0.0332512315270936,0.3806651867276977,0.28451586201932594,0.29527644827837596,Aerospace & Defense,Industrials,HXL
2015Q4,2015,Q4,2016-02-04,2015-12-31,53900000.0,464900000.0,81200000.0,0.56,127800000.0,0.27489782748978275,2187400000.0,1179600000.0,633800000.0,292600000.0,1007800000.0,307200000.0,1044400000.0,4384880000.0,4909580000.0,12.495762711864407,2.166097060833903,0.2635549053671025,0.48872499152255,0.032610539502905656,12.495762711864407,0.04569345540861309,9.431877823187783,20.338033395176254,3.7172600881654803,0.17439703153988867,1.0973307291666667,0.0021437302731203587,0.21253543019109444,0.9767600820232399,0.024641126451494924,54.33556381660471,0.27489782748978275,0.018181818181818195,1.4484586633113758,0.5550295656439043,0.8609097638839622,0.029814665592264304,0.007476635514018692,0.041025641025641026,0.5535460015617104,0.27665563855811864,0.2620204972046941,Aerospace & Defense,Industrials,HXL
2015Q3,2015,Q3,2015-10-19,2015-09-30,53500000.0,448800000.0,78000000.0,0.55,124100000.0,0.2765151515151515,2240700000.0,1195300000.0,727500000.0,277500000.0,1045400000.0,326200000.0,999900000.0,4297588000.0,4849788000.0,12.477035490605427,2.6216216216216215,0.26572053376177085,0.49811762737388104,0.03127420829599616,12.477035490605427,0.044758637998828746,9.575730837789662,20.082186915887853,3.5954053375721577,0.18130841121495328,0.9954015941140405,0.0022570800179077194,0.20029455081001474,1.083963963963964,0.023876467175436247,138.18610932475883,0.2765151515151515,-0.12698412698412692,2.4975041486001817,0.5541631369824657,0.9190906288289518,-0.10783608914450037,-0.13290113452188007,-0.1390728476821192,0.4073630154950115,0.19990148014355746,0.3188393505192583,Aerospace & Defense,Industrials,HXL
2015Q2,2015,Q2,2015-07-20,2015-06-30,61700000.0,475700000.0,90600000.0,0.63,139100000.0,0.2924111835190246,2200100000.0,1247000000.0,752000000.0,280900000.0,953100000.0,326800000.0,956100000.0,4804884000.0,5277584000.0,12.908902691511388,2.6771092915628336,0.23089859551838554,0.4073777064955894,0.03580274940093329,12.908902691511388,0.049478748997594225,10.100660079882278,19.4687358184765,3.8531547714514836,0.15559157212317667,1.0299877600979193,0.001997967068507793,0.21621744466160628,1.1356354574581702,0.028044179810008635,-739.2129230769231,0.2924111835190246,-0.09999999999999994,1.6958807238310343,0.5736872749185177,1.1603467429151397,-0.01904090267983075,-0.09397944199706314,0.09685230024213075,0.3333203933747411,0.236041959695789,0.44602800412458476,Aerospace & Defense,Industrials,HXL
2015Q1,2015,Q1,2015-04-20,2015-03-31,68100000.0,471800000.0,82600000.0,0.7,141800000.0,0.30055108096651123,2087200000.0,1165500000.0,711200000.0,279500000.0,921700000.0,314400000.0,904000000.0,4946604000.0,5404104000.0,12.115384615384615,2.5445438282647586,0.23006899195093905,0.412012012012012,0.04216824605206358,12.115384615384615,0.05842985842985843,10.484535820262824,18.159339207048458,4.244190476190476,0.14096916299559473,1.049618320610687,0.0019407253946343796,0.22604446147949406,1.118067978533095,0.032627443464929094,-45.13324817518248,0.30055108096651123,0.2962962962962961,3.359410773967736,0.8144289068243441,1.0433817352694106,0.10350194552529182,0.28733459357277885,0.07133592736705577,0.784051534051534,0.22333345977434943,0.3989533548714388,Aerospace & Defense,Industrials,HXL
2014Q4,2014,Q4,2015-02-05,2014-12-31,52900000.0,471800000.0,77100000.0,0.54,128500000.0,0.27236116998728277,2036400000.0,1149900000.0,681700000.0,310600000.0,886500000.0,290100000.0,845500000.0,3966444000.0,4311844000.0,12.028242677824268,2.1947842884739215,0.2044293851895502,0.3620314809983477,0.03452483718554463,12.028242677824268,0.04600400034785634,8.407045358202629,18.74500945179584,3.4493816853639445,0.0,1.1833850396415029,0.0,0.2316833627970929,0.9800386349001932,0.025977214692594775,65.56105785123967,0.27236116998728277,-0.05263157894736828,8.445735153784042,0.8011618490396656,1.0332661788608433,0.05327868852459016,-0.05197132616487455,-0.024050632911392405,0.39807743233938875,0.3862302703708458,0.49640815164156304,Aerospace & Defense,Industrials,HXL
2014Q3,2014,Q3,2014-10-20,2014-09-30,55800000.0,451900000.0,79000000.0,0.57,122000000.0,0.26997123257357825,1959800000.0,1127200000.0,668500000.0,259700000.0,832600000.0,300700000.0,792600000.0,3803260000.0000005,4198360000.0000005,11.766179540709812,2.5741239892183287,0.22083886110827636,0.38396025550035484,0.03658880386629078,11.766179540709812,0.04950319375443577,8.416154016375305,17.039695340501794,3.3740773598296667,0.0,1.0971067509145327,0.0,0.23058475354628022,1.1293800539083558,0.028472293091131747,603.6920634920635,0.26997123257357825,0.1176470588235293,4.426991328087362,0.7778639863776878,0.9406685914804779,-0.054996127033307515,0.10276679841897234,0.05193075898801598,0.7908038226636758,0.3274439476785657,0.47580359119507337,Aerospace & Defense,Industrials,HXL
2014Q2,2014,Q2,2014-07-21,2014-06-30,50600000.0,470100000.0,75100000.0,0.51,129100000.0,0.2746224207615401,1947400000.0,1156200000.0,693800000.0,267600000.0,791200000.0,288400000.0,736800000.0,3979570000.0,4333570000.0,11.882836587872559,2.592675635276532,0.20427236315086783,0.34405812143227815,0.03318755534897806,11.882836587872559,0.04376405466182321,8.465369070410551,19.661907114624505,3.4419391108804707,0.0,1.182385575589459,0.0,0.24139878812776008,1.2156203288490284,0.025983362431960564,313.35196850393703,0.2746224207615401,0.020000000000000018,1.9995228307150197,0.6883066006110162,1.0304123882293263,-0.0007739938080495357,0.00998003992015968,0.006702412868632708,0.37101747173689625,0.3468501098793813,0.5088830490202632,Aerospace & Defense,Industrials,HXL
2014Q1,2014,Q1,2014-04-21,2014-03-31,50100000.0,461700000.0,74600000.0,0.5,129200000.0,0.27983539094650206,1904700000.0,1165000000.0,701700000.0,263900000.0,739700000.0,283900000.0,686200000.0,4288690000.0,4593490000.0,11.82741116751269,2.6589617279272453,0.1862760539717541,0.30454935622317597,0.033712504103345003,11.82741116751269,0.043004291845493564,9.288910547974876,21.400648702594808,3.6812789699570816,0.0,1.1711870376893272,0.0,0.2424003780122854,1.2538840469874952,0.02630335485903292,-198.55046296296297,0.27983539094650206,0.08695652173913039,1.1040739294546402,0.47651016467315627,1.1790890769227795,0.14235190097259062,0.06369426751592357,0.11343283582089553,0.8919473927088142,0.3880995389221923,0.6153710384558361,Aerospace & Defense,Industrials,HXL
2013Q4,2013,Q4,2014-02-05,2013-12-31,47100000.0,426800000.0,67000000.0,0.46,113100000.0,0.26499531396438614,1836100000.0,1160400000.0,656400000.0,268700000.0,675700000.0,265300000.0,636100000.0,4455593000.0,4685093000.0,11.638916750250752,2.4428730926684032,0.16066663035782364,0.2542226818338504,0.032802020861673435,11.638916750250752,0.0405894519131334,10.43953373945642,23.649644373673034,3.8397044122716304,0.0,1.1824349792687523,0.0,0.23244921300582758,1.1086713807219948,0.02565219759272371,293.13111842105263,0.26499531396438614,-0.04166666666666659,0.6159007056505205,0.431383615440449,1.2125827600633794,0.008920606601248885,-0.03285420944558522,-0.028985507246376812,1.0258241974832794,0.3517001164264496,0.7333054669011584,Aerospace & Defense,Industrials,HXL
2013Q3,2013,Q3,2013-10-21,2013-09-30,48700000.0,412300000.0,69000000.0,0.48,112100000.0,0.271889400921659,1761400000.0,1119800000.0,653100000.0,243300000.0,641600000.0,260300000.0,589000000.0,3868359999.9999995,4075459999.9999995,11.231695085255767,2.684340320591862,0.15147042125581922,0.23825683157706734,0.035893907257521056,11.231695085255767,0.043489908912305766,9.382391462527284,19.858110882956876,3.45450973388105,0.0,1.1532846715328466,0.0,0.23407516748041332,1.2161939991779696,0.02764846145111843,83.01201716738197,0.271889400921659,0.0,0.4283912343089876,0.20418436964484277,1.124796266863716,-0.04023972602739726,0.004123711340206186,-0.04033379694019471,2.059171103052748,0.3719157472417252,0.7275450406635523,Aerospace & Defense,Industrials,HXL
2013Q2,2013,Q2,2013-07-22,2013-06-30,48500000.0,422600000.0,71900000.0,0.48,116800000.0,0.27638428774254614,1695000000.0,1041200000.0,626300000.0,213700000.0,653800000.0,251700000.0,540300000.0,3475000000.0,3732300000.0,10.412,2.9307440336920916,0.18525073746312684,0.30157510564733,0.03716927562395321,10.412,0.04658086822896658,8.22290582110743,17.91237113402062,3.337495197848636,0.0,1.2149384187524832,0.0,0.24932153392330383,1.4169396350023398,0.028613569321533923,111.73633440514469,0.27638428774254614,0.11627906976744183,0.7474531835205993,0.1308517385257302,0.9948902609042024,0.04285714285714286,0.11238532110091744,0.14126984126984127,1.047077922077922,0.3504916420845625,0.7424819773429456,Aerospace & Defense,Industrials,HXL
2013Q1,2013,Q1,2013-04-22,2013-03-31,43600000.0,416500000.0,63000000.0,0.43,112000000.0,0.2689075630252101,1638000000.0,1010400000.0,599100000.0,247300000.0,627600000.0,245900000.0,491800000.0,2871440000.0,3127040000.0,10.063745019920319,2.422563687828548,0.1672161172161172,0.27108076009501186,0.03472988313245712,10.063745019920319,0.04315122723673793,6.89421368547419,16.46467889908257,2.841884402216944,0.0,1.2383082553883693,0.0,0.25427350427350426,1.1621512333198545,0.026617826617826617,-192.71409395973154,0.2689075630252101,0.19444444444444448,0.79882195356505,0.15721873030374858,1.0643028738833353,0.17154811715481172,0.18157181571815717,0.16022099447513813,1.6742901810479605,0.5347526244830563,0.6973520375077951,Aerospace & Defense,Industrials,HXL
2012Q4,2012,Q4,2013-02-08,2012-12-31,36900000.0,387300000.0,54300000.0,0.36,95600000.0,0.24683707720113607,1603100000.0,994100000.0,575700000.0,235300000.0,609000000.0,232800000.0,448200000.0,2706784000.0,2930784000.0,9.901394422310757,2.446663833404165,0.16006487430603206,0.25812292525902825,0.030471171941830626,9.901394422310757,0.03711900211246354,6.988856183836819,18.338644986449864,2.7228488079670052,0.0,1.2530068728522337,0.0,0.24159441082901878,1.1117722056948576,0.023017902813299233,99.88132841328414,0.24683707720113607,-0.07692307692307698,1.9931882638935783,0.16686323638402012,1.2252666136203547,-0.036290322580645164,-0.0728643216080402,-0.095,5.273799538687356,0.4078827226726999,0.6737416214225793,Aerospace & Defense,Industrials,HXL
2012Q3,2012,Q3,2012-10-22,2012-09-30,39800000.0,391600000.0,60000000.0,0.39,99200000.0,0.2533197139938713,1566900000.0,948900000.0,584200000.0,229500000.0,618000000.0,235700000.0,411300000.0,2418233000.0,2671433000.0,9.460618145563311,2.545533769063181,0.18916331610185716,0.3123616819475182,0.03317664730806518,9.460618145563311,0.04194330277163031,6.17526302349336,15.189905778894472,2.548459268626831,0.0,1.240560033941451,0.0,0.24992022464739294,1.2435729847494554,0.025400472270087435,198.21581967213115,0.2533197139938713,-0.17021276595744672,1.1767183997141524,0.3180962271492176,1.3362286287118352,-0.05971563981042654,-0.17083333333333334,-0.1880920162381597,2.697196870925685,0.4715107885212507,0.5603981247746124,Aerospace & Defense,Industrials,HXL
2012Q2,2012,Q2,2012-07-23,2012-06-30,48000000.0,399200000.0,73900000.0,0.47,105500000.0,0.26427855711422843,1517300000.0,894500000.0,591600000.0,241400000.0,622800000.0,242200000.0,371500000.0,2584158000.0,2851458000.0,8.927145708582835,2.4507042253521125,0.1976537270150926,0.3352711011738401,0.04228220233103097,8.927145708582835,0.05366126327557295,6.473341683366733,13.45915625,2.888941307993292,0.0,1.212634186622626,0.0,0.26309892572332433,1.172328086164043,0.031635141369537996,-261.0260606060606,0.26427855711422843,0.205128205128205,4.138813282525858,0.297766096516422,1.4043439511846494,-0.008458646616541353,0.21212121212121213,0.21947194719471946,1.7630453378956372,0.39218425752173985,0.5253754525862753,Aerospace & Defense,Industrials,HXL
2012Q1,2012,Q1,2012-04-23,2012-03-31,39600000.0,400100000.0,60600000.0,0.39,106400000.0,0.2659335166208448,1466900000.0,864300000.0,584800000.0,220800000.0,602600000.0,232000000.0,323500000.0,2396198000.0,2656798000.0,8.660320641282565,2.648550724637681,0.21085281886972526,0.35786185352308225,0.03514116109975006,8.660320641282565,0.045817424505380074,5.988997750562359,15.127512626262627,2.7724146708318873,0.0,1.265948275862069,0.0,0.2727520621719272,1.357336956521739,0.026995705228713612,-39.476079077429986,0.2659335166208448,-0.014632911392405046,0.5871743486973948,0.1464791463059981,1.4446550759176013,0.24299065420560748,0.002531645569620253,0.22672064777327935,0.6414367195930323,0.26284720433382236,0.5955824858701034,Aerospace & Defense,Industrials,HXL
2011Q4,2011,Q4,2012-02-07,2011-12-31,39500000.0,355300000.0,49400000.0,0.39579158316633267,85600000.0,0.2409231635237827,1376100000.0,802200000.0,524300000.0,247500000.0,573900000.0,215700000.0,283900000.0,2416158000.0,2617558000.0,8.03807615230461,2.1183838383838385,0.18232686578010318,0.31276489653453005,0.038841951000594545,8.03807615230461,0.04923959112440788,6.800332113706727,15.29213924050633,3.0119147344801793,0.0,1.250347705146036,0.0,0.25819344524380494,1.0052525252525253,0.02870430927984885,2416.158,0.2409231635237827,0.2368486973947896,1.055492199869352,0.1909299025096455,1.505235936063108,-0.010404624277456647,0.2267080745341615,0.07391304347826087,0.35380301238519446,0.19039599059950635,0.5280553251042542,Aerospace & Defense,Industrials,HXL
2011Q3,2011,Q3,2011-10-24,2011-09-30,32200000.0,351800000.0,46000000.0,0.32,86500000.0,0.2458783399658897,1321100000.0,789300000.0,530000000.0,220700000.0,531800000.0,213300000.0,244400000.0,2193840000.0,2394240000.0,7.972727272727273,2.401449932034436,0.1883279085610476,0.3152160141897884,0.03217152516517927,7.972727272727273,0.04079564170784239,6.236043206367254,17.032919254658385,2.7794754846066136,0.0,1.2437880918893578,0.0,0.266293240481417,1.1640235613955596,0.024373628037241694,1096.92,0.2458783399658897,-0.13513513513513511,0.9411567908383193,0.15173387279924813,1.5178447773998835,-0.005747126436781609,-0.13903743315508021,-0.06882591093117409,-0.048882767064585275,0.03475003505178522,0.5082693233055907,Aerospace & Defense,Industrials,HXL
2011Q2,2011,Q2,2011-07-25,2011-06-30,37400000.0,353700000.0,49400000.0,0.37,87000000.0,0.24597116200169636,1319400000.0,776500000.0,522400000.0,227100000.0,542900000.0,207900000.0,212200000.0,2158354000.0,2353854000.0,7.87525354969574,2.3003082342580363,0.19054115507048658,0.32376046361880234,0.03844731977818854,7.87525354969574,0.048164842240824214,6.102216567712751,14.427500000000002,2.779593045717965,0.0,1.2828282828282829,0.0,0.2680763983628922,1.1611624834874505,0.028346217977868727,75.73171929824561,0.24597116200169636,0.423076923076923,1.0129310344827585,0.060273576912214064,1.673750205531015,0.04819277108433735,0.4166666666666667,0.046610169491525424,0.3666537517757975,-0.04008158728457093,0.508861564391018,Aerospace & Defense,Industrials,HXL
2011Q1,2011,Q1,2011-04-25,2011-03-31,26400000.0,331600000.0,47200000.0,0.26,83000000.0,0.2503015681544029,1276900000.0,719000000.0,503500000.0,208500000.0,557900000.0,198700000.0,174800000.0,1933558000.0000002,2160658000.0,7.321792260692464,2.4148681055155876,0.21747983397290313,0.386230876216968,0.03212463880541164,7.321792260692464,0.036717663421418634,5.83099517490953,18.310208333333335,2.689232267037552,0.0,1.2511323603422244,0.0,0.2596914402067507,1.2498800959232614,0.020675072441068212,-101.7662105263158,0.2503015681544029,0.11493449781659387,0.722424327551092,0.021834055341422465,1.8627714689323651,0.22781065088757396,0.15283842794759825,0.5225806451612903,0.1135964604255916,-0.0580297310958649,0.5018660325561277,Aerospace & Defense,Industrials,HXL
2010Q4,2010,Q4,2011-02-10,2010-12-31,22900000.0,311000000.0,31000000.0,0.23319755600814665,67600000.0,0.21736334405144694,1258100000.0,659400000.0,497700000.0,205900000.0,598700000.0,169900000.0,148400000.0,1776438000.0,1991438000.0,6.714867617107943,2.4171928120446817,0.26404896272156425,0.5037913254473764,0.026596545308953418,6.714867617107943,0.03472854109796785,5.712019292604501,19.39342794759825,2.6940218380345766,0.0,1.4326074161271336,0.0,0.24719815594944758,1.4137931034482758,0.01820205071139019,44.30019950124688,0.21736334405144694,0.45748472505091653,-0.8411726323082344,0.039995997232619235,1.9833151680025252,-0.04113475177304964,0.46794871794871795,-0.10144927536231885,0.8991767061341435,-0.042023018038895806,0.5091178157251481,Aerospace & Defense,Industrials,HXL
2010Q3,2010,Q3,2010-10-25,2010-09-30,15600000.0,294500000.0,34500000.0,0.16,70500000.0,0.23938879456706283,1251000000.0,635200000.0,499800000.0,196900000.0,615800000.0,197500000.0,125500000.0,1738083000.0,1988883000.0,6.501535312180144,2.5383443372270187,0.2632294164668265,0.5184193954659949,0.024851867722678642,6.501535312180144,0.02455919395465995,5.901809847198642,27.853894230769228,2.736276763224181,0.0,1.1341772151898735,0.0,0.2354116706634692,1.3275774504824784,0.012470023980815348,66.84934615384616,0.23938879456706283,-0.30434782608695654,8.057783567507212,-0.31997770855489716,51.71197543500512,-0.10076530612244898,-0.3246753246753247,-0.14814814814814814,-0.12410883854668944,0.017644529260140766,0.605505337303918,Aerospace & Defense,Industrials,HXL
2010Q2,2010,Q2,2010-07-26,2010-06-30,23100000.0,305100000.0,40500000.0,0.23,78400000.0,0.25696492953130123,1234200000.0,582600000.0,488700000.0,194100000.0,651600000.0,175400000.0,109900000.0,1512225000.0,1789725000.0,5.975384615384615,2.517774343122102,0.2929022848808945,0.6204943357363543,0.02921249639351897,5.975384615384615,0.03964984552008239,4.956489675516224,16.366071428571427,2.595648815653965,0.0,1.2924743443557583,0.0,0.24720466699076324,1.4379185986604843,0.01871657754010695,70.99647887323944,0.25696492953130123,0.43750000000000006,-0.5071638285378743,-0.45215844226444935,8.367838496345284,0.18608169440242056,0.4620253164556962,0.7016806722689075,1.5415384615384615,0.019321548017200152,0.6093475255130034,Aerospace & Defense,Industrials,HXL
2010Q1,2010,Q1,2010-04-26,2010-03-31,15800000.0,263000000.0,23800000.0,0.16,66100000.0,0.25133079847908746,1206100000.0,576900000.0,437300000.0,164600000.0,629200000.0,167000000.0,86800000.0,1405012000.0,1699612000.0,5.929085303186023,2.6567436208991495,0.2987314484702761,0.624544981799272,0.023113542509470328,5.929085303186023,0.027387762177153753,5.342250950570342,22.231202531645568,2.435451551395389,0.0,1.1790419161676646,0.0,0.21805820412901086,1.4234507897934385,0.013100074620678219,-144.84659793814433,0.25133079847908746,1.7312280701754386,1.3907374100719425,-0.4986557209841212,6.299795984108235,0.17406749555950266,1.7719298245614035,0.6413793103448275,-0.35046248715313466,-0.2270150153943515,0.6736757312296882,Aerospace & Defense,Industrials,HXL
2009Q4,2009,Q4,2010-02-10,2009-12-31,5700000.0,266600000.0,14500000.0,0.05858170606372045,56300000.0,0.21117779444861215,1246600000.0,575600000.0,461100000.0,201700000.0,671000000.0,157200000.0,71000000.0,1262954000.0,1545154000.0,5.915724563206577,2.2860684184432327,0.314695973046687,0.6815496872828353,0.010230849286486458,5.915724563206577,0.00990271021542738,4.737261815453864,55.392719298245616,2.194152189020153,0.0,1.3377862595419847,0.0,0.21386170383442965,1.331184928111056,0.004572437028718113,76.54266666666666,0.21117779444861215,-0.4674390357843595,-0.5845323741007193,-0.4656841820320878,14.06793253921453,0.08061420345489444,-0.4519230769230769,-0.2602040816326531,-0.695763515470181,-0.08342324615142657,0.8437603081612012,Aerospace & Defense,Industrials,HXL
2009Q3,2009,Q3,2009-10-26,2009-09-30,10400000.0,257100000.0,19600000.0,0.11,52100000.0,0.20264488525865423,1224900000.0,587500000.0,449200000.0,159600000.0,637400000.0,158000000.0,65300000.0,1108536000.0,1403136000.0,6.062951496388029,2.8145363408521304,0.31782186300922527,0.6626382978723404,0.01606627095679176,6.062951496388029,0.01770212765957447,4.31169194865811,26.6475,1.8868697872340423,0.0,1.2974683544303798,0.0,0.20989468528043106,1.5570175438596492,0.008490489019511797,30.878440111420613,0.20264488525865423,-0.35294117647058826,-0.01658386732906136,-0.6026678810514783,3.874612382162314,-0.17432646592709986,-0.38095238095238093,-0.3400673400673401,-0.3594552135302664,-0.1400567363430653,0.9147238126442816,Aerospace & Defense,Industrials,HXL
2009Q2,2009,Q2,2009-07-27,2009-06-30,16800000.0,277300000.0,29700000.0,0.17,63100000.0,0.2275513883880274,1214800000.0,567100000.0,455900000.0,173000000.0,647700000.0,171400000.0,54800000.0,923456999.9999999,1254857000.0,5.852425180598555,2.6352601156069366,0.3325650312808693,0.7123964027508376,0.02273125767101671,5.852425180598555,0.029624404866866513,3.3301730977280917,13.741919642857141,1.6283847645917826,0.0,1.249708284714119,0.0,0.22826802765887388,1.4225433526011562,0.01382943694435298,19.648021276595742,0.2275513883880274,-0.2916666666666666,-0.22769490571348155,-0.5878796702175979,3.571917792370665,-0.18051948051948052,-0.28205128205128205,-0.2556390977443609,-0.07993245144947933,-0.15416454389883866,0.9869738708393496,Aerospace & Defense,Industrials,HXL
2009Q1,2009,Q1,2009-04-27,2009-03-31,23400000.0,307300000.0,39900000.0,0.24,77000000.0,0.2505694760820046,1199800000.0,525400000.0,469400000.0,201500000.0,674400000.0,185300000.0,38100000.0,635976000.0,1007576000.0,5.427685950413223,2.329528535980149,0.3322220370061677,0.7586600685192234,0.029163372859025035,5.427685950413223,0.04453749524172059,2.0695606898795966,6.794615384615385,1.210460601446517,0.0,1.2428494333513223,0.0,0.25612602100350057,1.2148883374689827,0.01950325054175696,-25.43904,0.2505694760820046,-0.17908127208480568,0.16092745638200182,-0.5300935098179805,3.2437511527213005,0.24394184168012925,-0.17314487632508835,0.30392156862745096,0.5487745796523226,-0.039351428109941675,1.12218865653783,Aerospace & Defense,Industrials,HXL
2008Q4,2008,Q4,2009-02-12,2008-12-31,28300000.0,289500000.0,30600000.0,0.29235537190082644,61900000.0,0.21381692573402417,1210300000.0,509200000.0,480700000.0,224200000.0,701100000.0,195300000.0,14600000.0,715352000.0,1059052000.0,5.260330578512397,2.1440677966101696,0.3260348673882508,0.7749410840534171,0.038261216867534906,5.260330578512397,0.05557737627651218,2.4709913644214163,6.319363957597173,1.404854673998429,0.0,1.1653865847414235,0.0,0.23919689333223168,1.0718108831400535,0.023382632405188796,-223.5475,0.21381692573402417,-0.1401312591152164,2.1724354605095,-0.47453330421733964,3.190865733448953,-0.12939521800281295,-0.14242424242424243,-0.16393442622950818,-0.8008811286687186,-0.017899397912412386,1.3370861345949387,Aerospace & Defense,Industrials,HXL
2008Q3,2008,Q3,2008-10-30,2008-09-30,33000000.0,331400000.0,36600000.0,0.34,71100000.0,0.21454435727217863,1188700000.0,510100000.0,499200000.0,203900000.0,678600000.0,200600000.0,-14500000.0,1321085000.0,1667385000.0,5.2860103626943005,2.4482589504659145,0.332295785311685,0.7743579690256812,0.02583867138398913,5.2860103626943005,0.0646931974122721,3.98637598068799,10.008219696969697,2.5898549304058025,0.0,1.2976071784646062,0.0,0.2787919576007403,1.2623835213339873,0.027761420038697738,80.06575757575757,0.21454435727217863,0.25925925925925924,5.41139896373057,-0.37545385484436483,3.1443249584514614,-0.0657030223390276,0.23595505617977527,0.2,18.39896373056995,-0.2252571004686815,42.23088082901555,Aerospace & Defense,Industrials,HXL
2008Q2,2008,Q2,2008-07-30,2008-06-30,26700000.0,359500000.0,30500000.0,0.27,76100000.0,0.21168289290681502,1217800000.0,502100000.0,520100000.0,232600000.0,715700000.0,207700000.0,-47600000.0,1856660000.0,2232860000.0,5.21933471933472,2.2360275150472915,0.32476597142387914,0.7876916948814977,0.03688373173667291,5.21933471933472,0.053176658036247756,5.164561891515994,17.384456928838954,3.697789285002987,0.0,1.3644679826673085,0.0,0.2952044670717688,1.1380051590713671,0.021924782394481854,-56.09244712990937,0.21168289290681502,0.1250000000000001,1.2319386694386694,-0.3838169980844052,3.204226697662146,-0.049937578027465665,0.15086206896551724,-0.17567567567567569,-0.4226603291488788,-0.34575380688454893,7.435605027233987,Aerospace & Defense,Industrials,HXL
2008Q1,2008,Q1,2008-04-30,2008-03-31,23200000.0,344500000.0,37000000.0,0.24,80100000.0,0.23251088534107403,1163700000.0,468500000.0,493700000.0,240600000.0,695200000.0,202400000.0,-74200000.0,1836471000.0,2181771000.0,4.875130072840791,2.051953449709061,0.3194122196442382,0.7933831376734258,0.03057355164148057,4.875130072840791,0.04951974386339381,5.330830188679245,19.78955818965517,3.9198954108858057,0.0,1.3063241106719368,0.0,0.29603849789464637,1.097672485453034,0.019936409727593023,-31.33909556313993,0.23251088534107403,0.9545762711864406,3.9045265348595213,-0.39625945560134845,2.831146417603614,0.07951482479784366,0.9661016949152542,0.5481171548117155,1.5809053069719043,-0.33509592625827794,5.357703332108103,Aerospace & Defense,Industrials,HXL
2007Q4,2007,Q4,2008-02-22,2007-12-31,11800000.0,317700000.0,23900000.0,0.12278876170655567,74200000.0,0.23355366698142901,1060500000.0,427600000.0,435000000.0,244300000.0,632900000.0,179400000.0,-97400000.0,2333308000.0,2621108000.0,4.449531737773153,1.7805976258698322,0.2978783592644979,0.7387745556594949,0.023559879201527106,4.449531737773153,0.027595884003741813,7.344375196726472,49.43449152542373,5.456753975678204,0.0,1.3573021181716833,0.0,0.29957567185289957,0.9042161277118297,0.011126826968411127,-2333.308,0.23355366698142901,-0.3178402127413574,1.7749782501151465,-0.38363992310270023,2.3446387119644143,0.10911808669656203,-0.3179190751445087,-0.27134146341463417,-0.12916917684429588,-0.3553194709442498,10.829088551884139,Aerospace & Defense,Industrials,HXL
2007Q3,2007,Q3,2007-11-07,2007-09-30,17300000.0,281100000.0,32800000.0,0.18,66900000.0,0.23799359658484526,1020300000.0,384300000.0,434500000.0,231300000.0,636000000.0,179000000.0,-109200000.0,2206425000.0,2499625000.0,4.049525816649104,1.8785127539991353,0.3181417230226404,0.8446526151444185,0.03261575888758617,4.049525816649104,0.045016913869372885,7.849252934898613,31.884754335260116,5.741412958626074,0.0,1.1966480446927374,0.0,0.27550720376359894,0.93558149589278,0.01695579731451534,441.285,0.23799359658484526,1.0,2.944502985598876,-0.4341128918107041,2.2683669768297356,-0.04971590909090909,0.9659090909090909,-0.04927536231884058,0.670350675129267,-0.5564219913417833,2.9199917831043884,Aerospace & Defense,Industrials,HXL
2007Q2,2007,Q2,2007-08-03,2007-06-30,8800000.0,289800000.0,34500000.0,0.09,70400000.0,0.24292615596963424,1073400000.0,350500000.0,466500000.0,246100000.0,722900000.0,166700000.0,-126500000.0,1989008000.0,2356908000.0,3.7129237288135593,1.895570906135717,0.37628097633687346,1.1523537803138373,0.026295731707317072,3.7129237288135593,0.025106990014265335,6.863381642512078,56.50590909090909,5.6747731811697575,0.0,1.316136772645471,0.0,0.2699832308552264,0.9264526615197074,0.008198248555990311,117.00047058823529,0.24292615596963424,-0.625,-0.3245922609529901,-0.4670671529714654,2.2062290286500903,-0.10089399744572158,-0.625531914893617,-0.0226628895184136,-0.5847457627118644,-0.5578961132766286,2.6316884548149275,Aerospace & Defense,Industrials,HXL
2007Q1,2007,Q1,2007-05-07,2007-03-31,23500000.0,328700000.0,35300000.0,0.24,78300000.0,0.23821113477334957,1045700000.0,333000000.0,454800000.0,211300000.0,712700000.0,189500000.0,-135200000.0,1865900000.0000002,2254000000.0,3.5425531914893615,2.1523899668717466,0.4031749067610213,1.266066066066066,0.02736174106986583,3.5425531914893615,0.07057057057057058,5.6766048068147255,19.85,5.603303303303304,0.0,1.321372031662269,0.0,0.3143348952854547,1.1159488878371984,0.022472984603614802,-66.40213523131673,0.23821113477334957,0.2464088397790055,2.0380434782608696,-0.3985678293274066,1.9218360484665775,0.2629032258064516,0.2983425414364641,0.36293436293436293,0.20061728395061726,-0.4823978270021697,2.464456101476474,Aerospace & Defense,Industrials,HXL
