Quarters,Year,Quarter,FillingDate,Date,NetIncome,Revenue,OperatingIncome,EPSDiluted,GrossProfit,GrossProfitRatio,TotalAssets,CommonStockEquity,CurrentAssets,CurrentLiability,TotalLiability,Inventory,RetainedEarnings,MarketCap,EnterpriseValue,bookValuePerShare,currentRatio,debtToAssets,debtToEquity,roic,shareholdersEquityPerShare,roe,priceToSalesRatio,peRatio,pbRatio,payoutRatio,inventoryTurnover,dividendYield,assetTurnover,quickRatio,returnOnAssets,priceToFreeCashFlowsRatio,grossProfitMargin,epsdilutedGrowth,fiveYNetIncomeGrowthPerShare,fiveYRevenueGrowthPerShare,fiveYShareholdersEquityGrowthPerShare,grossProfitGrowth,netIncomeGrowth,operatingIncomeGrowth,threeYNetIncomeGrowthPerShare,threeYRevenueGrowthPerShare,threeYShareholdersEquityGrowthPerShare,Industry,Sector,Symbol
2022Q4,2022,Q4,2022-12-31,2022-12-31,7895000000.0,33841000000.0,16584000000.0,2.51,19804000000.0,0.5852072929,158021000000.0,53988000000.0,78169000000.0,43806000000.0,104032000000.0,5205000000.0,58236000000.0,112121110000.0,128710110000.0,17.243053337591824,1.7844359220198147,0.20356788021845199,0.5958361117285322,0.10076750823099238,17.243053337591824,0.14623620063717863,3.3131736650808192,3.550383470550982,2.0767783581536636,0.2825839138695377,2.696829971181556,0.019898126231536594,0.21415508065383715,1.5501757750079899,0.04996171394941179,59.29196721311475,0.585207292928696,-0.154882154882155,2.2308081924817795,1.083342924892214,0.42664734721602166,-0.2948297963253098,-0.15867433930093777,-0.3646707275025859,36.39798163796697,1.403229729121429,0.3886150783305796,Oil & Gas Integrated,Energy,EQNR
2022Q3,2022,Q3,2022-09-30,2022-09-30,9384000000.0,42725000000.0,26103000000.0,2.97,28084000000.0,0.6573200702,152577000000.0,42706000000.0,80781000000.0,48890000000.0,109863000000.0,6395000000.0,0.0,104230280000.0,112910280000.0,13.566073697585768,1.6523010840662713,0.20991368292730883,0.7499648761298178,0.11516205515942533,13.566073697585768,0.21973493185969184,2.439561849034523,2.776808397271952,2.4406472158478905,0.13384484228473997,2.2894448788115715,0.012050241062386093,0.28002254599317067,1.3407036203722642,0.06150337206787393,23.034316022099446,0.6573200702165009,0.40758293838862575,21.363548284625157,2.288962110348143,0.16435859214699336,0.3769366542459306,0.3887820038478615,0.47200135340889865,9.964363315805967,2.0727388315361295,0.10195591682558672,Oil & Gas Integrated,Energy,EQNR
2022Q2,2022,Q2,2022-06-30,2022-06-30,6757000000.0,36387000000.0,17733000000.0,2.11,20396000000.0,0.5605298596,151966000000.0,41206000000.0,77893000000.0,49030000000.0,110740000000.0,5257000000.0,0.0,110814880000.0,123525880000.0,12.92534504391468,1.5886803997552519,0.21908189989866153,0.8079648594864826,0.07784848345894572,12.92534504391468,0.16398097364461486,3.0454524967708245,4.100002959893444,2.689289909236519,0.19387302057125944,3.041848963287046,0.01182151711033753,0.23944171722622165,1.2936569447277178,0.04446389323927721,16.279547524607022,0.5605298595652294,0.44520547945205474,3.7892362409279032,1.486723654357859,0.10480616789492986,-0.0061881791161136285,0.43338990241832837,-0.03583079599826011,3.7832588245895,1.250054132689246,-0.04351355516673409,Oil & Gas Integrated,Energy,EQNR
2022Q1,2022,Q1,2022-03-31,2022-03-31,4714000000.0,36050000000.0,18392000000.0,1.46,20523000000.0,0.5692926491,158919000000.0,43233000000.0,75577000000.0,49662000000.0,115668000000.0,3504000000.0,0.0,121082280000.0,134342280000.0,13.393122676579926,1.5218275542668438,0.21483900603452072,0.7897208151180811,0.062107779018970265,13.393122676579926,0.10903707815788866,3.3587317614424412,6.421419176919813,2.8006911387134825,0.12346202800169707,4.4312214611872145,0.004806648834164669,0.22684512235793078,1.2989609761991059,0.029662910035930252,8.910315696519243,0.5692926490984743,0.40384615384615374,3.449795457356418,1.336394055249051,0.18357488069836253,0.29851312875672253,0.39881305637982195,0.36926742108397853,1.8430249779653047,1.2669283546542403,-0.010765629613558605,Oil & Gas Integrated,Energy,EQNR
2021Q4,2021,Q4,2021-12-31,2021-12-31,3370000000.0,32125000000.0,13432000000.0,1.04,15805000000.0,0.4919844358,147120000000.0,39010000000.0,62501000000.0,39139000000.0,108096000000.0,3395000000.0,36683000000.0,85256540000.0,109462540000.0,12.04756022235948,1.59689823449756,0.24632272974442632,0.9289669315560113,0.043727401357645655,12.04756022235948,0.08638810561394514,2.6539000778210116,6.324669139465875,2.1855047423737504,0.16765578635014836,4.807069219440353,0.006627057584086805,0.21835916258836324,1.3083114029484657,0.02290647090810223,14.386861289233885,0.4919844357976654,1.418604651162791,2.200797651543831,1.5154770237877007,0.10575662510764046,0.31434511434511436,1.3968705547652915,0.4039928922337201,0.029325519115876164,0.5204784798463191,-0.06664351919397923,Oil & Gas Integrated,Energy,EQNR
2021Q3,2021,Q3,2021-09-30,2021-09-30,1406000000.0,23111000000.0,9567000000.0,0.43,12025000000.0,0.5203150015144303,136773000000.0,37018000000.0,50348000000.0,30272000000.0,99739000000.0,2994000000.0,33984000000.0,82747500000.0,103482500000.0,11.407704160246533,1.6631871035940804,0.25260833644067177,0.9333297314819817,0.019816334102257225,11.407704160246533,0.03798152250256632,3.5804378867206093,14.713282361308677,2.2353314603706305,0.34708392603129445,3.702738810955244,0.005897459137738301,0.16897340849436657,1.339257399577167,0.010279806686992316,13.51641620385495,0.5203150015144303,-0.2833333333333333,4.208493123323632,0.8841702316141222,-0.0888078499718187,0.5281484305502605,-0.27450980392156865,0.8057757644394111,-0.13369628488272553,0.24857816880602598,-0.09379704704558409,Oil & Gas Integrated,Energy,EQNR
2021Q2,2021,Q2,2021-06-30,2021-06-30,1938000000.0,17379000000.0,5298000000.0,0.6,7869000000.0,0.4527878474020369,127259000000.0,37023000000.0,39377000000.0,23098000000.0,90218000000.0,2548000000.0,33136000000.0,68836400000.0,94408400000.0,11.402217431475208,1.7047796346003983,0.278832931266158,0.9584312454420225,0.02746385149498768,11.402217431475208,0.052345839073008674,3.960895333448415,8.87982456140351,1.8592874699511115,0.20072239422084623,3.732339089481947,0.005651079951885921,0.13656401511877353,1.4558836262879904,0.015228785390424254,14.059722222222222,0.4527878474020369,0.052631578947368474,7.184388696556781,0.5744171014669244,-0.09774990921585476,0.27639902676399025,0.04700162074554295,0.014942528735632184,0.6304669950908176,-0.013601029745282456,-0.07434642368628092,Oil & Gas Integrated,Energy,EQNR
2021Q1,2021,Q1,2021-03-31,2021-03-31,1851000000.0,16128000000.0,5220000000.0,0.57,6165000000.0,0.3822544642857143,119991000000.0,35764000000.0,33719000000.0,19041000000.0,84209000000.0,2917000000.0,0.0,63206080000.0,89126080000.0,11.011083743842365,1.77086287484901,0.29095515496995605,0.9761771613913433,0.028664068234786767,11.011083743842365,0.05175595570965216,3.919027777777778,8.536747703943814,1.7673101442791634,0.1917882225823879,3.4154953719574905,0.005616548281431153,0.1344100807560567,1.50233706212909,0.015426156961772132,16.489976519697365,0.3822544642857143,1.764473700092944,1.98558078574269,0.565415369047904,-0.16950698957784927,1.1525837988826815,1.7645600991325898,6.278058645096056,0.47062448486707187,-0.1673920321392701,-0.14269185971868317,Oil & Gas Integrated,Energy,EQNR
2020Q4,2020,Q4,2020-12-31,2020-12-31,-2421000000.0,11875000000.0,-989000000.0,-0.745611,2864000000.0,0.24117894736842105,121972000000.0,33873000000.0,32185000000.0,19820000000.0,88080000000.0,3084000000.0,30050000000.0,53315740000.00001,85673740000.0,10.432091161071758,1.6238647830474269,0.31248975174630245,1.125232486050837,-0.02234117114657471,10.432091161071758,-0.0714728544858737,4.48974652631579,-5.5055493597686915,1.5739893130221712,-0.12061131763733994,2.9218547341115433,0.005476806661597494,0.09735841012691437,1.3044399596367307,-0.019848817761453447,-331.15366459627336,0.24117894736842105,-0.14709384615384616,-1.1044648127168624,-0.09258978837711392,-0.1783471664540363,1.4991273996509598,-0.1382228490832158,0.5101535413571074,-1.9553326254896934,-0.2950602966331192,-0.13687472343356513,Oil & Gas Integrated,Energy,EQNR
2020Q3,2020,Q3,2020-09-30,2020-09-30,-2127000000.0,11251000000.0,-2019000000.0,-0.65,1146000000.0,0.10185761265665275,114432000000.0,34084000000.0,28133000000.0,14995000000.0,80324000000.0,2860000000.0,0.0,45666880000.0,75292880000.0,10.49384236453202,1.876158719573191,0.3274433724832215,1.0993428001408285,-0.02700899113049377,10.49384236453202,-0.06240464734186128,4.0589174295618164,-5.367522331922896,1.339833352892853,-0.13493182886694877,3.5332167832167833,0.0062846421739343695,0.09832039988814317,1.6348782927642547,-0.018587458053691275,50.23859185918592,0.10185761265665275,-7.125000000000001,-5.301091857660317,-0.16822738052766334,-0.20873147144277907,-0.4997817546922741,-7.374015748031496,-3.277542372881356,-3.4735433343596056,-0.16056586262597863,-0.09932705702804698,Oil & Gas Integrated,Energy,EQNR
2020Q2,2020,Q2,2020-06-30,2020-06-30,-254000000.0,7563000000.0,-472000000.0,-0.08,2291000000.0,0.30292212085151393,114783000000.0,35587000000.0,28071000000.0,15982000000.0,79173000000.0,2974000000.0,35443000000.0,47436480000.0,74846480000.0,10.862942612942613,1.7564134651482919,0.3233057160032409,1.0427965268215922,-0.0022634282631256372,10.862942612942613,-0.007137437828420491,6.272177707259024,-46.68944881889764,1.3329721527524097,-3.559055118110236,1.7726967047747142,0.019057063255958285,0.06588954810381328,1.5334751595544989,-0.002212871243999547,-30.98398432397126,0.30292212085151393,0.6190476190476191,-1.1939619599735043,-0.535745023900672,-0.23103303905178754,-0.29071207430340557,0.6412429378531074,-9.137931034482758,-1.1751945038755927,-0.4970210675701189,-0.07147964255561537,Oil & Gas Integrated,Energy,EQNR
2020Q1,2020,Q1,2020-03-31,2020-03-31,-708000000.0,15064000000.0,58000000.0,-0.21,3230000000.0,0.21441848114710568,104150000000.0,36327000000.0,22609000000.0,18395000000.0,67804000000.0,2095000000.0,36853000000.0,40254900000.0,61908900000.0,10.991527987897125,1.2290839902147324,0.27383581373019683,0.7850909791615052,-0.007784705766108145,10.991527987897125,-0.01948963580807664,2.6722583643122677,-14.214300847457626,1.108126187133537,-1.1935028248587571,5.648687350835322,0.02099123336537912,0.14463754200672108,1.0474041859200869,-0.006797887662025924,14.94797623468251,0.21441848114710568,-1.9999999999999996,0.8461187574352134,-0.027357635996784316,-0.22378358029486722,-0.21829622458857695,-2.0,-0.9617414248021108,-1.6527483610690872,-0.04645060985795862,-0.02865845844024534,Oil & Gas Integrated,Energy,EQNR
2019Q4,2019,Q4,2019-12-31,2019-12-31,-236000000.0,14900000000.0,1516000000.0,-0.07,4132000000.0,0.27731543624161076,118063000000.0,41139000000.0,24778000000.0,19557000000.0,76904000000.0,3363000000.0,37481000000.0,65961830000.0,90367830000.0,12.417446423181406,1.2669632356700926,0.24590261131768631,0.705705048737208,-0.004871572832864033,12.417446423181406,-0.005736648921947544,4.426968456375839,-69.87481991525425,1.603389241352488,-3.6016949152542375,3.2019030627415996,0.012886240421164786,0.12620380644232318,1.0372245231886281,-0.0019989327731804204,-71.2330777537797,0.27731543624161076,0.7878787878787878,0.810831652749231,-0.27690491960900254,-0.2293037174838259,0.7088502894954508,0.7868112014453478,4.232409381663113,0.9178122028243252,0.14029939911341988,0.13970574920794207,Oil & Gas Integrated,Energy,EQNR
2019Q3,2019,Q3,2019-09-30,2019-09-30,-1107000000.0,14704000000.0,-469000000.0,-0.33,2418000000.0,0.1644450489662677,117108000000.0,40983000000.0,24705000000.0,18533000000.0,76109000000.0,2501000000.0,38523000000.0,63084550000.0,85022550000.0,12.310904175428057,1.3330275724383531,0.24572189773542372,0.7021447917429178,-0.057693980971697575,12.310904175428057,-0.027011199765756534,4.290298558215452,-14.24673667570009,1.5392858014298612,-0.7759710930442638,4.912435025989605,0.013616646231129492,0.12555931277111726,1.1308476771164948,-0.009452812788195512,40.88434867141931,0.1644450489662677,-1.75,-0.45010104999527123,-0.3858329475809353,-0.30965709010019815,-0.6008583690987125,-1.75,-1.1332007952286283,-1.4624324121357766,0.1685244406878793,-0.016664607810378144,Oil & Gas Integrated,Energy,EQNR
2019Q2,2019,Q2,2019-06-30,2019-06-30,1476000000.0,16897000000.0,3521000000.0,0.44,6058000000.0,0.35852518198496774,123977000000.0,45013000000.0,28368000000.0,19799000000.0,78946000000.0,3689000000.0,40381000000.0,66620000000.0,91707000000.0,13.513359351546082,1.43279963634527,0.24595691136259146,0.677426521227201,0.01954811538155908,13.513359351546082,0.03279052718103659,3.94271172397467,11.283875338753386,1.4800168840112857,0.5853658536585366,2.9381946326917863,0.012969078354848392,0.1362914088903587,1.1711702611242991,0.011905434072448921,-385.08670520231215,0.35852518198496774,-0.13725490196078433,-0.2738174287887907,-0.3062603708019569,-0.2789639108038346,-0.19931271477663232,-0.13734658094681473,-0.2559171597633136,5.5913142457048925,0.4921492853393898,0.06930338550418136,Oil & Gas Integrated,Energy,EQNR
2019Q1,2019,Q1,2019-03-31,2019-03-31,1711000000.0,16410000000.0,4732000000.0,0.51,7566000000.0,0.46106032906764166,122313000000.0,45098000000.0,28585000000.0,19255000000.0,77196000000.0,2686000000.0,40595000000.0,74281300000.0,97462300000.0,13.538877214049835,1.484549467670735,0.24362905006009172,0.6607610093573995,0.022173225251061655,13.538877214049835,0.03793959820834627,4.526587446678854,10.853492109877264,1.6471085192247994,0.4494447691408533,3.292628443782576,0.010352538256600248,0.13416398910990654,1.270059724746819,0.013988701119259605,23.953982586262494,0.46106032906764166,-0.49504950495049505,-0.5842236760132092,-0.44609287600225384,-0.31031979184712494,-0.1750981247274313,-0.4916815210932858,-0.29844329132690883,1.6910006691669341,0.5530986690187445,0.021147705058547392,Oil & Gas Integrated,Energy,EQNR
2018Q4,2018,Q4,2018-12-31,2018-12-31,3366000000.0,21722000000.0,6745000000.0,1.01,9172000000.0,0.4222447288463309,112508000000.0,42970000000.0,26055000000.0,16605000000.0,69518000000.0,2144000000.0,38790000000.0,70474930000.0,89148930000.0,12.907780114148393,1.5691056910569106,0.22866818359583319,0.5987200372352804,0.0503335330076584,12.907780114148393,0.0783337212008378,3.244403369855446,5.234323380867498,1.6400961135676055,0.22578728461081402,5.853544776119403,0.010783976656663582,0.19307071497137981,1.3906654622101777,0.029917872506843957,58.24374380165289,0.4222447288463309,1.02,0.3492098900851063,-0.10563796174555568,-0.2979585670620584,0.27708159287106654,1.0216216216216216,0.4672612573417446,3.8538391027340873,0.6189683062335004,0.016643158291637646,Oil & Gas Integrated,Energy,EQNR
2018Q3,2018,Q3,2018-09-30,2018-09-30,1665000000.0,18989000000.0,4597000000.0,0.5,7182000000.0,0.3782189688767181,116043000000.0,41907000000.0,27240000000.0,20000000000.0,74113000000.0,3449000000.0,36296000000.0,94576890000.0,115653890000.0,12.588465004505858,1.362,0.22402040622872557,0.6203259598635072,0.026544454669699027,12.588465004505858,0.03973083255780657,4.9806145663278745,14.200734234234234,2.2568279762330876,0.4594594594594595,3.4233111046680196,0.008088656753251244,0.16363761709021657,1.1771,0.014348129572658411,40.34850255972696,0.3782189688767181,0.35135135135135137,-0.33177509287370766,-0.3297666837009607,-0.2913705569162612,0.05246189917936694,0.36587366694011486,0.1986962190352021,5.812433975010728,0.36967590319806637,-0.05079037449848034,Oil & Gas Integrated,Energy,EQNR
2018Q2,2018,Q2,2018-06-30,2018-06-30,1219000000.0,18069000000.0,3835000000.0,0.37,6824000000.0,0.3776634014057225,114378000000.0,41019000000.0,25460000000.0,19584000000.0,73335000000.0,3426000000.0,0.0,87945300000.0,108330300000.0,12.318018018018018,1.3000408496732025,0.2313644232282432,0.6451400570467345,0.019707948481374662,12.318018018018018,0.029717935590823766,4.867192429022082,18.036361771944218,2.1440137497257368,0.6103363412633306,3.28225335668418,0.008459803991799448,0.15797618423123327,1.1064133986928104,0.01065764395250835,385.725,0.3776634014057225,-0.05128205128205133,0.6454775581947064,-0.2903954405062234,-0.27455714885471394,-0.10375623850801156,-0.051361867704280154,-0.22681451612903225,-0.08423042102996997,0.09117961604772463,-0.12803103010642053,Oil & Gas Integrated,Energy,EQNR
2018Q1,2018,Q1,2018-03-31,2018-03-31,1285000000.0,19776000000.0,4960000000.0,0.39,7614000000.0,0.3850121359223301,115449000000.0,42590000000.0,28267000000.0,19297000000.0,72833000000.0,2832000000.0,35522000000.0,78423400000.0,97322400000.0,12.8437876960193,1.464839094159714,0.2410674843437362,0.6534632542850435,0.019935483051680306,12.8437876960193,0.030171401737497064,3.9655845469255664,15.257470817120621,1.8413571260859356,0.0,4.294491525423729,0.0,0.17129641659953745,1.2372389490594393,0.011130455872289929,23.466008378216635,0.3850121359223301,-0.4935064935064935,0.1275647304616822,-0.3152911633257427,-0.2889993754648131,0.028363047001620744,-0.5007770007770008,-0.0428406020841374,1.2783636332997077,0.27264791384851433,-0.09297789062316796,Oil & Gas Integrated,Energy,EQNR
2017Q4,2017,Q4,2017-12-31,2017-12-31,2574000000.0,17110000000.0,5182000000.0,0.77,7404000000.0,0.432729398012858,111100000000.0,39861000000.0,27189000000.0,19016000000.0,71215000000.0,3398000000.0,34406000000.0,70643160000.0,94964160000.0,12.08641600970285,1.429795961295751,0.2544914491449145,0.709314869170367,0.03808658617434672,12.08641600970285,0.06457439602619101,4.128764465225014,6.861223776223777,1.7722375254007678,0.2828282828282828,2.8563861094761624,0.010305314767912419,0.15400540054005402,1.1477702986958351,0.023168316831683168,41.43293841642229,0.432729398012858,6.133333333333334,-0.04155915372879418,-0.4165444635872916,-0.3276483509475782,0.8696969696969697,6.3625,3.732420091324201,3.0726014308276035,-0.16587731505268075,-0.24984931924228723,Oil & Gas Integrated,Energy,EQNR
2017Q3,2017,Q3,2017-09-30,2017-09-30,-480000000.0,13531000000.0,1095000000.0,-0.15,3960000000.0,0.2926612962826103,111116000000.0,38204000000.0,28288000000.0,18416000000.0,72883000000.0,2951000000.0,32376000000.0,65875110000.0,90794110000.0,11.651113144251296,1.5360556038227628,0.2812826235645632,0.8181080515129305,-0.007982547197090543,11.651113144251296,-0.012564129410532929,4.868458354888774,-34.309953125,1.7242987645272747,-0.8125,3.243307353439512,0.005920293719433637,0.12177364195975376,1.3648457862728063,-0.004319809928363152,473.921654676259,0.2926612962826103,-1.3409090909090908,-1.1856389072106588,-0.5482512452611797,-0.31010803907612916,-0.30440892323906554,-1.3349616189811584,-0.6624537607891492,0.36164206379474767,-0.42620957989133396,-0.34665535228287964,Oil & Gas Integrated,Energy,EQNR
2017Q2,2017,Q2,2017-06-30,2017-06-30,1433000000.0,14862000000.0,3244000000.0,0.44,5693000000.0,0.3830574619835823,110496000000.0,37882000000.0,28727000000.0,19360000000.0,72585000000.0,2882000000.0,33661000000.0,53524143237.99999,80618143238.0,11.699197035206918,1.4838326446280992,0.29120511149724876,0.8494007708146349,0.02022271877971188,11.699197035206918,0.03782799218626261,3.6014091803256623,9.337777954989532,1.4129175660735969,0.5080251221214236,3.18147120055517,0.013601338684916104,0.134502606429192,1.3209710743801653,0.012968795250506806,33.1213757660891,0.3830574619835823,0.33333333333333326,-0.682361011968573,-0.5655933983002873,-0.26783011692959713,-0.1935118288709449,0.3493408662900188,-0.23670588235294118,-0.2747237727959472,-0.3722858119148575,-0.3757626762115338,Oil & Gas Integrated,Energy,EQNR
2017Q1,2017,Q1,2017-03-31,2017-03-31,1062000000.0,15468000000.0,4250000000.0,0.33,7059000000.0,0.45636152055857254,107757000000.0,36618000000.0,27670000000.0,18187000000.0,71110000000.0,3150000000.0,33693000000.0,55594480000.0,80248480000.0,11.315822002472189,1.5214163963270468,0.2950063568956077,0.8681249658637828,0.016346277459559157,11.315822002472189,0.029002130099950844,3.594160848202741,13.087212806026367,1.5182281937844775,0.0,2.6695238095238096,0.0,0.14354519891979176,1.334249738824435,0.009855508226843732,15.472997495129418,0.45636152055857254,1.379310344827586,-0.6064739912348692,-0.5554807821402252,-0.28432904029667233,2.290909090909091,1.3806451612903226,3.2403795466526093,-0.734355773053152,-0.4625616503284488,-0.4235638339354264,Oil & Gas Integrated,Energy,EQNR
2016Q4,2016,Q4,2016-12-31,2016-12-31,-2790000000.0,12696000000.0,-1897000000.0,-0.87,2145000000.0,0.1689508506616257,104530000000.0,35072000000.0,25396000000.0,16798000000.0,69431000000.0,3227000000.0,32573000000.0,58714559999.99999,85832560000.0,10.895309102205655,1.511846648410525,0.3030039223189515,0.9030850821167883,-0.028930803380981644,10.895309102205655,-0.07955063868613138,4.6246502835538745,-5.261161290322581,1.6741149635036494,-0.13297491039426523,3.269600247908274,0.0063187052751481065,0.12145795465416627,1.226634123109894,-0.026690902133358844,-32.76482142857142,0.1689508506616257,-5.2142857142857135,-1.6869295233380774,-0.5563371450819277,-0.2581200769618396,-0.4403861205322202,-5.458333333333333,-3.5739484396200814,-2.1565447090295495,-0.4594034374006108,-0.4074148810429356,Oil & Gas Integrated,Energy,EQNR
2016Q3,2016,Q3,2016-09-30,2016-09-30,-432000000.0,12092000000.0,737000000.0,-0.14,3833000000.0,0.31698643731392656,113587000000.0,40050000000.0,26552000000.0,17282000000.0,73501000000.0,2966000000.0,0.0,53743196801.0,78967196801.0,12.51953735542357,1.5363962504339777,0.2928328065711745,0.8305118601747815,-0.006494097966719737,12.51953735542357,-0.010786516853932584,4.444525041432352,-31.10138703761574,1.3419025418476904,-0.9351851851851852,2.784558327714093,0.0075172305342372705,0.10645584441881553,1.3445203101492882,-0.0038032521327264566,53.635924951097806,0.31698643731392656,-0.4000000000000001,-1.2395508124421397,-0.5808114646601747,-0.09117594935712718,0.3787769784172662,-0.40716612377850164,3.0944444444444446,-1.1804229266908146,-0.5558582379148697,-0.2952506297897029,Oil & Gas Integrated,Energy,EQNR
2016Q2,2016,Q2,2016-06-30,2016-06-30,-307000000.0,10814000000.0,180000000.0,-0.1,2780000000.0,0.25707416312187903,111037000000.0,40200000000.0,26007000000.0,15349000000.0,70798000000.0,3351000000.0,37455000000.0,55063106819.00001,81478106819.0,12.637535366237032,1.694377483875171,0.2987832884533984,0.825273631840796,-0.0035110980668550274,12.637535366237032,-0.00763681592039801,5.091835289347143,-44.83966353338763,1.3697290253482588,-1.3159609120521172,2.397493285586392,0.0073370360544312094,0.09739095977016671,1.4251742784546224,-0.0027648441510487497,-31.428713937785393,0.25707416312187903,-1.5263157894736843,-1.0613091870658562,-0.6545839093219722,-0.08330935017731585,-0.28313563692625066,-1.5057660626029654,-0.8301886792452831,-1.4338176303977834,-0.555420729284159,-0.2557398703166137,Oil & Gas Integrated,Energy,EQNR
2016Q1,2016,Q1,2016-03-31,2016-03-31,607000000.0,10087000000.0,1060000000.0,0.19,3878000000.0,0.3844552394170715,112802000000.0,42162000000.0,27701000000.0,15500000000.0,70604000000.0,2594000000.0,39138000000.0,49480800000.0,73946800000.0,13.258490566037736,1.7871612903225806,0.2926011950142728,0.7828376262985627,0.0051134519013709984,13.258490566037736,0.014396850244295812,4.905402993952612,20.379242174629322,1.1735875907215028,1.1482701812191103,2.3936006168080186,0.01408627184685777,0.08942217336572046,1.5935483870967742,0.005381110264002412,-80.32597402597402,0.3844552394170715,1.5779186412220243,-0.7876635381943164,-0.6275909166180965,0.026575410574561382,0.3545232273838631,1.5390763765541742,5.973684210526316,-0.4445890364755305,-0.6358193203211153,-0.2660424404423643,Oil & Gas Integrated,Energy,EQNR
2015Q4,2015,Q4,2015-12-31,2015-12-31,-1126000000.0,12809000000.0,152000000.0,-0.328766,2863000000.0,0.22351471621516122,109971742028.84042,40350653664.66297,28223843175.085663,15391721006.001974,69575584384.85446,2502718862.764549,24469764880.93884,44366276000.0,68631272973.985374,12.696470741846692,1.8337028824833705,0.2943001965449467,0.8020862700873979,0.004958486689757545,12.696470741846692,-0.027905371976318018,3.46367991256148,-9.85041651865009,1.0995181482983931,-0.5843694493783304,3.974078010909091,0.014831084763571322,0.11647537598013862,1.600147819660015,-0.010238993938140064,-44.54445381526104,0.22351471621516122,-2.130508474576271,-1.6268295562488493,-0.46314977328769136,0.08201542571539484,-0.4023959965517241,-2.407991814285714,-0.8235429917808219,-1.4350891516512254,-0.5467309409809981,-0.29371179731250024,Oil & Gas Integrated,Energy,EQNR
2015Q3,2015,Q3,2015-09-30,2015-09-30,-330399854.624064,13239594174.578564,861399620.984167,-0.10502,4790797892.048927,0.3618538324420677,116135548900.35849,42161381448.992165,31399786184.094078,16378392793.507172,73926967472.13431,2867398738.344555,26467388354.349125,46287696000.0,71386284956.62086,13.262049463367672,1.9171469740634004,0.2828693355009144,0.7791771620486985,-0.004070067283548687,13.262049463367672,-0.007836551917156452,3.496156709159358,-35.0239984614,1.097869529156675,-2.0357142857142847,2.946502057613169,0.014530852951854203,0.11400121926437716,1.7182997118155618,-0.0028449502133712666,41.29145081765053,0.3618538324420677,-1.2622693717722038,-1.1409958254618815,-0.3911422034102926,0.18156726974909854,-0.13956176069328202,-1.2599116888388568,-0.7848803482399483,-1.131796792478186,-0.5440901547293816,-0.21472041367425632,Oil & Gas Integrated,Energy,EQNR
2015Q2,2015,Q2,2015-06-30,2015-06-30,1271200445.428636,15813733541.132233,4004281403.100204,0.400428,5567857950.977427,0.35209003215434087,120751330311.26614,44924223741.448,33941051892.944584,17402734097.91803,75776258552.00099,3355969175.931599,29746090423.030083,56923789999.99999,82436782939.75272,14.126670149192792,1.9503287070854636,0.26918623012948734,0.72354272778721,0.021494980450816936,14.126670149192792,0.028296547821165818,3.5996426683135043,11.194888698455,1.2671068136338426,0.5700000000000003,3.0530303030303028,0.012729023381864121,0.13096115380566375,1.7311906501095689,0.010527423939362037,-30.053392479073818,0.35209003215434087,1.2876848734605553,1.287516688356884,-0.20220806588062012,0.4243159535392993,2.881925088268293,1.2871061709118616,2.2541268578991764,-0.713095264002731,-0.5293591237314682,-0.11591176726209369,Oil & Gas Integrated,Energy,EQNR
2015Q1,2015,Q1,2015-03-31,2015-03-31,-4427631915.368622,14904282081.311277,-3192883860.096809,-1.391898,1434303296.5278625,0.0962343096234309,124771914595.34563,45037123510.974915,34647778763.08178,20092718353.968594,79672430071.4782,3055689631.733274,29147537425.961887,55944995000.0,80752205928.64279,14.160390979712282,1.7243947858472997,0.26879248300679726,0.7446690667405151,-0.05936377294401986,14.160390979712282,-0.09831071725283855,3.7536189059485356,-3.158855346907395,1.2421973394097203,-0.1605633802816901,4.408163265306124,0.01270740210048602,0.11945221911235505,1.5301055245189323,-0.0354858056777289,-280.34841203803063,0.0962343096234309,-2.6827472344298604,-3.388615838437144,-0.31139427874018755,0.2655889586239634,-0.7062313725034641,-2.698729280150571,-3.63761652328484,-2.669296744542145,-0.5642066963318039,-0.10442382356217687,Oil & Gas Integrated,Energy,EQNR
2014Q4,2014,Q4,2014-12-31,2014-12-31,-1197068392.955858,19771803793.76529,1210518599.618283,-0.377951,4882425018.460407,0.24693877551020404,132672838518.16383,51218386970.5158,34244226162.53499,24075869925.74141,81400650720.99832,3187698978.994812,36100354681.94969,55980432178.9,76344045065.81201,16.111984324928684,1.422346368715084,0.2347931873479319,0.6081932773109244,-0.01634960809928152,16.111984324928684,-0.023371848739495802,2.8313265073241576,-11.69115158923177,1.0929753061361638,-0.6404494382022471,4.670886075949367,0.013695174365717279,0.14902676399026762,1.2441340782122905,-0.00902270884022709,-71.75948216838816,0.24693877551020404,-0.6460778634797718,-1.9763901450421444,-0.06685706109097508,0.49881693630586343,-0.3113547842507239,-0.6417130801342433,-0.5410147832803804,-1.2984496357799808,-0.3003568955296121,0.09709211357301765,Oil & Gas Integrated,Energy,EQNR
2014Q3,2014,Q3,2014-09-30,2014-09-30,-729158101.644639,22867639187.7489,2637380367.650823,-0.229607,7089898988.331917,0.31004070556309354,143256295969.92764,56703677904.4927,36163139041.14158,28514735974.954193,86490562056.78435,4669714650.958222,44059766141.9314,86360652000.0,103534652394.05565,17.833027614080795,1.2682263329706203,0.20413688542343517,0.5157318741450069,-0.009205776173285206,17.833027614080795,-0.012859097127222977,3.7765442812420624,-29.60971420505746,1.523016763488591,-1.2127659574468086,3.3787375415282392,0.01023959526464851,0.15962746372103098,1.0821545157780197,-0.005089885206844269,2783.313135275382,0.31004070556309354,-1.3764549063072309,-1.5687424630772,0.07373179593954603,0.7199225545439603,-0.15909135395567167,-1.3757284296605767,-0.4946152837743706,-1.4067838478655723,-0.20244492622747629,0.2945433949629191,Oil & Gas Integrated,Energy,EQNR
2014Q2,2014,Q2,2014-06-30,2014-06-30,1940651928.584009,23255207144.208378,5218559807.956999,0.609919,8431235689.730528,0.3625525946704068,147032922589.18845,59605737806.50885,36480994657.4994,28098682965.968468,87345644785.68027,4256387843.364927,47700898244.60694,98051732000.0,115762219348.25406,18.741585274339343,1.2983168891468368,0.20452528837622003,0.5045143638850889,0.02103339709081827,18.741585274339343,0.03255813953488372,4.216334491968583,12.631287784763026,1.6450049208063475,1.873949579831933,3.4827586206896557,0.03708944035960562,0.15816326530612246,1.1172373766686012,0.013198757763975154,-41.46546886584276,0.3625525946704068,-0.5056733542004704,479.7875672642492,0.423263424865468,1.031832594724811,-0.28075212187457166,-0.5061493112330274,-0.3902559589366352,-0.6123705592402867,-0.25705214008639343,0.3594609618059561,Oil & Gas Integrated,Energy,EQNR
2014Q1,2014,Q1,2014-03-31,2014-03-31,3929632928.991866,28290026891.343983,8558607311.448386,1.233838,11722294839.02658,0.4143613890523837,150641479273.68396,62441201202.20126,42176950038.71355,29705360785.260548,88100372149.55916,3546660228.285032,51384945842.664825,89762172819.2,97971109403.91606,19.63065933167796,1.4198430493273542,0.20006632032718027,0.48266666666666663,0.0419726287935169,19.63065933167796,0.06293333333333333,3.172926387237366,5.710595266860471,1.4375471818443428,0.0,4.671361502347418,0.0,0.18779705979882833,1.2752242152466366,0.026085995357577097,20.49734574873112,0.4143613890523837,0.6171831890478467,6.227580131154509,0.6921910427987773,0.9895062823085438,0.33173750447367617,0.649300056596946,0.22407260280419067,0.3742907612646723,0.04419680966818275,0.5199582533842783,Oil & Gas Integrated,Energy,EQNR
2013Q4,2013,Q4,2013-12-31,2013-12-31,2382606435.544545,23195522893.79685,6991911502.505434,0.762955,8802256300.245459,0.3794808308718678,145619094912.21088,58454819603.9871,39265853506.13817,27459788674.728115,87082060372.07191,4867124220.191331,46780298670.42005,76716505820.70001,93077278114.92426,18.38606599062281,1.429940119760479,0.20618789521228548,0.5136427566807313,0.02948816014711779,18.38606599062281,0.040759794516276836,3.3073841953015948,8.04964100199436,1.3124068526843475,0.01831913584174778,2.9572424993470947,0.0005689426347463532,0.15928901980733154,1.221556886227545,0.016361909384074547,-31.667007685669574,0.3794808308718678,0.025372408194861938,3.9658304830096993,1.8283159632689534,0.9040639632043794,-0.08671650067513675,0.0009362958889567208,0.06879284365715697,0.3258653909360114,-0.02819723437967823,0.5668926762856868,Oil & Gas Integrated,Energy,EQNR
2013Q3,2013,Q3,2013-09-30,2013-09-30,2380377697.692032,27066392562.568146,6541877169.1816,0.744076,9638032775.969837,0.3560885608856088,138361534428.0851,56496516824.94236,32626155856.478207,27266144537.199642,81848371605.2568,3978393494.744026,45143946266.71883,72129204000.0,84730224399.67041,17.764524360891222,1.1965811965811968,0.18695861405197306,0.4578668238067177,0.02797266377524194,17.764524360891222,0.04213317619328225,2.664899056394834,7.575394870101401,1.2767017871826756,0.0,4.380753138075314,0.0,0.19562078922040427,1.0317460317460319,0.017204042348411934,28.32108408952941,0.3560885608856088,2.2998474419924784,1.1540291042443103,-0.08416206978931619,0.6703441110188558,-0.00749498750915347,2.363362971597088,0.1587895952418846,0.015426233819208305,0.24425007259876705,0.5827101690027585,Oil & Gas Integrated,Energy,EQNR
2013Q2,2013,Q2,2013-06-30,2013-06-30,707737380.054973,24326415063.28489,5645440031.601297,0.225488,9710815214.70777,0.3991880920162381,133120463485.68889,54018467007.91679,28490544299.42229,27354872689.566635,78986783415.9027,4476850404.068667,42793422980.06814,66361921181.3,81158570127.1005,16.979997802130192,1.0415162454873648,0.17000494559841742,0.41895185862279094,0.011558614376913178,16.979997802130192,0.013101767215112733,2.7279778384385955,23.441577007047933,1.2285043404059246,5.0,3.264705882352941,0.05332405749084951,0.1827398615232443,0.8628158844765342,0.005316518298714144,-17.60677399656002,0.3991880920162381,-0.34667103208291206,-0.807852509856329,-0.27323581390845014,0.5289103449935454,-0.15044882290163075,-0.3527796951380088,-0.1304908119748817,0.27308828014755737,0.22678791266418205,0.712001590269892,Oil & Gas Integrated,Energy,EQNR
2013Q1,2013,Q1,2013-03-31,2013-03-31,1093503054.119858,27713468027.850155,6492674383.836658,0.345137,11430524112.596642,0.4124537607891492,138516082183.5889,57477254282.17505,32395027978.3008,28943658963.734997,80919226004.8695,3981034556.405109,47362351031.56636,78208644000.0,87230044196.48883,18.064383142301544,1.1192443919716648,0.14481312446034292,0.3489892984542211,0.01664344431700286,18.064383142301544,0.019024970273483943,2.8220446434710236,17.88029848324219,1.3606885884988107,0.0,4.090128755364806,0.0,0.20007401011471568,0.9639905548996458,0.007894412236338966,42.38292973805555,0.4124537607891492,-0.5265467544973922,-0.6506732333346319,-0.10294313151947483,0.5494405378557718,0.0632984362409172,-0.5777733143030676,-0.27617265492945114,-0.41031874678064306,0.2798909371201338,0.6145093650312623,Oil & Gas Integrated,Energy,EQNR
2012Q4,2012,Q4,2012-12-31,2012-12-31,2589848276.20478,28279604915.977962,8969921388.095444,0.728978,10750061998.592808,0.3801348014066147,140493913840.9073,57171924143.31669,32777136961.86389,29284491220.025936,83196612670.96053,4531483962.487194,48502998302.03684,79637219180.4,89756936329.82791,17.976331324146866,1.1192660550458715,0.15221825599184088,0.3740601503759398,0.03309144703448731,17.976331324146866,0.045299302323858016,2.816065479592503,7.687440603383735,1.3929427839575252,0.0392704948099219,3.86838904484696,0.0012770991294760849,0.20128704612785764,0.9284403669724771,0.018433882332707142,31.97299486273828,0.3801348014066147,-0.072869092541649,-0.36271505889873096,-0.4856199924412974,0.18112478079240663,-0.023261593236679038,0.032397145350512135,0.2585492401948194,1.1114162856616103,0.33404457592096054,0.6722477689846057,Oil & Gas Integrated,Energy,EQNR
2012Q3,2012,Q3,2012-09-30,2012-09-30,2508577525.488501,29059505711.376728,7127191453.158343,0.786273,11006080977.41949,0.3787428831974467,135584003961.00365,53725819049.080185,32648293560.579643,30208754654.876637,81721153712.04619,4423701864.740094,44406651417.73247,81980606726.55,94813421689.10179,16.888315568496658,1.0807560236618092,0.14451349429535076,0.3646983616026375,0.03218828980901935,16.888315568496658,0.046692215584407164,2.8211287397932163,8.170029219107523,1.5259070625178968,0.05416836603541072,4.081067234176716,0.0016575328123896221,0.21432842269309849,0.9066281921800606,0.01850201684713495,70.1563455511372,0.3787428831974467,-0.4346670367137518,-0.13904396255330637,-0.03551691481413677,0.5638521143423585,-0.23446891990025137,-0.4341755587763857,-0.3145757475240254,0.9557390765625419,0.3638045745856736,0.6288089427719151,Oil & Gas Integrated,Energy,EQNR
2012Q2,2012,Q2,2012-06-30,2012-06-30,4433490925.318847,33621282635.465916,10398218953.31631,1.390814,14377053085.794243,0.4276176266585497,130098615226.13722,50845728742.69781,31967908947.847008,28253480389.360695,79129575508.25932,3947293366.037305,40300039929.26815,75924289967.35405,90149678942.17848,15.97880123960516,1.1314679999524957,0.1557195876501371,0.3984386342339013,0.06529942316297371,15.97880123960516,0.08719495294785329,2.25822110329795,4.2812927355824995,1.4932284745404085,0.7826761522742754,4.875297517851071,0.045703260709629275,0.258429212155913,0.9622460007363157,0.03407792556141016,74.76153731925166,0.4276176266585497,0.671056931668541,0.6436501432932147,0.22602478817844646,0.6889176032937719,0.04288021268565205,0.6704683978745691,0.02203570430503235,1096.799092715687,1.0566046687022468,0.7323107254812223,Oil & Gas Integrated,Energy,EQNR
2012Q1,2012,Q1,2012-03-31,2012-03-31,2654040585.837976,34221583855.566814,10174027100.537481,0.832296,13785910319.23991,0.40284255624823634,136830849029.60269,50319661322.29693,37155514662.63044,32491497061.503857,85386885896.44765,4451729472.229587,41031836195.74054,86276899673.39497,100958844998.22742,15.811486897781935,1.1435457896045222,0.1579400562582129,0.42947570444037336,0.03782971866139225,15.811486897781935,0.0527436098752508,2.521125265198979,8.126938613313845,1.7145763188029484,0.0,4.5905021102039205,0.0,0.2501013777102497,0.9764053566217399,0.01939650747371879,-45.87384077686071,0.40284255624823634,-0.34036033413033323,0.4162596321544797,0.3951258203360813,0.5765058530408385,-0.39927515954616993,-0.33891690492256066,0.07590617805547,3.8788768566065355,1.0459146080330883,0.6024450317373801,Oil & Gas Integrated,Energy,EQNR
2011Q4,2011,Q4,2011-12-31,2011-12-31,4014685302.952848,28286116861.215115,9456240058.89196,1.2617434078993774,22948793508.896782,0.8113094357028315,128770774695.08109,46728990751.909935,33187240316.311485,28670587052.673904,80996515212.438,4652526470.982442,36610038868.78435,81487324585.65558,97732465987.61241,14.68608162030721,1.157536127716518,0.1710340915448337,0.4713175292919732,0.05895657097177629,14.68608162030721,0.08591423093786286,2.8808240093707598,5.07432827460478,1.743828044955689,0.02354436253206698,1.1471881752004918,0.0011599743482254682,0.21966255098017684,0.924483868894226,0.031176991149267388,111.95959410265013,0.8113094357028315,1.239563866996417,0.28465957126594177,0.019510707640280307,0.6199835920886928,1.1123873829696371,1.2382015171299432,0.39789687142141317,5.993402432807162,2.4462607602579687,0.5208929842940214,Oil & Gas Integrated,Energy,EQNR
2011Q3,2011,Q3,2011-09-30,2011-09-30,1793710384.085924,28691613098.858234,6764619230.65658,0.563388,10863913358.843727,0.3786442163921432,123449003044.36293,43831762336.38918,37327128598.92112,30223787380.45233,78551799826.67633,4591698726.949762,34143038539.532784,68568984567.14442,79685130372.66011,13.775534820593329,1.2350248540678583,0.16672551600166918,0.46957041276379974,0.02454744747981992,13.775534820593329,0.04092261612298403,2.389861606278006,9.556863969721514,1.564367502289963,0.15303474845979856,3.8825935236951707,0.00400326793770033,0.23241672586491077,0.9524238416636263,0.01452997059394098,-449.4146792613036,0.3786442163921432,-0.641291454672447,-0.07573057230392184,0.1946647414316486,0.6726923641209015,-0.2272585239652029,-0.6419681584065859,-0.4043503810619962,0.6223540684455928,-0.029644568455526762,0.2952715758812966,Oil & Gas Integrated,Energy,EQNR
2011Q2,2011,Q2,2011-06-30,2011-06-30,5009918604.175118,31322877548.96962,11356708735.443098,1.570601,14058923580.225319,0.4488388258149607,122573849869.92299,43875401489.46544,37233844584.96317,29582190429.756557,77423544868.19235,4944414876.789722,34976757342.186264,80997072985.94606,91912003741.80698,13.786041527402418,1.2586574572080997,0.16554320762737595,0.46247481709256705,0.07818113363685003,13.786041527402418,0.11418513413211749,2.5858758621176072,4.041835775457783,1.8460702406425522,0.7388381249535696,3.491607075649228,0.045699415191472484,0.2555429039897978,0.9189831851893788,0.04087265439970851,33.308647154174935,0.4488388258149607,0.7470903167030225,1.1751030276612309,0.25013619090917016,0.7711773191750936,0.1561045439922277,0.750900392888614,0.25035977147790367,0.3596162802072333,-0.06459397649732596,0.24132062638500004,Oil & Gas Integrated,Energy,EQNR
2011Q1,2011,Q1,2011-03-31,2011-03-31,2861338443.079458,27111083254.239716,9082752816.031233,0.898981,12160598843.143925,0.4485471395261277,118972976844.97054,41108862663.63425,36188821833.41989,28864633513.010155,76636342472.37692,4872405580.129296,32392865457.280495,87977224763.67227,99784678068.59158,12.91526217116103,1.2537426403528908,0.1687360861705378,0.4883383575249612,0.04743135036121361,12.91526217116103,0.06960393106692922,3.2450649034805394,7.68671956444521,2.140103594777842,0.0,3.068399000294031,0.0,0.2278759763199605,0.9018941203476794,0.02405032234175301,407.6959508737113,0.4485471395261277,0.5904834227504986,0.24298766494173035,0.1086317336226142,0.5871534017024819,-0.44278394000476967,0.5906545945291536,0.25926220646654996,-0.08626189582054014,-0.12276366326212867,0.10778378688011139,Oil & Gas Integrated,Energy,EQNR
2010Q4,2010,Q4,2010-12-31,2010-12-31,1798843352.240426,23892770192.86367,7212757414.134703,0.565225004637489,21823848442.64542,0.9134080421182723,109375563455.74852,37344060963.78574,25304393679.089626,23156542890.676826,70865808229.43068,4018949123.13528,28055418530.67751,75648646347.8,70488327240.48401,11.734094025001706,1.0927535167297169,0.0,0.0,0.049344134179978905,11.734094025001706,0.048169462715499725,3.1661731032927634,10.513512231843452,2.025720941842934,0.007897132520958569,0.5147917246098984,0.00018778530777373425,0.21844705926959887,0.8745803797700811,0.016446483066285707,-54.42377987287789,0.9134080421182723,-0.23768850644066847,0.05342084892417266,0.10249725724554404,0.6089557556360368,1.927635782305513,-0.23318259459115234,0.4955695551438117,-0.5576536530230639,-0.5657028154162188,-0.22901792456056771,Oil & Gas Integrated,Energy,EQNR
2010Q3,2010,Q3,2010-09-30,2010-09-30,2345856183.691251,21768404148.087402,4822749560.077221,0.741462,7454427417.012625,0.34244253121639967,105497411716.46764,35721046247.415985,22918524592.964653,22598363316.419796,69549826593.54552,3609075222.524046,26568260639.29749,66769398417.200005,80997099030.52924,11.224117156007393,1.0141674541674544,0.18756356192956206,0.5539443099968435,0.03393399853311104,11.224117156007393,0.06567154185359134,3.067261980390347,7.1156747461109315,1.8691893276230678,0.14109443100222796,3.9661065088757397,0.004957169770840883,0.20634064659891044,0.8544622944622946,0.022236149167298234,191.87935852389398,0.34244253121639967,3.2369015034199804,0.2047590497099663,-0.07459607123268402,0.6603428867960164,0.07421423985678897,3.217898627515055,0.181071423561723,-0.19521557586199373,-0.2777996165999184,0.039349322604527726,Oil & Gas Integrated,Energy,EQNR
2010Q2,2010,Q2,2010-06-30,2010-06-30,556167037.393522,19838108264.522438,4083368256.877636,0.175001,6939423385.419306,0.3498026773968893,93953237757.95451,31566739276.9368,18373468545.016064,20633904544.359043,62182023048.00414,3473779709.958046,21757137835.170082,60948782634.1,74617474098.78577,9.918213802274183,0.8904503995119555,0.17622579174652347,0.5245072532132489,0.010048069712089642,9.918213802274183,0.017618767415735814,3.0723081970017274,27.39679742606492,1.9307912071434703,5.270494065691411,3.7131556851827296,0.04809407084819645,0.2111487452473968,0.722097400568393,0.005919615445572384,86.73707933483574,0.3498026773968893,-0.6997392035413414,-0.6332641775429569,-0.0515791789292501,0.6039086867000287,-0.2207957166899468,-0.7002124994821174,-0.3822779781838561,-0.7938502425649444,-0.2767319949503256,0.04832932287641652,Oil & Gas Integrated,Energy,EQNR
2010Q1,2010,Q1,2010-03-31,2010-03-31,1855204224.434788,21662419297.196735,6610365362.841139,0.58283,8905781877.816038,0.41111667887291364,98126592763.55122,35615946506.5247,20822241742.67955,19639212961.880554,62193012047.387955,3505332313.519327,26255256328.469177,74263713445.61,86910130792.24545,11.188775694684036,1.0602380952380952,0.1758437942489925,0.48447266128691935,0.03674085331840114,11.188775694684036,0.052089145632979936,3.428228049081306,10.00748495333922,2.0851253646173684,0.0,3.6392091472129584,0.0,0.22075992538939113,0.8817517006802722,0.018906232981156734,96.35809347488222,0.41111667887291364,0.5112043248465216,0.18201642115064745,0.10456535620642016,0.6572245189224715,0.08177285486746622,0.5109803703285515,0.1544916008703953,-0.010239505516809378,-0.1170760400236808,0.1155921315347586,Oil & Gas Integrated,Energy,EQNR
2009Q4,2009,Q4,2009-12-31,2009-12-31,1227814908.033112,21219514524.080364,5725780384.939524,0.38567253310315425,8232580284.98703,0.38797213176788375,97125945866.65976,34222728410.081192,20083693560.772743,19293522808.652363,62592774743.52669,3485103409.002666,25178646925.340168,79302690064.59,93002376860.85226,10.749801349749836,1.0409552345601718,0.18497619216828942,0.5249723929628528,0.024180185098866568,10.749801349749836,0.03587717768497462,3.7372527997563556,16.147118255720702,2.317252123043157,0.013346307310103191,3.7264128821961733,0.00020663605571500008,0.21847421237175665,0.8603193059344394,0.01264147182379803,-75.17056792356806,0.38797213176788375,-0.04472185951146745,-0.5639759219052565,-0.18960208583409202,0.6527514111192506,-0.012369308696863562,-0.04346953625947928,0.16939206650742555,-0.6073227663220245,-0.23560088514607622,0.18578271965530133,Oil & Gas Integrated,Energy,EQNR
2009Q3,2009,Q3,2009-09-30,2009-09-30,1283612968.510936,21323258034.277042,4896373550.780512,0.403728,8335686970.323383,0.3909199502685661,98246641518.8496,33008849097.50295,24954039100.985756,22562166339.467808,64928498529.77105,2702726118.093086,23595225264.719185,71757636024.02844,84316874034.77489,10.368506167307775,1.1060125488629993,0.18259194852928212,0.543461714111737,0.020263412697548586,10.368506167307775,0.03888693497671928,3.3652285175501024,13.975714990491133,2.1738908803535586,0.34218659015187164,4.805359661495064,0.006121092738094083,0.2170380351392059,0.9862223621660228,0.01306520964652682,88.57577248715596,0.3909199502685661,317.10917520545155,0.008531063100711538,0.17574049826221597,0.9263808618451389,-0.010623696204590955,316.62904166345163,0.2956731208072045,-0.33893124099002503,-0.11261738770414761,0.25899439254215406,Oil & Gas Integrated,Energy,EQNR
2009Q2,2009,Q2,2009-06-30,2009-06-30,4041233.011278,16358911229.653946,3779019161.661755,0.0012691491835758943,8425193668.320463,0.5150216631194892,86204940251.92426,29371059797.814003,20450193357.456387,19325487124.0099,56460377264.644806,2913262705.014859,20011875007.771603,62951761437.42,75028830859.58585,9.22398101250939,1.0581980793668666,0.18418542592609286,0.5405897419614318,0.00011123558964455564,9.22398101250939,0.00013759234563196719,3.8481632764964684,3894.3412358145692,2.1433261813080815,882.8786807966704,2.723310035746679,0.05667702361809089,0.18976767667661348,0.7166261843100037,4.687936676793639e-05,36.36301580185973,0.5150216631194892,-0.9925660763362157,-0.9956153755543855,0.08381357293697327,0.8789231237094743,-0.10461630800361874,-0.9925765624314238,-0.28346920359867184,-0.9982463482260895,-0.34742508560963825,0.18506142095864123,Oil & Gas Integrated,Energy,EQNR
2009Q1,2009,Q1,2009-03-31,2009-03-31,544388361.045131,16739162707.83848,5274049881.235154,0.170724,9409590261.282661,0.562130282470844,85696555819.47743,31425029691.211403,23239608076.009502,20941359857.482185,53926217339.66746,2191211401.425178,22435124703.087887,55543421712.18904,65316580857.08215,9.867100951749359,1.1097468471086978,0.1614857982302357,0.4403743403927646,0.01462972034420986,9.867100951749359,0.01732340005385514,3.3181720425108012,25.50725993000444,1.767489872180544,0.013089719116443873,3.3449864498644986,0.0001282940538533336,0.19533063549368387,0.8210844953601634,0.006352511554745591,-32.29246406467334,0.562130282470844,1.6756473872590707,-0.45709280331254265,0.17057867310758917,0.9512103991146973,1.4775119171360351,1.676258833596436,3.6101834626181417,-0.7636516741015361,-0.3158989203541736,0.21256561678476296,Oil & Gas Integrated,Energy,EQNR
2008Q4,2008,Q4,2008-12-31,2008-12-31,-805000000.0,8218000000.0,1144000000.0,-0.25268209900519817,3798000000.0,0.46215624239474323,83119000000.0,30763000000.0,20809000000.0,22952000000.0,52072000000.0,2177000000.0,21267000000.0,53075781991.68,61218781991.68,9.656222871673181,0.9066312303938655,0.13018684055390464,0.3517537301303514,0.052663112186005605,9.656222871673181,-0.026167798979293305,6.458479191005111,-16.483162109217393,1.72531229046842,-0.8944099378881988,2.030316949931098,0.013565509032214824,0.09887029439718957,0.5785552457302195,-0.009684909587458945,-21.41879822101695,0.46215624239474323,-1.7323206064322363,-1.74065729452384,-0.5034050761783333,0.9818804703538101,-0.7036285602809208,-1.7271906052393857,-0.8570893191755153,-1.4709285489107387,-0.6211845148864807,0.3240421743663883,Oil & Gas Integrated,Energy,EQNR
2008Q3,2008,Q3,2008-09-30,2008-09-30,1107000000.0,29605000000.0,8005000000.0,0.345043,12815000000.0,0.43286606992062154,96220000000.0,33882000000.0,33121000000.0,31860000000.0,62040000000.0,4317000000.0,26447000000.0,75822542516.57875,69961542516.57875,10.635248296265994,1.039579409918393,0.0,0.0,0.039761566221010666,10.635248296265994,0.03267221533557641,2.5611397573578367,17.123428752614895,2.2378414059553378,0.6413730803974707,3.8892749594625897,0.009363969822625733,0.30768031594263145,0.7634337727558067,0.011504884639368114,34.01639413036283,0.43286606992062154,-0.7016197864555724,0.23189097376869472,1.2513594158024972,1.4329365565974272,-0.2488716956802063,-0.6999186771482787,-0.3493456880435666,-0.43206712383963797,0.2572463615773543,0.573233655046416,Oil & Gas Integrated,Energy,EQNR
2008Q2,2008,Q2,2008-06-30,2008-06-30,3689000000.0,33524000000.0,12303000000.0,1.156387,17061000000.0,0.508918983414867,105060000000.0,35386000000.0,35672000000.0,35294000000.0,69289000000.0,4348000000.0,29239000000.0,119100935120.26076,115150935120.26076,11.105947355076518,1.010710035700119,0.0,0.0,0.1058329448377604,11.105947355076518,0.1042502684677556,3.5527065720158917,8.071356405547625,3.3657642887091157,0.0,3.7863385464581416,0.0,0.31909385113268607,0.5786819289397631,0.03511326860841424,54.75905063000494,0.508918983414867,0.1729478507040911,3.1317246217278463,2.0155070521342897,1.772191524684711,0.14641849213815347,0.17671451355661882,0.2189636381650649,1.4298369816396743,0.6009473522159339,0.7959811909636437,Oil & Gas Integrated,Energy,EQNR
2008Q1,2008,Q1,2008-03-31,2008-03-31,3135000000.0,30940000000.0,10093000000.0,0.985881,14882000000.0,0.4809954751131222,103844000000.0,37151000000.0,36060000000.0,32317000000.0,66332000000.0,3140000000.0,30826000000.0,95182591188.98135,88721591188.98135,11.658648848377458,1.115821394312591,0.0,0.0,0.07874748095881287,11.658648848377458,0.08438534628946731,3.0763604133478135,7.590318276633282,2.562046544883889,0.0,5.1140127388535035,0.0,0.29794692038057086,0.6525048735959402,0.03018951504179346,33.50319999612156,0.4809954751131222,-0.22844733455543792,3.305239427588458,1.2890974707785938,1.905131472527904,-0.3646144650328751,0.14416058394160583,-0.12257671911675215,0.9953035125351997,0.5759571533743415,0.7268197393766747,Oil & Gas Integrated,Energy,EQNR
2007Q4,2007,Q4,2007-12-31,2007-12-31,2740000000.0,37068000000.0,11503000000.0,1.277788340517162,23422000000.0,0.6318657602244524,88960000000.0,32636000000.0,23894000000.0,23816000000.0,55994000000.0,3258000000.0,25941000000.0,65444954652.0,62082954652.0,15.219671635444561,1.0032751091703056,0.0,0.0,0.08347661028102257,15.219671635444561,0.08395636720186297,1.7655377860148915,5.9712549864963504,2.005299505208972,0.4054744525547445,4.188459177409453,0.01697609855347417,0.416681654676259,0.6774437353039973,0.030800359712230215,-45.89407759607293,0.6318657602244524,0.3943565479235726,2.594640349595283,2.3929938293744173,3.015590097799176,2.117529615333422,0.395112016293279,1.5432235242095953,0.44461022072626843,1.1017670318520505,1.33998126605735,Oil & Gas Integrated,Energy,EQNR
2007Q3,2007,Q3,2007-09-30,2007-09-30,1964000000.0,20309000000.0,4523000000.0,0.9164,7513000000.0,0.36993451179280123,64428000000.0,23157000000.0,17172000000.0,19639000000.0,40945000000.0,2877000000.0,17976000000.0,73293202818.0,78423202818.0,10.79917686180873,0.874382606039004,0.11515179735518719,0.32037828734292007,0.05280042405042405,10.79917686180873,0.08481236775057219,3.6089025957949676,9.329582843431771,3.165056044306257,0.15478615071283094,4.447688564476886,0.004147724322470746,0.31522009064381945,0.5617393960995978,0.03048364065313218,22.621358894444445,0.36993451179280123,0.08129793510324479,3.539997918694111,1.5000726796907804,0.0,0.02454657029864994,0.08030803080308031,0.026787741203178207,1.2909690207676223,0.662528140394133,1.0063958389553482,Oil & Gas Integrated,Energy,EQNR
2007Q2,2007,Q2,2007-06-30,2007-06-30,1818000000.0,18483000000.0,4405000000.0,0.8475,7333000000.0,0.39674295298382295,57150000000.0,20291000000.0,13747000000.0,17264000000.0,36576000000.0,3238000000.0,14630000000.0,66507325679.62,65971325679.62,9.460971457957971,0.7962812789620018,0.0,0.0,0.08390701630304477,9.460971457957971,0.08959637277610763,3.5982971205767464,9.145671848132563,3.2776760967729537,0.0,3.443483631871526,0.0,0.32341207349081363,0.4838971269694161,0.03181102362204724,87.8564407921004,0.39674295298382295,0.4391237901171677,1.2571028101083093,1.2013077612920628,0.0,0.07380289939961927,0.43942992874109266,0.12602249488752557,1.9285044374774607,0.8180513767725042,0.9271980309808205,Oil & Gas Integrated,Energy,EQNR
2007Q1,2007,Q1,2007-03-31,2007-03-31,1263000000.0,16532000000.0,3912000000.0,0.5889,6829000000.0,0.41307766755383496,56411000000.0,21512000000.0,17051000000.0,16317000000.0,34630000000.0,2383000000.0,15652000000.0,58083439276.56,60994439276.56,10.029450171265776,1.0449837592694735,0.09992731913988406,0.2620397917441428,0.04554604852508574,10.029450171265776,0.05871141688359985,3.5133945848390997,11.497117829881233,2.700048311480104,0.0,4.07175828787243,0.0,0.2930634096186914,0.7446221731936018,0.02238925032351846,35.09573370184894,0.41307766755383496,-0.4004042210309322,2.748828166388063,1.6827236666486307,0.0,-0.2267013928207451,-0.4053672316384181,-0.18601747815230962,0.8702625543129583,0.71662223740213,0.9833148122505966,Oil & Gas Integrated,Energy,EQNR
2023Q1,2023,Q1,2023-04-18,2023-04-18,,,,,,,0.0,0.0,0.0,0.0,0.0,0.0,0.0,0.0,0.0,0.0,0.0,0.0,0.0,0.0,0.0,0.0,0.0,0.0,0.0,0.0,0.0,,0.0,0.0,0.0,0.0,0.0,0.0,-1.0,-1.0,-1.0,0.0,0.0,0.0,1.0,-1.0,-1.0,Oil & Gas Integrated,Energy,EQNR
