Year,Date,FillingDate,NetIncome,Revenue,OperatingIncome,EPSDiluted,GrossProfit,GrossProfitRatio,TotalAssets,CommonStockEquity,CurrentAssets,CurrentLiability,TotalLiability,Inventory,RetainedEarnings,EnterpriseValue,bookValuePerShare,currentRatio,debtToAssets,debtToEquity,roic,shareholdersEquityPerShare,roe,priceToSalesRatio,peRatio,pbRatio,payoutRatio,inventoryTurnover,dividendYield,assetTurnover,quickRatio,returnOnAssets,priceToFreeCashFlowsRatio,grossProfitMargin,epsdilutedGrowth,fiveYNetIncomeGrowthPerShare,fiveYRevenueGrowthPerShare,fiveYShareholdersEquityGrowthPerShare,grossProfitGrowth,netIncomeGrowth,operatingIncomeGrowth,threeYNetIncomeGrowthPerShare,threeYRevenueGrowthPerShare,threeYShareholdersEquityGrowthPerShare,Industry,Sector,Price,MarketCap,AvgVolume,Symbol
2022,2022-12-31,2023-03-01,-74000000.0,4418000000.0,358000000.0,-0.15,2505000000.0,0.5669986419,15491000000.0,7289000000.0,3279000000.0,1702000000.0,8202000000.0,1538000000.0,-1057000000.0,11458026000.0,14.927298791726397,1.926556991774383,0.3767348783164418,0.8006585265468514,0.03058239538239538,14.927298791726397,-0.01015228426395939,1.3506170212765958,-80.63548648648649,0.8186343805734669,0.0,1.2438231469440832,0.0,0.2851978568200891,0.7914218566392479,-0.00477696727131883,22.265022388059702,0.5669986419194205,0.845360824742268,0.8262608640514397,0.11554054738974379,-0.3175150395834904,-0.04789053591790194,0.8432203389830508,0.2053872053872054,-1.823572027264197,0.08714015417626933,-0.006981691729246907,Drug Manufacturers—Specialty & Generic,Healthcare,10.3143,5080308630,7047759,ELAN
2021,2021-12-31,2022-02-28,-472000000.0,4765000000.0,297000000.0,-0.97,2631000000.0,0.5521511018,16483000000.0,7538000000.0,3276000000.0,1643000000.0,8945000000.0,1373000000.0,-949000000.0,19507736000.0,15.47208538587849,1.993913572732806,0.38336467875993446,0.8382860175112762,0.017842108337886645,15.47208538587849,-0.06261607853542053,2.9017284365162643,-29.29393220338983,1.8342711594587422,0.0,1.5542607428987618,0.0,0.28908572468604016,1.0139987827145465,-0.02863556391433598,48.34523076923077,0.5521511017838405,0.2362204724409449,-6.2043220859000865,0.1957338340317693,-0.21581741139601904,0.6375178938196303,0.1572933404749152,1.9261083743842364,-4.5134447639929,0.0004253536417242587,-0.06616773726790147,Drug Manufacturers—Specialty & Generic,Healthcare,10.3143,5080308630,7047759,ELAN
2020,2020-12-31,2021-03-01,-560100000.0,3273300000.0,101500000.0,-1.27,1606700000.0,0.4908502123,17692700000.0,8475900000.0,3416500000.0,2076300000.0,9216800000.0,1578100000.0,-477200000.0,19169938000.0,19.202310829179883,1.6454751240186871,0.3462953647549554,0.7228612890666478,0.0057933024830854355,19.202310829179883,-0.06608147807312498,4.135807289279931,-24.170216032851275,1.5972036007975554,0.0,1.0560800963183574,0.0,0.18500850633312044,0.7568270481144344,-0.031657124124638975,-38.47041204887752,0.4908502123239544,-8.055555555555555,-1.1441568530009312,-0.09199394110978126,0.0,0.0037483600924595488,-9.248895434462444,-0.7037361354349095,-0.45474175929384075,-0.0856765573148027,-0.12205895192356699,Drug Manufacturers—Specialty & Generic,Healthcare,10.3143,5080308630,7047759,ELAN
2019,2019-12-31,2020-02-28,67900000.0,3071000000.0,342600000.0,0.18,1600700000.0,0.5212308694,8985800000.0,5546900000.0,2373100000.0,818500000.0,3438900000.0,1050700000.0,84300000.0,12888050000.0,15.032249322493225,2.899328039095907,0.26208017093636626,0.4245614667652202,0.03764600109611373,15.032249322493225,0.012241071589536499,3.5386030608922177,160.04491899852724,1.9591213110025418,0.0,1.3993528124107737,0.0,0.34176144583676465,1.49529627367135,0.007556366711923257,407.0056179775281,0.5212308694236405,-0.3571428571428572,1.3109329281148598,0.019034095328750122,0.0,0.07213663764233087,-0.21502890173410405,0.09177820267686425,2.3683645354198846,0.017495138740644255,-0.2381099320320314,Drug Manufacturers—Specialty & Generic,Healthcare,10.3143,5080308630,7047759,ELAN
2018,2018-12-31,2019-02-20,86500000.0,3066800000.0,313800000.0,0.28,1493000000.0,0.48682665971044736,8956700000.0,5197500000.0,2504900000.0,970700000.0,3759200000.0,1004100000.0,16400000.0,11888461000.0,16.568377430666242,2.580508911095086,0.27602800138443845,0.4756709956709957,0.031016969500259953,16.568377430666242,0.016642616642616643,3.225173144645885,114.34636994219653,1.9030227994227995,0.0,1.5673737675530326,0.0,0.342402893922985,1.2199443700422377,0.009657574776424352,28.035603741496598,0.48682665971044736,1.2641509433962264,1.4659345305677054,0.19703321336747856,0.0,0.07017418106228944,1.2784036047634375,1.2036516853932584,1.4659345305677054,0.19703321336747856,0.0,Drug Manufacturers—Specialty & Generic,Healthcare,10.3143,5080308630,7047759,ELAN
2017,2017-12-31,2017-12-31,-310700000.0,2889000000.0,142400000.0,-1.06,1395100000.0,0.4829006576670128,8940300000.0,7790800000.0,2123700000.0,632600000.0,1149500000.0,1062300000.0,0.0,12499800000.0,21.871982032565974,3.357097692064496,0.0,0.0,0.024415154484083813,21.871982032565974,-0.03988037172049084,4.438629283489097,-41.27196652719665,1.6459413667402578,0.0,1.4062882424927046,0.0,0.32314351867387,1.4626936452734745,-0.03475274878919052,170.5212765957447,0.4829006576670128,-6.882506042015244,-0.473908918406072,-0.006909353408270479,0.0,-0.07271518777002327,-5.48643006263048,-0.4971751412429379,-0.473908918406072,-0.006909353408270479,0.0,Drug Manufacturers—Specialty & Generic,Healthcare,10.3143,5080308630,7047759,ELAN
2016,2016-12-31,2016-12-31,-47900000.0,2913500000.0,283200000.0,-0.134475,1504500000.0,0.5163892225845204,8099700000.0,7027900000.0,1947400000.0,618900000.0,1071800000.0,875600000.0,0.0,12564400000.0,19.730207748455925,3.1465503312328322,0.0,0.0,0.0861698170353672,19.730207748455925,-0.0068156917429104,4.401304273210915,-267.70772442588725,1.8246133268828526,0.0,1.6091822750114206,0.0,0.3597046804202625,1.437227338826951,-0.005913799276516414,281.2105263157895,0.5163892225845204,0.7727702846560167,0.7727703984819734,0.001512495273452254,0.0,0.09386360331539916,0.7727703984819735,51.44444444444444,0.7727703984819734,0.001512495273452254,0.0,Drug Manufacturers—Specialty & Generic,Healthcare,10.3143,5080308630,7047759,ELAN
2015,2015-12-31,2015-12-31,-210800000.0,2909100000.0,5400000.0,-0.591802,1375400000.0,0.47279227252414835,,,,,,,,,,0.0,0.0,0.0,0.0,,0.0,4.407961225121172,-60.83111954459203,0.0,0.0,0.0,0.0,0.0,0.0,0.0,-137.14652406417113,0.47279227252414835,0.0,0.0,0.0,0.0,0.0,0.0,0.0,0.0,0.0,0.0,Drug Manufacturers—Specialty & Generic,Healthcare,10.3143,5080308630,7047759,ELAN
TTM,,,,,,,,,,,,,,,,10782308630.0,15.231113826104663,2.2484157160963245,0.3817616843173315,0.8048128342245989,0.016174074074074077,15.231113826104663,-0.003071124450338522,1.141642388764045,-230.24330590909088,0.6771861938502673,0.0,1.1892230576441103,0.0,0.2821992516963663,1.002534854245881,-0.0013951423679370919,29.36594583815029,0.5734831460674157,,,,,,,,,,,Drug Manufacturers—Specialty & Generic,Healthcare,10.3143,5080308630,7047759,ELAN
