Quarters,Year,Quarter,FillingDate,Date,NetIncome,Revenue,OperatingIncome,EPSDiluted,GrossProfit,GrossProfitRatio,TotalAssets,CommonStockEquity,CurrentAssets,CurrentLiability,TotalLiability,Inventory,RetainedEarnings,MarketCap,EnterpriseValue,bookValuePerShare,currentRatio,debtToAssets,debtToEquity,roic,shareholdersEquityPerShare,roe,priceToSalesRatio,peRatio,pbRatio,payoutRatio,inventoryTurnover,dividendYield,assetTurnover,quickRatio,returnOnAssets,priceToFreeCashFlowsRatio,grossProfitMargin,epsdilutedGrowth,fiveYNetIncomeGrowthPerShare,fiveYRevenueGrowthPerShare,fiveYShareholdersEquityGrowthPerShare,grossProfitGrowth,netIncomeGrowth,operatingIncomeGrowth,threeYNetIncomeGrowthPerShare,threeYRevenueGrowthPerShare,threeYShareholdersEquityGrowthPerShare,Industry,Sector,Symbol
2023Q1,2023,Q1,2023-05-05,2023-03-31,12372000.0,224754000.0,14424000.0,0.74,132785000.0,0.5908014985,648415000.0,296412000.0,272320000.0,138566000.0,352003000.0,114254000.0,406237000.0,512714946.12,614590946.12,18.44788608480755,1.965272866359713,0.34244426794568295,0.7491127214822612,0.015610153715582222,18.44788608480755,0.041739200842071174,2.2812272356443044,10.360389308923375,1.7297374806687986,0.3659877141933398,0.8049521242144695,0.008831417992133644,0.3466206056306532,0.9993504900191966,0.019080372909325048,116.02510661235574,0.5908014985272787,-0.4788732394366197,1.583945901260745,0.48583335656397614,0.32695848427841695,-0.1697564635633226,-0.4788103462802258,-0.5414109941817951,6.700000224054323,0.4180484102636899,0.32925741990457136,Home Improvement Retail,Consumer Cyclical,HVT
2022Q4,2022,Q4,2023-03-08,2022-12-31,23738000.0,280557000.0,31453000.0,1.42,159935000.0,0.5700624116,649049000.0,289399000.0,276253000.0,154432000.0,359650000.0,118333000.0,398393000.0,479571751.09999996,577732751.0999999,18.043243957035482,1.7888326253626192,0.3409403604350365,0.7646432779657152,0.03138154558764101,18.043243957035482,0.08202516249192292,1.7093558567421236,5.050675616100766,1.6571299524186331,0.8670486140365659,1.0193437164611732,0.04291745698696972,0.4322585814014042,0.9041973166183175,0.036573509858269564,73.63300339321357,0.5700624115598613,-0.02739726027397263,9.751660517097799,0.7267218692102104,0.3016761862239766,0.02051429300663604,-0.03311474074375789,-0.022773876840862486,3.6372525137147966,0.5634598820697475,0.3238255288838101,Home Improvement Retail,Consumer Cyclical,HVT
2022Q3,2022,Q3,2022-11-04,2022-09-30,24551000.0,274495000.0,32186000.0,1.46,156720000.0,0.5709393614,692946000.0,283609000.0,310087000.0,192746000.0,409337000.0,137315000.0,395237000.0,405820200.0,500095200.0,17.40146030187753,1.6087856557334523,0.33408230944402595,0.8162681720255704,0.03245669753112521,17.40146030187753,0.08656636425501306,1.4784247436201023,4.132420268013522,1.4309143927026293,0.18520630524214898,0.8576994501693187,0.011204469368454307,0.3961275481783573,0.8092048602824442,0.03542988919771526,121.72171565686862,0.5709393613727026,0.14960629921259838,4.342453893426967,0.7210733365684042,0.2560433855793726,0.06897304376295973,0.13096554265708493,0.13016608729239088,3.8477455412460713,0.5787397223722311,0.27058466587454333,Home Improvement Retail,Consumer Cyclical,HVT
2022Q2,2022,Q2,2022-08-05,2022-06-30,21708000.0,253216000.0,28479000.0,1.27,146608000.0,0.5789839505,694296000.0,266726000.0,309405000.0,208516000.0,427570000.0,134053000.0,375234000.0,355279860.0,444702860.0,17.402361845109937,1.483842966486984,0.33541457822024034,0.8730944864767589,0.02944092030862291,17.402361845109937,0.08138689141665979,1.4030703431062808,4.091577529021558,1.3320031043092913,0.21001474110926846,0.7952675434343133,0.012832137459184993,0.36470900019588187,0.7706794682422452,0.031266203463652394,-497.5908403361345,0.5789839504612663,0.14414414414414406,3.8496220707097804,0.7775828214088665,0.26957852346692884,0.04006072601641589,0.12122307732038634,0.10353779982175379,3.615820498511219,0.696403863714105,0.2830058287661685,Home Improvement Retail,Consumer Cyclical,HVT
2022Q1,2022,Q1,2022-05-06,2022-03-31,19361000.0,238946000.0,25807000.0,1.11,140961000.0,0.5899282683,693885000.0,260400000.0,313130000.0,213742000.0,433485000.0,119857000.0,358084000.0,465948060.0,534796060.0,15.323956923439063,1.4649905025685173,0.3331791291064081,0.8878187403993856,0.026877608226196007,15.323956923439063,0.0743509984639017,1.9500140617545387,6.016580496875162,1.789355069124424,0.2200299571303135,0.8175158730820895,0.009142649933986204,0.34435965613898556,0.8406770779725089,0.027902318107467374,34.588973350159606,0.5899282683116688,-0.11904761904761897,3.0179936712211974,0.48102269846662654,0.12923558613661826,-0.060804733254712265,-0.20344770838476098,-0.19746866934104548,5.472687008749789,0.5448340746679708,0.11812716057428174,Home Improvement Retail,Consumer Cyclical,HVT
2021Q4,2021,Q4,2022-03-01,2021-12-31,24306000.0,265941000.0,32157000.0,1.26,150087000.0,0.5643620201,686290000.0,255970000.0,309057000.0,210377000.0,430320000.0,112031000.0,342983000.0,523511250.0,587717250.0,14.947153284671533,1.4690626827077105,0.3356481953693045,0.8999179591358363,0.03397628315156259,14.947153284671533,0.09495644020783686,1.9685240335262333,5.384588681806961,2.045205492831191,1.6224800460791573,1.0341244834019157,0.07532980427832257,0.3875052820236343,0.7897536327640379,0.035416514884378324,236.454945799458,0.564362020147326,-0.038167938931297746,1.7362298319907663,0.4856750534180698,0.11911024163432213,0.014080795659547441,0.003012421078694342,0.009734040882971709,2.0917213332548794,0.5262017044763884,0.11776136900072191,Home Improvement Retail,Consumer Cyclical,HVT
2021Q3,2021,Q3,2021-11-02,2021-09-30,24233000.0,260378000.0,31847000.0,1.31,148003000.0,0.5684159183955634,763760000.0,291541000.0,378521000.0,245800000.0,472219000.0,118961000.0,358113000.0,600712200.0,613081200.0,16.360325476992145,1.5399552481692433,0.31167251492615483,0.8164992230938358,0.03151330439218584,16.360325476992145,0.08312038443992441,2.3070774028527756,6.197253744893327,2.060472454989178,0.18404654809557217,0.9446373181126587,0.007424520427585789,0.3409159945532628,0.9181204231082181,0.03172855347229496,42.19077117572693,0.5684159183955634,0.08264462809917363,2.8961219885828444,0.4566694845643624,0.17583379773816732,0.04595020529890248,0.060153994225216556,0.0942482133040132,2.403436228773473,0.4506283139555838,0.1694698551261932,Home Improvement Retail,Consumer Cyclical,HVT
2021Q2,2021,Q2,2021-08-02,2021-06-30,22858000.0,249989000.0,29104000.0,1.21,141501000.0,0.5660289052718319,761141000.0,289412000.0,380589000.0,234830000.0,471729000.0,115056000.0,338341000.0,784945320.0,796909320.0,15.76575693196056,1.6207000809095942,0.3249174594457532,0.8545188174643761,0.029089603163681112,15.76575693196056,0.0789808300968861,3.139919436455204,8.585017499343774,2.7122072339778582,0.1996237641088459,0.942914754554304,0.005813143774142128,0.3284398028748944,1.0021888174424052,0.030031229430552288,24.649708579324205,0.5660289052718319,0.16346153846153838,4.021550682582325,0.5152601440336098,0.18662042171788998,0.047891642104951344,0.17788312892919717,0.15163026274137384,3.223715639179237,0.44406529049095417,0.13891597245804926,Home Improvement Retail,Consumer Cyclical,HVT
2021Q1,2021,Q1,2021-04-30,2021-03-31,19406000.0,236491000.0,25272000.0,1.04,135034000.0,0.5709900165333988,708272000.0,270314000.0,342700000.0,214928000.0,437958000.0,103569000.0,320045000.0,674494538.31,697474538.31,14.904461176496016,1.5944874562644233,0.32911649761673484,0.8623452725349039,0.0262525909435728,14.904461176496016,0.07179058428346294,2.852093899175867,8.68925252898588,2.495226064169817,0.2054519220859528,0.979607797700084,0.005911093083110425,0.33389855874579255,0.9776483287426487,0.027399078320193372,45.40216332189014,0.5709900165333988,-0.24087591240875916,4.076598730947666,0.4850160066591613,0.08237238099555047,-0.018776613524393613,-0.23682554664149758,-0.17449532893447442,2.5906778865391114,0.3850779211115457,0.07207953913143356,Home Improvement Retail,Consumer Cyclical,HVT
2020Q4,2020,Q4,2021-03-09,2020-12-31,25428000.0,241339000.0,30614000.0,1.37,137618000.0,0.5702269421850592,680372000.0,252967000.0,316244000.0,204041000.0,427405000.0,89908000.0,304626000.0,503926040.00000006,537534040.0,13.890127388535031,1.5499041859234173,0.3434385894775211,0.9237015104736982,0.03455700031474827,13.890127388535031,0.10051904003288967,2.088042297349372,4.954440380682713,1.9920623638656427,1.5829007393424572,1.1536348267117498,0.07987283213227084,0.35471624346680936,0.9804794134512181,0.03737367204999618,18.910463824677276,0.5702269421850592,0.4123711340206187,2.3687549763015263,0.3598704571892367,0.019828004220883225,0.12638221596536173,0.3924757680302284,0.3868176670441676,9.143045734768403,0.30813797310567426,0.0020619400993851706,Home Improvement Retail,Consumer Cyclical,HVT
2020Q3,2020,Q3,2020-11-04,2020-09-30,18261000.0,217513000.0,22075000.0,0.97,122177000.0,0.5616997604740867,699425000.0,267377000.0,330976000.0,202069000.0,432048000.0,90943000.0,319448000.0,381275520.0,409891520.0,14.684589191564148,1.6379355566662872,0.34380383886764126,0.8993481114680769,0.021958997278071365,14.684589191564148,0.06829682433417983,1.7528861263464712,5.219806144241827,1.4259847331670263,0.20332950002738076,1.048304982241624,0.009738364529671351,0.31098831182757264,1.055926440968184,0.026108589198270006,5.26035126446931,0.5616997604740867,0.3472222222222222,1.9489901224144488,0.2809237799069428,0.12575198684294436,1.0483687087147504,0.33878299120234606,2.6997766997766997,2.556871877686838,0.2207373300125417,0.059938695031498436,Home Improvement Retail,Consumer Cyclical,HVT
2020Q2,2020,Q2,2020-08-10,2020-06-30,13640000.0,109968000.0,-12987000.0,0.72,59646000.0,0.542394151025753,651109000.0,264378000.0,283007000.0,157363000.0,386731000.0,104840000.0,304900000.0,275920000.0,363072000.0,15.33070455204407,1.798434193552487,0.3658481145246034,0.9010091611253583,-0.01283898364971399,15.33070455204407,0.051592795164499314,2.5090935544885786,5.057184750733137,1.0436571878144172,0.2058651026392962,0.47998855398702783,0.010176862858799651,0.1688933803710285,0.9671650896335225,0.020948873383719164,6.2433814544960855,0.542394151025753,7.0,2.7664471880975348,-0.21826001391952374,0.1791340906553088,-0.40086185248058825,6.498625618471688,-7.483774338492261,1.708297766765665,-0.3138817269937209,0.11844204954059653,Home Improvement Retail,Consumer Cyclical,HVT
2020Q1,2020,Q1,2020-05-21,2020-03-31,1819000.0,179432000.0,2003000.0,0.09,99553000.0,0.5548229970127959,574879000.0,252447000.0,220183000.0,146753000.0,322432000.0,110547000.0,294068000.0,216279100.0,359534100.0,13.878339747113799,1.5003645581350977,0.39630078677426034,0.9024666563674751,0.002384643825172227,13.878339747113799,0.007205472831921155,1.2053541174372464,29.725,0.8567307197154255,2.061572292468389,0.7225795363058247,0.017338707253729095,0.31212133335884595,0.5856370908942237,0.003164144106846832,-8.989529905648613,0.5548229970127959,-0.7096774193548387,-0.6298414773655826,0.16775050518547216,0.05675834906803756,-0.14051748698512462,-0.7018032786885245,-0.7214961067853171,-0.6473438022051453,0.03896090587661874,0.022706811121603186,Home Improvement Retail,Consumer Cyclical,HVT
2019Q4,2019,Q4,2020-03-05,2019-12-31,6100000.0,213836000.0,7192000.0,0.31,115829000.0,0.5416721225612151,560072000.0,260503000.0,204523000.0,127016000.0,299569000.0,104817000.0,295999000.0,385318080.0,488584080.0,13.629623816250719,1.6102144611702462,0.31961069291091143,0.6871513955693409,0.009342744715423453,13.629623816250719,0.023416237049093486,1.80193269608485,15.791724590163934,1.4791310656691095,0.6331147540983607,0.9350296230573285,0.010022888103252253,0.3818009113114028,0.6083170624173333,0.01089145681269551,586.481095890411,0.5416721225612151,0.0,1.6435384786226772,0.07946706373878164,-0.041017796147778056,0.034012087235201174,0.0004920452681646711,-0.0820676451818762,-0.3847230644173698,0.0703383239988913,0.020465322853912473,Home Improvement Retail,Consumer Cyclical,HVT
2019Q3,2019,Q3,2019-11-01,2019-09-30,6097000.0,209320000.0,7835000.0,0.31,112019000.0,0.5351566978788458,578503000.0,268722000.0,214613000.0,132793000.0,309781000.0,99958000.0,293761000.0,397717670.0,492518670.0,13.695632230773152,1.6161469354559352,0.318631018335255,0.6859468149239735,0.009174615404864219,13.695632230773152,0.022688875492144298,1.9000461972100133,16.307924799081515,1.4800339012064512,0.6411349844185665,0.9734188359110827,0.009828580158382201,0.36183044858885777,0.6860150760958785,0.010539271187876294,10.237526577260676,0.5351566978788458,0.06896551724137938,-0.0990013438712684,0.2189820515596294,0.07127281775318152,0.08171345249476133,0.008435329143235196,0.008106021616057642,-0.10971691728219891,0.06354047780719814,-0.015680508252581923,Home Improvement Retail,Consumer Cyclical,HVT
2019Q2,2019,Q2,2019-08-02,2019-06-30,6046000.0,191893000.0,7772000.0,0.29,103557000.0,0.53966012308943,560776000.0,267260000.0,193841000.0,112094000.0,293516000.0,109213000.0,291573000.0,338711760.0,470167760.0,13.563743402354852,1.729271861116563,0.33444726593149493,0.7017511037940583,0.008880826373048038,13.563743402354852,0.022622165681358976,1.7651074296613216,14.00561362884552,1.2673492479233706,0.5954349983460139,0.8088414382903134,0.010628506078442625,0.3421918912364295,0.5144967616464753,0.01078148850878069,62.51601328903654,0.53966012308943,0.7058823529411762,0.4370515057937197,0.2576361773831075,0.002731483148179422,0.004598236372631763,0.6697045015189175,0.8408337280909521,0.23741413863021624,0.08360934682448484,0.020884375272050924,Home Improvement Retail,Consumer Cyclical,HVT
2019Q1,2019,Q1,2019-05-06,2019-03-31,3621000.0,187242000.0,4222000.0,0.17,103083000.0,0.5505335341429808,575083000.0,281926000.0,207758000.0,112448000.0,293157000.0,109379000.0,289126000.0,472721580.0,586068580.0,13.70502163239512,1.8475917757541263,0.3239497602954704,0.6608046083014691,0.004943342392167642,13.70502163239512,0.012843795889701554,2.5246556862242446,32.637502071251035,1.6767576598114398,1.0176746755040045,0.7694255752932464,0.007795286180927048,0.3255912624786335,0.6640135885031303,0.006296482420798389,285.80506650544135,0.5505335341429808,-0.6222222222222222,-0.3533705940622825,0.1276555552274302,0.016332011637877956,-0.09944437649607744,-0.615931268561731,-0.6639605221267112,-0.16485441522660402,0.036612981680950216,-0.004731756472766629,Home Improvement Retail,Consumer Cyclical,HVT
2018Q4,2018,Q4,2019-03-04,2018-12-31,9428000.0,208968000.0,12564000.0,0.45,114466000.0,0.54776807932315,440179000.0,274629000.0,201850000.0,88226000.0,165550000.0,105840000.0,282366000.0,385684860.0,372558860.0,13.372401032283197,2.2878743227619975,0.13269828865075345,0.21269057528520294,0.02452790921120603,13.372401032283197,0.03432995058788402,1.8456646950729299,10.227112324989394,1.4043850430945022,2.5590793381417054,0.8928760393046107,0.06255625382857911,0.4747341422466769,0.8316142633690748,0.021418559267934182,82.83609536082474,0.54776807932315,0.15384615384615383,0.06761584902651283,0.16782061167054663,0.009395156106080103,-0.007852858579204659,0.12883141762452108,0.031781226903178125,0.10763694646275282,0.04416818094808617,-0.018184018409281088,Home Improvement Retail,Consumer Cyclical,HVT
2018Q3,2018,Q3,2018-11-01,2018-09-30,8352000.0,210547000.0,12177000.0,0.39,115372000.0,0.5479631626192727,473584000.0,292423000.0,230775000.0,101118000.0,181161000.0,108344000.0,297065000.0,448787410.0,404285410.0,13.989523034971057,2.2822346169821395,0.10930901381803439,0.1770277987709585,0.02292501700134394,13.989523034971057,0.02856136487212018,2.1315307746013956,13.433531190134099,1.5347199433697074,0.4492337164750958,0.8784519678062468,0.008360305829434922,0.4445821649380047,0.9701141240926442,0.017635730936855974,14.935683240149094,0.5479631626192727,0.3448275862068967,-0.05299175953336911,0.1760621243574759,0.12056017760290594,0.070270972290509,0.34406179594464115,0.3459710401237979,0.17487826963980602,0.08004226706058615,0.07246672999548226,Home Improvement Retail,Consumer Cyclical,HVT
2018Q2,2018,Q2,2018-08-02,2018-06-30,6214000.0,198775000.0,9047000.0,0.29,107797000.0,0.5423066280970947,458865000.0,291778000.0,210655000.0,91860000.0,167087000.0,107482000.0,292465000.0,455284800.00000006,433360800.00000006,13.84277445677958,2.2932179403440016,0.11489000032689353,0.18068188828492895,0.016828798473044207,13.84277445677958,0.021297013482853403,2.290453024776758,18.31689732861281,1.5603808374860342,0.6103958802703573,0.8464487076905901,0.008331049048859087,0.4331884105346889,0.8334530807750925,0.013542109334989593,34.89039773162695,0.5423066280970947,0.0,0.3685154244208194,0.23566799181092932,0.14067611725245482,-0.01019218232069564,-0.015681926184064627,0.14042606832219842,0.4038559900290149,0.15608977693169773,0.06469257272752152,Home Improvement Retail,Consumer Cyclical,HVT
2018Q1,2018,Q1,2018-05-03,2018-03-31,6313000.0,199442000.0,7933000.0,0.29,108907000.0,0.546058503223995,455789000.0,294522000.0,206398000.0,84766000.0,161267000.0,109024000.0,290044000.0,426877749.99999994,408445749.99999994,13.902383762095823,2.4349149423117757,0.11773210849757235,0.1821969156803227,0.014736672253551544,13.902383762095823,0.021434731531091055,2.1403603553915422,16.904710517978774,1.4493917262547449,0.6006652938381118,0.8304134869386557,0.008883105291854636,0.4375752815447499,0.8752801830922776,0.013850707235146087,366.1044168096054,0.546058503223995,1.2307692307692306,-0.18834552749586972,0.1381749652200058,0.1679979307498163,-0.06271408162211474,1.1612461485792538,-0.37099587694259434,0.1030496829790309,0.11447676157456065,0.058589167021795716,Home Improvement Retail,Consumer Cyclical,HVT
2017Q4,2017,Q4,2018-03-02,2017-12-31,2921000.0,214962000.0,12612000.0,0.13,116194000.0,0.5405327453224291,461329000.0,294142000.0,210687000.0,89684000.0,167187000.0,103437000.0,287390000.0,480632999.99999994,464297999.99999994,13.861545711592838,2.349215021631506,0.13690012984226008,0.21471262179491538,0.006227345092490792,13.861545711592838,0.009930577748162452,2.2358975074664356,41.135997945908926,1.6340169034003982,1.0849024306744266,0.9548614132273752,0.006593388302509399,0.46596246930065094,0.9131952187681192,0.0063317068729691825,-89.63688922044012,0.5405327453224291,-0.5357142857142857,-0.5503276042788346,0.2319796047538678,0.18323361311509695,0.03730750345935812,-0.511783386261073,0.2693236714975845,1.2775618168858207,-0.022596818708762338,-0.024699739735128647,Home Improvement Retail,Consumer Cyclical,HVT
2017Q3,2017,Q3,2017-11-02,2017-09-30,5983000.0,207647000.0,9936000.0,0.28,112015000.0,0.5394491613170429,470199000.0,293972000.0,213245000.0,98155000.0,176227000.0,99664000.0,287638000.0,554876850.0,523229850.0,13.854187284980442,2.1725332382456317,0.11751620058741086,0.18796347951505585,0.015121945080227255,13.854187284980442,0.020352278448287592,2.6722122159241404,23.18556117332442,1.8875159879172165,0.529834531171653,0.9595440680687108,0.005712979375513684,0.44161514592757534,0.9129336253884163,0.012724399669076285,23.398703297630092,0.5394491613170429,-0.034482758620689495,0.6304409915129694,0.08556603783833457,-0.02545034728570766,0.04570617724213258,-0.03265966046887631,-0.03186202864659456,-0.18243333399832365,0.11817163439013888,0.08367499947269343,Home Improvement Retail,Consumer Cyclical,HVT
2017Q2,2017,Q2,2017-08-02,2017-06-30,6185000.0,196829000.0,10263000.0,0.29,107119000.0,0.5442236662280456,454318000.0,290291000.0,195890000.0,86344000.0,164027000.0,103822000.0,284825000.0,531567800.00000006,520484800.00000006,13.707196146944943,2.2687158343370704,0.12056533089157814,0.18868996972003954,0.016376598154543818,13.707196146944943,0.02130620653068817,2.7006579315039962,21.48616814874697,1.8311549445211874,0.4093775262732417,0.8640750515305041,0.004763268203980753,0.43324059359303396,0.7965000463263227,0.013613812351700791,58.65252124020744,0.5442236662280456,0.035714285714285546,1.3530858963588477,0.16630623409612388,-0.030488740357633846,-0.022601189824446147,0.03324423655195456,0.11980360065466449,0.3677708698006334,0.20020223235979315,0.013336563108592516,Home Improvement Retail,Consumer Cyclical,HVT
2017Q1,2017,Q1,2017-05-03,2017-03-31,5986000.0,200427000.0,9165000.0,0.28,109596000.0,0.5468125551946594,455620000.0,286467000.0,196728000.0,91889000.0,169153000.0,108258000.0,281172000.0,514028500.00000006,508167500.00000006,13.570203694931312,2.1409309057667403,0.12210614108248101,0.1942073607082142,0.014161733423312383,13.570203694931312,0.0208959496207242,2.564666936091445,21.467946040761777,1.7943724757127348,0.4211493484797862,0.839023443994901,0.0049043973242728755,0.43989947763487114,0.706461056274418,0.013138141433650849,890.863951473137,0.5468125551946594,-0.4509803921568627,1.177209056886935,0.0945158668391716,-0.0389742150246291,-0.09440510324654398,-0.45318352059925093,-0.4463239291971244,0.04167156490731139,0.17624174700872708,0.006334232045645703,Home Improvement Retail,Consumer Cyclical,HVT
2016Q4,2016,Q4,2017-03-03,2016-12-31,10947000.0,220595000.0,16553000.0,0.51,121021000.0,0.5486117092409166,454505000.0,281871000.0,194115000.0,95950000.0,172634000.0,102020000.0,277707000.0,500164800.0,500954800.0,13.356283169067476,2.0230849400729545,0.141408785381899,0.22801565255028008,0.025452259699906936,13.356283169067476,0.038836914758879064,2.2673442281103378,11.4224171005755,1.7744457571016528,2.1488992418014066,0.9760243089590276,0.04703249808862999,0.4853521963454748,0.7058363731109953,0.02408554361338159,60.464796905222435,0.5486117092409166,0.49999999999999994,-0.42291720141876055,0.17126864550119342,-0.04074602642695584,0.06404248397619068,0.48615259299484115,0.3821810287241149,0.20632070360653432,0.19967674220124235,0.008178523953226477,Home Improvement Retail,Consumer Cyclical,HVT
2016Q3,2016,Q3,2016-11-02,2016-09-30,7366000.0,211690000.0,11976000.0,0.34,113737000.0,0.5372809296612971,468496000.0,293637000.0,202573000.0,96309000.0,174859000.0,99075000.0,290284000.0,422924160.0,403661160.0,13.91380780894617,2.10336520989731,0.1201803217103241,0.19174695287038077,0.017909098529111156,13.91380780894617,0.025085394551776514,1.9978466625726299,14.353928862340483,1.4402958755197743,0.34170513168612543,0.9886752460257381,0.005951421644958756,0.45185017588197124,0.8389143278405964,0.015722652914859466,14.174011662980092,0.5372809296612971,0.4166666666666668,54.212344675601706,0.20417594907435926,0.020792518666755293,0.09194508448540707,0.3706736136955713,0.6201298701298701,-0.1727460885475252,0.1711847022551718,0.11449539134038654,Home Improvement Retail,Consumer Cyclical,HVT
2016Q2,2016,Q2,2016-08-03,2016-06-30,5374000.0,194774000.0,7392000.0,0.24,104160000.0,0.5347736350847649,456951000.0,287940000.0,193819000.0,91056000.0,169011000.0,109942000.0,285435000.0,390746160.0,397741160.0,13.286267995570322,2.1285692321208924,0.12150099244776792,0.19281794818364936,0.011363320223703519,13.286267995570322,0.01866361047440439,2.0061515397332292,18.17762188314105,1.357040216711815,0.40249348716040195,0.8241982136035364,0.005535563036627154,0.42624701554433625,0.5968524863820067,0.011760560760344107,66.81705882352941,0.5347736350847649,0.14285714285714285,5.896217609149026,0.16724626552157795,-0.025122647498716014,-0.002480391499631293,0.1509959306061255,-0.0791080104646817,0.1510826766387939,0.17760984116879436,0.09481871840657631,Home Improvement Retail,Consumer Cyclical,HVT
2016Q1,2016,Q1,2016-05-04,2016-03-31,4669000.0,194511000.0,8027000.0,0.21,104419000.0,0.536828251358535,465673000.0,305037000.0,205268000.0,81734000.0,160636000.0,110200000.0,282223000.0,468736320.0,471280320.0,13.770178764897075,2.511415078180439,0.12085089751821557,0.18449237305638333,0.011829214930018385,13.770178764897075,0.015306339886636704,2.4098190847818377,25.09832512315271,1.5366539796811534,0.47226386806596704,0.8175317604355717,0.004704137285542542,0.41769868555832096,0.8727090317370984,0.0100263489616104,-34.109759860282345,0.536828251358535,-0.4878048780487805,6.82180385995902,0.054679206239222476,0.006056816574433947,-0.10142420721999915,-0.4915051187105206,-0.4683049612505796,-0.4259168548885665,0.06157846623801312,0.15689083100308593,Home Improvement Retail,Consumer Cyclical,HVT
2015Q4,2015,Q4,2016-03-04,2015-12-31,9182000.0,215886000.0,15097000.0,0.41,116205000.0,0.5382701981601401,471251000.0,301739000.0,218711000.0,93962000.0,169512000.0,108896000.0,279760000.0,474981760.0,467427760.0,13.620068610634648,2.3276537323598903,0.13390953016545323,0.20913769847450941,0.02146009212210259,13.620068610634648,0.030430272520290715,2.200150820340365,12.932415595730777,1.5741477236949815,0.24014375952951428,0.9153779753158977,0.004642283526845325,0.4581125557293247,0.9507247610736255,0.019484308786612656,266.6938573834924,0.5382701981601401,0.20588235294117632,0.3943812150242613,0.10939725362267554,-0.002953007601241125,0.039940219434053445,0.19947746570868713,0.16041506533435818,0.3539268090284555,0.1851123719544027,0.16262091748964752,Home Improvement Retail,Consumer Cyclical,HVT
2015Q3,2015,Q3,2015-11-02,2015-09-30,7655000.0,209921000.0,13010000.0,0.34,111742000.0,0.5323050099799448,472481000.0,293613000.0,213768000.0,102218000.0,178868000.0,105165000.0,272783000.0,528511320.0,509140320.0,13.044248967079835,2.0912950752313684,0.11411252515974188,0.18362947144710895,0.01998410474720087,13.044248967079835,0.026071733880993007,2.517667694037281,17.260330502939258,1.800026974282474,0.29340300457217505,0.9335710550087957,0.004249672457346798,0.4442951145125412,0.8428065507053553,0.016201709698379405,26.78990875912409,0.5323050099799448,0.6190476190476192,4.292394321874357,0.09631447375159331,-0.04516200943174676,0.11538999021780359,0.5839023380922822,0.7472468439430566,0.9665273433307557,0.03455881401416056,-0.08242410476376313,Home Improvement Retail,Consumer Cyclical,HVT
2015Q2,2015,Q2,2015-08-03,2015-06-30,4833000.0,187732000.0,7446000.0,0.21,100182000.0,0.5336437048558583,472993000.0,299224000.0,215850000.0,96928000.0,173769000.0,112345000.0,267374000.0,497568863.32000005,484507863.32000005,13.001663401593254,2.2269106965995378,0.11340548380208587,0.17926369542550064,0.011293130302882478,13.001663401593254,0.016151779269042592,2.6504211499371446,25.738095557624664,1.662864153009117,0.3738878543347817,0.7792959188214874,0.0036316581145027743,0.3969022797377551,0.8182155827005613,0.010217910201630891,-152.02226193706082,0.5336437048558583,-0.2222222222222223,7.258415763888121,0.015467358505233678,-0.06261585647308661,-0.02401434040936413,-0.21016505965026966,-0.2835562397767728,0.692007602882502,0.023644732754031735,-0.08039113712294955,Home Improvement Retail,Consumer Cyclical,HVT
2015Q1,2015,Q1,2015-05-05,2015-03-31,6119000.0,191331000.0,10393000.0,0.27,102647000.0,0.536489120947468,469626000.0,297461000.0,213481000.0,96747000.0,172165000.0,107348000.0,264348000.0,563532000.0,541035000.0,13.132935982339957,2.2065903852315834,0.10997900456959368,0.1736328459865327,0.015983663494490197,13.132935982339957,0.020570763898460638,2.945325117205262,23.02386010786076,1.8944735612399606,0.29449256414446806,0.8261355591161457,0.0031976888623893585,0.40741142952051207,0.897071743826682,0.013029517105100655,82.23143148985845,0.536489120947468,1.5999999999999999,1.017322110127705,-0.04838388797694665,-0.07281408668338119,-0.10081817863274817,1.60037284144427,3.2667393675027263,1.0742633786783897,-0.02619678479441552,-0.06994099755674782,Home Improvement Retail,Consumer Cyclical,HVT
2014Q4,2014,Q4,2014-12-31,2014-12-31,-10192000.0,212998000.0,-4585000.0,-0.45,114156000.0,0.5359486943539375,460987000.0,292083000.0,209461000.0,95875000.0,168904000.0,107139000.0,260031000.0,452327510.00000006,446761510.00000006,14.212593061164906,2.184730117340287,0.1299711271684451,0.2051300486505548,-0.022789687193782743,14.212593061164906,-0.034894191034740125,2.123623273457967,-11.095160665227631,1.548626623254349,-0.1770015698587127,0.9225585454409692,0.003988260630002362,0.4620477367040719,0.8331368970013038,-0.02210908333640645,-186.06643767996712,0.5359486943539375,-2.3235294117647056,-1.95118161322239,0.12018564096231184,0.021557186378458687,0.07488489025733737,-2.3026584867075663,-1.3629958039743488,-1.5517397136041295,0.16136356642148408,0.020754516516513007,Home Improvement Retail,Consumer Cyclical,HVT
2014Q3,2014,Q3,2014-09-30,2014-09-30,7824000.0,198541000.0,12631000.0,0.34,106203000.0,0.5349172211281297,442468000.0,290028000.0,199702000.0,91589000.0,152440000.0,94822000.0,272027000.0,494327940.0,452280940.0,12.784448558582385,2.1804146786186114,0.08274496686766049,0.12623608755016757,0.021820352852136987,12.784448558582385,0.02697670569738094,2.489802811509965,15.795243481595092,1.704414539285862,3.116436605316973,0.9738035476999009,0.04932555501515857,0.44871267526691194,0.9314000589590453,0.01768263467640598,31.616753437799808,0.5349172211281297,0.6190476190476192,11.003418711373865,0.0025710326196558527,-0.043095313759321074,0.12809100951733515,0.6202112238558708,0.6061800610376399,53.55570448137207,0.05062241285989299,-0.06206341045691739,Home Improvement Retail,Consumer Cyclical,HVT
2014Q2,2014,Q2,2014-06-30,2014-06-30,4829000.0,175132000.0,7864000.0,0.21,94144000.0,0.5375602402759062,440292000.0,305922000.0,207671000.0,78945000.0,134370000.0,94799000.0,288586000.0,568340080.0,511387080.0,13.52679518924655,2.6305782506808537,0.07015798606379403,0.1009734507488837,0.013220335709918351,13.52679518924655,0.01578506939677434,3.2452097846196013,29.423280182232347,1.8577940782290912,0.3735763097949886,0.8543128092068482,0.003174155868085179,0.39776330253559,1.1979606054848313,0.010967721421238632,76.41033611185803,0.5375602402759062,-0.2222222222222223,1.693701251024194,0.27689624244164857,0.24678124130657034,-0.037992274835993545,-0.21210637950726055,-0.23060365913315722,5.216027658678033,0.005727241400638133,-0.007474011037835995,Home Improvement Retail,Consumer Cyclical,HVT
2014Q1,2014,Q1,2014-03-31,2014-03-31,6129000.0,181737000.0,10221000.0,0.27,97862000.0,0.5384814319593698,421843000.0,303610000.0,205559000.0,76047000.0,118233000.0,95964000.0,285561000.0,668695500.0,601115500.0,13.484787919165,2.7030520599103185,0.04012867346382422,0.055755739270775005,0.018645245149789203,13.484787919165,0.020187082111919896,3.679468132521171,27.27588105726872,2.202481802312177,0.29189100995268397,0.8740256762952774,0.0026753582161088267,0.43081667824285336,1.208844530356227,0.014529102059296943,170.15152671755726,0.5384814319593698,-0.3571428571428571,1.6492316151066575,-0.0332636500014365,-0.01949604439538534,-0.07677358490566037,-0.3669042454291912,-0.34489168055377517,8.519073126609086,-0.03047153749352282,-0.014793995215215466,Home Improvement Retail,Consumer Cyclical,HVT
2013Q4,2013,Q4,2014-03-07,2013-12-31,9681000.0,196164000.0,15602000.0,0.42,106000000.0,0.5403641850696356,417855000.0,298264000.0,200699000.0,78115000.0,119591000.0,91483000.0,281222000.0,704688200.0,650239200.0,13.247934618459626,2.5692760673366193,0.06877026719795144,0.09634417831183113,0.026901910267613884,13.247934618459626,0.03245782260011265,3.5923421218980036,18.197712013221775,2.3626324330123647,0.18479495919842992,0.9855820207033,0.00253871144713364,0.4694547151523854,1.169519298470204,0.02316832394012277,61.97785400175901,0.5403641850696356,0.0,1.8001336998862685,-0.07865078349908625,-0.06322163114791472,0.020437632969762316,0.01969665051611544,-0.0010244589576130106,0.44665157661605787,-0.008069132632515418,-0.03019479971510338,Home Improvement Retail,Consumer Cyclical,HVT
2013Q3,2013,Q3,2013-11-05,2013-09-30,9494000.0,192722000.0,15618000.0,0.42,103877000.0,0.5389991801662498,410548000.0,280924000.0,190146000.0,86167000.0,129624000.0,91600000.0,273330000.0,551974060.0,497275060.0,12.484401386543418,2.206714867640744,0.042331225581418004,0.06186370691005397,0.030524084620289268,12.484401386543418,0.0337956173199869,2.8640947063646083,14.53481303981462,1.9648519172445218,0.18832947124499683,0.9699235807860263,0.003239282657594453,0.4694262303068094,0.9305186440284564,0.023125188772080245,25.59582935311848,0.5389991801662498,1.0,5.793713151423576,-0.16035796764275115,-0.20863928902017367,0.13761759262301365,0.965631469979296,0.9144398136798235,5.565855308789551,0.00680563136824188,-0.0861428079562908,Home Improvement Retail,Consumer Cyclical,HVT
2013Q2,2013,Q2,2013-08-02,2013-06-30,4830000.0,171114000.0,8158000.0,0.21,91311000.0,0.5336267050036817,399137000.0,272092000.0,178277000.0,80546000.0,127045000.0,97738000.0,265624000.0,530705070.00000006,496362070.00000006,12.135587172739843,2.213356342959303,0.044889348769971214,0.06584905105626038,0.01626786385564725,12.135587172739843,0.017751348808491246,3.101470773870052,27.46920652173913,1.9504618658394954,0.18488612836438922,0.8164992121795003,0.0016826671733134186,0.42870994169921606,0.7517443448464232,0.012101108140813806,397.5318876404495,0.5336267050036817,-0.4166666666666667,2.6011651052019635,-0.22227612902428634,-0.23949014610340003,-0.08970281829147933,-0.4152542372881356,-0.4053935860058309,7.420033199073887,-0.049929722420643266,-0.12505756865533613,Home Improvement Retail,Consumer Cyclical,HVT
2013Q1,2013,Q1,2013-05-03,2013-03-31,8260000.0,186090000.0,13720000.0,0.36,100309000.0,0.539034875597829,399914000.0,267788000.0,179983000.0,82636000.0,132126000.0,97567000.0,261687000.0,460534060.0,424802060.0,11.90274691083652,2.1780216854639622,0.04535225073390779,0.06772894976623299,0.027710842283462097,11.90274691083652,0.030845295532286734,2.474792089848998,13.93868220338983,1.7197710875767396,0.10690072639225182,0.8792009593407607,0.001917339186595667,0.4653250448846502,0.7620286557916647,0.02065444070475152,325.0063937896965,0.539034875597829,0.2,5.087755604115715,-0.23596255200336658,-0.2649777698209193,0.0442871271667274,0.21846880070806904,0.34694678971136855,1.7415687209579582,-0.06819770668156902,-0.1596654944225065,Home Improvement Retail,Consumer Cyclical,HVT
2012Q4,2012,Q4,2013-03-05,2012-12-31,6779000.0,182091000.0,10186000.0,0.3,96055000.0,0.5275109697898304,402096000.0,259428000.0,179894000.0,89889000.0,142668000.0,96902000.0,254310000.0,361184950.0,326988950.0,11.7149695190788,2.0012904804814826,0.048132784210735746,0.07460258723036835,0.022947459504329967,11.7149695190788,0.026130564164238246,1.983540921846769,13.319993730638735,1.3922358033828266,3.3830948517480453,0.887866091515139,0.06349655488137033,0.4528545421988779,0.7037568556775579,0.016859158012017032,-362.99994974874375,0.5275109697898304,1.0,2.203855820996311,-0.3242421090168558,-0.28108247086920546,0.05855061603226731,1.0455642727821364,0.8092362344582593,-0.4128799115387509,-0.11128966349076211,-0.15796426106647063,Home Improvement Retail,Consumer Cyclical,HVT
2012Q3,2012,Q3,2012-11-06,2012-09-30,3314000.0,172746000.0,5630000.0,0.15,90742000.0,0.5252914683986895,406398000.0,272421000.0,191402000.0,87088000.0,133977000.0,84530000.0,270465000.0,271731340.0,209971340.0,14.21598914574962,2.197799926511115,0.032642877179513675,0.048696686378803394,0.0110735532539673,14.21598914574962,0.01216499462229417,1.5730108946082688,20.498743210621605,0.9974684036840038,0.264031382015691,0.9701171181828937,0.0032200923161825943,0.4250660682385248,0.9713163696490906,0.008154567689801624,13.292796203893944,0.5252914683986895,0.3636363636363636,3.9648911129851148,-0.17071768606948615,-0.07920294866477898,0.13683287396642446,0.40364252435408726,0.6529653552554316,5.018982022387412,0.032683826742449275,0.06405423517327347,Home Improvement Retail,Consumer Cyclical,HVT
2012Q2,2012,Q2,2012-08-06,2012-06-30,2361000.0,151590000.0,3406000.0,0.11,79820000.0,0.5265518833696154,392185000.0,268952000.0,181640000.0,75858000.0,123233000.0,93343000.0,268026000.0,212486910.0,169441910.0,14.13825369289807,2.3944738854174905,0.03231383148259112,0.04711993218120705,0.00725559452318241,14.13825369289807,0.008778518099883994,1.4017211557490599,22.499672808132146,0.7900551399506232,0.0,0.7688846512325509,0.0,0.38652676670448893,0.8623744364470458,0.006020118056529444,957.1482432432432,0.5265518833696154,0.0,2.7048760133871994,-0.2096132643244883,-0.09636479093807515,-0.06552559794888606,-0.03907203907203907,-0.17209528439474964,1.4032255537136809,0.31400628399967107,0.3031401187438625,Home Improvement Retail,Consumer Cyclical,HVT
2012Q1,2012,Q1,2012-05-07,2012-03-31,2457000.0,163645000.0,4114000.0,0.11,85417000.0,0.5219652296128815,387466000.0,266384000.0,180743000.0,71350000.0,121082000.0,91643000.0,266540000.0,209401500.0,165566500.0,14.12054068380599,2.5331885073580938,0.03319258980142774,0.048279926722325665,0.008605872213269057,14.12054068380599,0.009223526938554868,1.2796082984509152,21.306623931623932,0.7860888792119647,0.0,0.8536167519614155,0.0,0.42234673493932373,0.9440224246671338,0.006341201550587664,27.97615230460922,0.5219652296128815,-0.8776228106386743,1.8972786883049904,-0.16075346438397123,-0.10830128484082063,-0.029561799157000194,-0.855104086807808,-0.35648365399655874,1.3106206592133305,0.03892112272707563,0.026730718995614914,Home Improvement Retail,Consumer Cyclical,HVT
2011Q4,2011,Q4,2012-03-07,2011-12-31,16957000.0,168357000.0,6393000.0,0.8988603233501192,88019000.0,0.5228116443034742,385100000.0,262669000.0,177675000.0,72373000.0,122431000.0,93713000.0,264083000.0,207137700.0,170598700.0,13.923615160349854,2.454990120625095,0.033876915086990395,0.049667071485405584,0.061950178675632975,13.923615160349854,0.0645565331272438,1.230348010477735,3.053867134516719,0.7885882993425186,0.0,0.8572770053247681,0.0,0.4371773565307712,0.8433531841985271,0.04403271877434432,-14.665654205607476,0.5228116443034742,88.88603233501192,4.24174509067833,-0.24621248791358064,-0.11828821348702431,0.09276571442760127,142.70338983050848,79.92405063291139,2.672581213994067,-0.056304263990171764,-0.015443397474036752,Home Improvement Retail,Consumer Cyclical,HVT
2011Q3,2011,Q3,2011-11-03,2011-09-30,118000.0,155488000.0,79000.0,0.01,80547000.0,0.5180271146326405,372781000.0,254425000.0,178944000.0,75505000.0,118356000.0,81637000.0,249735000.0,186473340.0,128696340.0,13.630397514196936,2.3699622541553538,0.023359559634208826,0.03422619632504667,0.0003941621215613403,13.630397514196936,0.0004637909010513904,1.1992780150236675,395.07063559322035,0.7329206642429007,0.0,0.9179783676519225,0.0,0.41710280298620367,1.0273094497053175,0.00031653973780852566,41.725965540389346,0.5180271146326405,1.2,-0.9718613016228889,-0.31212201945478873,-0.13719499844804617,0.09550493029581775,1.1252653927813163,1.0853131749460043,1.0718248424006658,-0.1833619460485278,-0.1359969345907868,Home Improvement Retail,Consumer Cyclical,HVT
2011Q2,2011,Q2,2011-08-05,2011-06-30,-942000.0,143213000.0,-926000.0,-0.05,73525000.0,0.5133961302395732,365838000.0,253493000.0,178017000.0,67853000.0,112345000.0,84749000.0,249617000.0,214086000.0,160911000.0,13.628655913978495,2.623568596819595,0.024163700873064034,0.03487275782763232,-0.0031598587224822157,13.628655913978495,-0.0037160789449807293,1.4948782582586777,-56.81687898089172,0.8445440308016394,0.0,0.8222869886370341,0.0,0.39146562139526236,1.0854346896968448,-0.0025749102061568235,60.83716965046888,0.5133961302395732,-0.6666666666666669,-1.2582042920922378,-0.3320284414242581,-0.13185240381088173,-0.07030410318012266,-0.4038748137108793,-1.2977667493796525,0.6235719973735313,-0.2153709879177511,-0.14592289846270529,Home Improvement Retail,Consumer Cyclical,HVT
2011Q1,2011,Q1,2011-05-05,2011-03-31,-671000.0,154305000.0,-403000.0,-0.03,79085000.0,0.5125238974757785,369803000.0,253680000.0,179459000.0,70196000.0,116123000.0,88030000.0,250558000.0,245760840.0,188608840.0,13.68727743606345,2.556541683286797,0.024256158008453148,0.03535950804162725,-0.0018891011231088413,13.68727743606345,-0.0026450646483759067,1.59269524642753,-91.56514157973173,0.9687828760643331,0.0,0.8544814267863229,0.0,0.4172627047373872,1.124337569092256,-0.0018144796013012333,32.15923056791416,0.5125238974757785,-1.1009293882737339,-1.128859183775274,-0.27678185339741923,-0.12465926751117778,-0.051351870066933765,-1.1218006897803594,-1.0974371373307543,-1.6003084212296195,-0.2309645460017714,-0.1547788706675842,Home Improvement Retail,Consumer Cyclical,HVT
2010Q4,2010,Q4,2011-03-04,2010-12-31,5509000.0,162800000.0,4136000.0,0.2972375094421064,83366000.0,0.5120761670761671,370239000.0,253182000.0,176935000.0,70607000.0,117057000.0,91938000.0,251229000.0,240571320.0,191625320.0,13.66040789899644,2.5059130114577877,0.024576017113270076,0.035938573832262954,0.014855022404687175,13.66040789899644,0.021759050801399782,1.4777108108108108,10.917195498275548,0.9501912458231628,0.0,0.8639953011812308,0.0,0.43971596725358486,1.017222088461484,0.014879577786240779,-24.56814950980392,0.5120761670761671,4.944750188842129,-0.20066258750414886,-0.2927731244891888,-0.11156232796407665,0.034587175318631404,3.641112047177759,2.228727556596409,2.110904135518853,-0.278122390843487,-0.1616959243750935,Home Improvement Retail,Consumer Cyclical,HVT
2010Q3,2010,Q3,2010-11-04,2010-09-30,1187000.0,157137000.0,1281000.0,0.05,80579000.0,0.512794567797527,374160000.0,252350000.0,184058000.0,79145000.0,121810000.0,88184000.0,247888000.0,201529520.0,143673520.0,13.66121697704634,2.3255796323204247,0.024663245670301474,0.03656825837130969,0.004506335519261809,13.66121697704634,0.004703784426391916,1.2825083844034186,42.44513900589722,0.7986111353279176,0.0,0.8681620248571169,0.0,0.41997273893521486,1.0204813949080802,0.003172439598032927,40.07347782859416,0.512794567797527,2.666666666666667,-0.6196973968419992,-0.04913372384897627,0.1240178815873222,0.08487377987209693,2.958745874587459,3.017322834645669,0.8448349719503168,-0.21743135959247903,-0.1151366126446476,Home Improvement Retail,Consumer Cyclical,HVT
2010Q2,2010,Q2,2010-08-05,2010-06-30,-606000.0,145075000.0,-635000.0,-0.03,74275000.0,0.5119765638462864,367701000.0,250495000.0,180176000.0,73488000.0,117206000.0,89002000.0,246701000.0,221957399.99999997,166831399.99999997,13.87015503875969,2.4517744393642498,0.019078000875711515,0.0280045509890417,-0.002214186797304896,13.87015503875969,-0.002419209964270744,1.52994933655006,-91.56658415841584,0.886075171161101,0.0,0.7954877418484978,0.0,0.3945461121944188,1.0323045939473112,-0.001648078193967381,27.074579165650157,0.5119765638462864,-1.272727272727273,-1.5829668865432007,-0.050462842198901896,0.1449091538685311,-0.08601488955885067,-1.2574341546304164,-1.2617477328936522,0.5390745381174521,-0.2032484234610474,-0.11350010259988601,Home Improvement Retail,Consumer Cyclical,HVT
2010Q1,2010,Q1,2010-05-06,2010-03-31,2354000.0,156036000.0,2426000.0,0.11,81265000.0,0.5208093004178523,364420000.0,248980000.0,174650000.0,70219000.0,115440000.0,93651000.0,247307000.0,286872960.0,259723960.0,14.16429627944021,2.4872185590794516,0.06941441194226441,0.10159852196963612,0.008345419579602048,14.16429627944021,0.009454574664631697,1.8385049603937553,30.466542056074765,1.1521927865692023,0.0,0.7984004442024111,0.0,0.4281762801163493,0.9527763141030205,0.00645957960594918,42.73394309548637,0.5208093004178523,-0.789025641025641,-0.2247642571487831,-0.21447395358576066,-0.0538082207615407,-0.05777525275948428,-0.7431533006001091,-0.6820862272310313,1.9790577572145687,-0.14118627836637726,-0.10553816058929641,Home Improvement Retail,Consumer Cyclical,HVT
2009Q4,2009,Q4,2010-03-08,2009-12-31,9165000.0,162638000.0,7631000.0,0.5213903743315508,86248000.0,0.530306570420197,360933000.0,244557000.0,168301000.0,71445000.0,116376000.0,93301000.0,244953000.0,241345940.0,204062940.0,13.912674934577312,2.355672195395059,0.019901200499815756,0.029371475770474775,0.03550363242712097,13.912674934577312,0.03747592585777549,1.4839455723754595,6.583358974358975,0.9868698912727912,0.051609383524277144,0.818747923387745,0.0019598423739798565,0.45060440580384725,0.8365176009517811,0.025392524374329862,-201.28935779816513,0.530306570420197,25.069518716577537,0.11720428431112695,-0.21586111160912105,-0.06688851768925103,0.086630045860001,17.293413173652695,7.404185022026431,2.0405118170009615,-0.21850332538755093,-0.1189810023855736,Home Improvement Retail,Consumer Cyclical,HVT
2009Q3,2009,Q3,2009-11-05,2009-09-30,501000.0,152212000.0,908000.0,0.02,79372000.0,0.5214569153548998,357950000.0,232962000.0,163072000.0,75718000.0,124988000.0,88188000.0,236261000.0,205930970.0,186541970.0,13.360211045478007,2.153675480070789,0.07469199608883922,0.11476549823576378,0.002448283095383131,13.360211045478007,0.0021505653282509595,1.3529220429401099,102.75996506986027,0.8839680720460847,0.0,0.8259627160157844,0.0,0.42523257438189693,0.8005097863123696,0.0013996368207850258,8.634060207119198,0.5214569153548998,1.0645161290322582,-0.8775871649342193,-0.1930596271538196,-0.08148674872284366,0.191396106332838,1.076116681859617,1.1370152406820582,-0.8721092257077121,-0.2791532967143185,-0.15429781854698643,Home Improvement Retail,Consumer Cyclical,HVT
2009Q2,2009,Q2,2009-08-06,2009-06-30,-6582000.0,129683000.0,-6627000.0,-0.31,66621000.0,0.5137219219172906,344110000.0,232003000.0,144905000.0,63653000.0,112107000.0,93421000.0,235760000.0,195663600.0,195380600.0,10.849373363262252,2.27648343361664,0.06414228008485659,0.09513670081852389,-0.02559489757273407,10.849373363262252,-0.028370322797550033,1.5087837264714727,-7.431768459434823,0.8433666806032681,0.0,0.675030239453656,0.0,0.3768649559733806,0.58657093931158,-0.019127604545058265,14.518334941010611,0.5137219219172906,0.08823529411764713,-2.4975775407239587,-0.3847861183368778,-0.24567604942171584,-0.10161011920815578,0.09376290788930194,0.07158868030260578,-2.5692582872569876,-0.47388270823330786,-0.308893153886603,Home Improvement Retail,Consumer Cyclical,HVT
2009Q1,2009,Q1,2009-05-07,2009-03-31,-7263000.0,144631000.0,-7138000.0,-0.34,74156000.0,0.5127254876202197,347082000.0,238228000.0,143280000.0,60737000.0,108854000.0,99384000.0,242342000.0,182400660.0,180345660.0,13.752915367740446,2.359023330095329,0.02138687687635775,0.03115922561579663,-0.028479672970763613,13.752915367740446,-0.030487600114176335,1.2611449827492032,-6.278420074349442,0.7656558423023322,0.0,0.7091181679143524,0.0,0.4167055623743092,0.4555542749888865,-0.020925890711705013,-204.2560582306831,0.5127254876202197,0.36733483725426996,-2.530659474346735,-0.01495068313015764,0.1919975559914789,-0.136707062946018,0.21978730261037704,-9.947852760736197,-2.4923820764370355,-0.2746930662807641,-0.12046153312158998,Home Improvement Retail,Consumer Cyclical,HVT
2008Q4,2008,Q4,2009-03-16,2008-12-31,-9309000.0,163810000.0,-652000.0,-0.5374090751645306,85899000.0,0.5243819058665528,363393000.0,244968000.0,149746000.0,71670000.0,118425000.0,103743000.0,249605000.0,161614260.0,165411260.0,14.142015933494978,2.0893818892144553,0.020622301475262318,0.030591750759282846,-0.011058470606490284,14.142015933494978,-0.038000881747820126,0.9865958122214761,-4.340269094424751,0.659736210443813,0.0,0.751000067474432,0.0,0.4507791839688712,0.39065159760011164,-0.025616894106380694,179.17323725055434,0.5243819058665528,-6.677272502350437,-2.0840880747378083,0.012896879329805,0.23024168426271122,-0.0505775075987842,-5.144554455445545,0.770098730606488,-2.445211879214298,-0.23859470927293155,-0.08023978443775102,Home Improvement Retail,Consumer Cyclical,HVT
2008Q3,2008,Q3,2008-11-10,2008-09-30,-1515000.0,175579000.0,-2836000.0,-0.07,90475000.0,0.515295109324008,397204000.0,271550000.0,169541000.0,88843000.0,125654000.0,99830000.0,258913000.0,196916720.0,200648720.0,15.775867077209087,1.908321420933557,0.056535180914593,0.08269563616276929,-0.006403936631102398,15.775867077209087,-0.00557908304179709,1.1215277453454,-32.494508250825085,0.7251582397348554,-0.9353135313531353,0.8524892316938796,0.007195935418790238,0.44203734101368564,0.5683846785903223,-0.003814160985287157,7.696268271711092,0.515295109324008,0.3636363636363636,-1.2616053787140096,0.14800654540874017,0.4483450054473209,0.048936860899204675,0.34387180597661327,0.3330197554092192,-1.520893050338215,0.14017341273319536,0.2980071045004081,Home Improvement Retail,Consumer Cyclical,HVT
2008Q2,2008,Q2,2008-08-08,2008-06-30,-2309000.0,168412000.0,-4252000.0,-0.11,86254000.0,0.5121606536351329,398983000.0,273857000.0,166630000.0,88785000.0,125126000.0,104873000.0,261846000.0,172306480.0,200305480.0,15.957172823680224,1.8767809877794672,0.07500319562487624,0.10927235747123498,-0.008321007826625848,15.957172823680224,-0.008431407632450512,1.02312471795359,-18.655963620614983,0.629184136246289,-0.613685578172369,0.7834046894815634,0.008223718574019968,0.422103197379337,0.47241088021625277,-0.005787213991573576,28.527562913907285,0.5121606536351329,-3.1999999999999997,-2.376389665450713,0.27218386787923454,0.5130143222071262,-0.10557370249390781,-3.237403100775194,-3.600611620795107,-3.33746460837092,0.15995800662800264,0.3171816165457484,Home Improvement Retail,Consumer Cyclical,HVT
2008Q1,2008,Q1,2008-05-02,2008-03-31,1032000.0,185253000.0,1635000.0,0.05,96435000.0,0.5205583715243478,414529000.0,277107000.0,178484000.0,87929000.0,137422000.0,109598000.0,265572000.0,182071680.0,214744680.0,16.193723702664798,2.029865004719717,0.08411474227376131,0.1258286510264988,0.002991432686559438,16.193723702664798,0.0037241931816951574,0.982827160693754,44.10651162790698,0.6570446794920374,1.3682170542635659,0.810397999963503,0.007755187407508954,0.4468999756349978,0.5920799736150758,0.002489572502768202,-132.70530612244897,0.5205583715243478,-0.47669724770642197,-0.7312464600429405,0.3473439011694422,0.5460742691216989,-0.09311904605170354,-0.3688073394495413,-0.5087139423076923,-0.6508792070212835,-0.04199071206602207,0.08175993642276272,Home Improvement Retail,Consumer Cyclical,HVT
2007Q4,2007,Q4,2008-03-13,2007-12-31,1635000.0,208220000.0,3328000.0,0.09554698457223001,106337000.0,0.5106954183075593,421937000.0,278845000.0,178936000.0,92880000.0,143092000.0,102452000.0,265952000.0,153836880.0,182353880.0,16.295289855072465,1.9265288544358312,0.0679817129097472,0.10286718427800391,0.008038869083196164,16.295289855072465,0.005863472538507056,0.7388189415041783,23.52245871559633,0.5516931628682601,0.8856269113149847,0.9944461796743841,0.009412567389562244,0.49348599435460744,0.6343130921619293,0.0038749860761203687,-15.79758471965496,0.5106954183075593,2.1848994857410005,-0.7371434292591298,0.4094719967551456,0.5816244665697266,0.06844511429289123,1.5427682737169517,5.894117647058824,-0.795267604136425,0.03124557577562971,0.09291147409475053,Home Improvement Retail,Consumer Cyclical,HVT
2007Q3,2007,Q3,2007-11-08,2007-09-30,643000.0,200666000.0,-680000.0,0.03,99525000.0,0.4959734085495301,441745000.0,285000000.0,203668000.0,106761000.0,156745000.0,93757000.0,265764000.0,164109400.0,177032400.0,15.43878656554713,1.9077003774786674,0.06960124053469761,0.10788070175438597,-0.0024772521859155673,15.43878656554713,0.002256140350877193,0.8178236472546421,63.80614307931571,0.5758224561403509,2.3405909797822706,1.0787567861599667,0.009170711732539392,0.45425754677472296,0.7730444638023248,0.0014555908951997194,5.5434873665720845,0.4959734085495301,1.5,-0.8721252191278815,0.3422684755548845,0.5477099396302739,0.0948001804041493,1.4759437453737971,0.7763157894736842,-0.8515978222274826,0.004861985099077299,0.061415122547370846,Home Improvement Retail,Consumer Cyclical,HVT
2007Q2,2007,Q2,2007-08-09,2007-06-30,-1351000.0,187104000.0,-3040000.0,-0.06,90907000.0,0.4858634769967505,447316000.0,290358000.0,203753000.0,105443000.0,156958000.0,103203000.0,266626000.0,216571860.0,252685860.0,15.645974781765277,1.9323520764773385,0.10062014325443311,0.15501208852519993,-0.0056461063554710525,15.645974781765277,-0.0046528767934756405,1.1574945484864032,-40.07621391561806,0.7458787427933792,-1.1221317542561067,0.9321143765200623,0.0069999860554367495,0.41828148333616505,0.7190899348463151,-0.0030202362535657118,14.355817314066021,0.4858634769967505,-2.5,-1.4208206014984497,0.32260120310042906,0.5913093465004289,-0.047405979189152375,-2.62575210589651,-20.11949685534591,-1.3541967441302993,0.022783999301645687,0.08781706674353564,Home Improvement Retail,Consumer Cyclical,HVT
2007Q1,2007,Q1,2007-05-09,2007-03-31,831000.0,191073000.0,159000.0,0.04,95431000.0,0.49944785500829525,456696000.0,292736000.0,209941000.0,100654000.0,163960000.0,119795000.0,269493000.0,258804000.0,308354000.0,15.83555122795629,2.0857690702803664,0.12597876924693888,0.19653886095321382,0.00027880297853217703,15.83555122795629,0.002838735242675995,1.3544770846744438,77.85920577617328,0.884086685614342,1.8170878459687123,0.7983805668016194,0.005834531150986847,0.4183811550790898,0.7224750134122837,0.0018195911503494666,-26.75529825286881,0.49944785500829525,-0.7667381703470031,-0.8570189335682968,0.2646504441727999,0.6151396055997045,-0.14230119355766466,-0.7378548895899054,-0.9772434521253757,-0.8358961956708174,0.21941348434969912,0.372504509536803,Home Improvement Retail,Consumer Cyclical,HVT
