Quarters,Year,Quarter,FillingDate,Date,NetIncome,Revenue,OperatingIncome,EPSDiluted,GrossProfit,GrossProfitRatio,TotalAssets,CommonStockEquity,CurrentAssets,CurrentLiability,TotalLiability,Inventory,RetainedEarnings,MarketCap,EnterpriseValue,bookValuePerShare,currentRatio,debtToAssets,debtToEquity,roic,shareholdersEquityPerShare,roe,priceToSalesRatio,peRatio,pbRatio,payoutRatio,inventoryTurnover,dividendYield,assetTurnover,quickRatio,returnOnAssets,priceToFreeCashFlowsRatio,grossProfitMargin,epsdilutedGrowth,fiveYNetIncomeGrowthPerShare,fiveYRevenueGrowthPerShare,fiveYShareholdersEquityGrowthPerShare,grossProfitGrowth,netIncomeGrowth,operatingIncomeGrowth,threeYNetIncomeGrowthPerShare,threeYRevenueGrowthPerShare,threeYShareholdersEquityGrowthPerShare,Industry,Sector,Symbol
2023Q1,2023,Q1,2023-05-09,2023-03-31,-77227000.0,5325000.0,-74172000.0,-1.63,2890000.0,0.5427230047,631004000.0,412771000.0,442643000.0,66336000.0,218233000.0,7477000.0,-659158000.0,955367786.9,943513786.9,8.701578652735293,6.67274179932465,0.22503343877376372,0.3440091479294815,-0.12304820591048313,8.701578652735293,-0.18709405457263228,179.41179096713614,-3.0927259472075828,2.3145225485802055,0.0,0.3256653738130266,0.0,0.008438932241317013,6.333378557645924,-0.12238749675120919,-11.846731150488568,0.5427230046948357,-11.866666666666665,-1.747624747034127,0.023486116353819152,1.7520758780689443,-0.9714130273505119,-12.34523284853827,-3.7988377797064263,-1.574647592969855,46.79444491232301,0.30545514297733556,Biotechnology,Healthcare,QURE
2022Q4,2022,Q4,2023-02-27,2022-12-31,6807000.0,102745000.0,26501000.0,0.15,101095000.0,0.9839408244,704964000.0,476009000.0,476774000.0,75919000.0,228955000.0,6924000.0,-581931000.0,1060330988.1,975210988.1,10.177127850744553,6.280035300781096,0.2026940382771319,0.30018760149492973,0.04147509070878802,10.177127850744553,0.014300149787083858,10.320025189546937,38.94266887395329,2.227543992025361,0.0,0.23830155979202772,0.0,0.14574503095193514,5.99611427969283,0.009655812211687405,-17.747313428514044,0.9839408243710156,1.1470588235294117,1.1429398086771783,21.939689062630222,2.0732380659909766,170.93027210884352,1.1422362454813297,1.4452602574011224,1.1405228132759384,32.47306453212471,0.26008183239376276,Biotechnology,Healthcare,QURE
2022Q3,2022,Q3,2022-11-02,2022-09-30,-47857000.0,1449000.0,-59518000.0,-1.02,588000.0,0.4057971014,638234000.0,421170000.0,464577000.0,63974000.0,217064000.0,4075000.0,-588738000.0,877450786.8000001,575858786.8000001,9.004663644801008,7.261965798605684,0.21735131628838325,0.32937056295557615,-0.09914432036317247,9.004663644801008,-0.11362870099959636,605.5560985507246,-4.58371182272186,2.083364880689508,0.0,0.21128834355828222,0.0,0.0022703271840735528,6.939006471378998,-0.07498347001256593,-16.563175528541226,0.4057971014492754,-0.21428571428571436,-1.5599822032661954,-0.6486310469612763,10.771985491793716,2.755223880597015,-0.22518624715189065,-0.06166497208397995,-0.7659550068768699,0.20658096798145292,0.04742123488545383,Biotechnology,Healthcare,QURE
2022Q2,2022,Q2,2022-08-08,2022-06-30,-39061000.0,497000.0,-56061000.0,-0.84,-335000.0,-0.6740442656,701211000.0,486488000.0,523299000.0,48261000.0,214723000.0,2949000.0,-540881000.0,869901846.5600001,508493846.56000006,10.424321267807011,10.843103126748305,0.19839392137316728,0.2859597770140271,-0.08389524716086975,10.424321267807011,-0.08029180575882652,1750.305526277666,-5.567585613271549,1.7881260104257455,0.0,0.28212953543574093,0.0,0.0007087738212891697,10.435817741033132,-0.05570505881967054,-42.9432712918991,-0.6740442655935613,0.16000000000000003,-0.005862700439218152,-0.9449197293841716,8.765054579965858,-1.1869419642857142,0.16318179870602853,-0.03663091715976331,-0.008280355742660917,-0.8371789846237018,1.985848438569008,Biotechnology,Healthcare,QURE
2022Q1,2022,Q1,2022-05-02,2022-03-31,-46678000.0,1792000.0,-54080000.0,-1.0,1792000.0,1.0,757150000.0,546001000.0,578212000.0,44700000.0,211149000.0,12422000.0,-501820000.0,842045989.98,452566989.98,11.716982430180968,12.935391498881431,0.17883774681370931,0.24799771428990056,-0.07461009314330512,11.716982430180968,-0.08549068591449466,469.8917354799107,-4.509865407579588,1.5422059483041242,0.0,0.0,0.0,0.0023667701248101434,12.606935123042506,-0.0616496070791785,-28.286001880479695,1.0,-6.555555555555555,-0.2572356743374748,-0.7053746012464507,5.51961247432358,-0.9679387400926771,-6.686890838206628,-6.428628789399719,-0.3589209515172765,0.2754069681287364,1.8097856647517447,Biotechnology,Healthcare,QURE
2021Q4,2021,Q4,2022-02-25,2021-12-31,8208000.0,57691000.0,9962000.0,0.18,55893000.0,0.9688339602,809180000.0,595776000.0,628239000.0,36763000.0,213404000.0,0.0,-455142000.0,953759325.5799999,533227325.5799999,12.955463614980468,17.088893724668825,0.16773029486640798,0.22781045225051025,0.013567768853808943,12.955463614980468,0.013776990009668063,16.532203039988904,29.049687060794344,1.6008689936821892,0.0,0.0,0.0,0.07129563261573445,16.72942904550771,0.010143602165154848,-18.832994206109433,0.968833960236432,1.2278481012658227,1.3326370905582063,2.472500743997075,4.097499824853168,27.10105580693816,1.2246858832224685,1.2213777777777777,1.2906269006270912,26.8052346999627,1.5707906172103498,Biotechnology,Healthcare,QURE
2021Q3,2021,Q3,2021-10-25,2021-09-30,-36531000.0,1989000.0,-45000000.0,-0.79,1989000.0,1.0,774625000.0,590755000.0,593764000.0,41917000.0,183870000.0,0.0,-463350000.0,1477338452.04,1005895452.04,12.800091626863034,14.165231290407233,0.13815846377279328,0.1811597024147066,-0.061515709878766915,12.800091626863034,-0.06183781770784843,742.7543750829562,-10.110169801264679,2.5007633486639977,0.0,0.0,0.0,0.00256769404550589,13.890187751986067,-0.04715959335162175,-30.873721594950993,1.0,-1.0928319623971798,-0.3119666153096132,-0.8506280265161756,2.9632079744922346,-0.9954866232499036,-1.0914491273393614,-1.1130630540089645,-0.33797416463981067,-0.49008324649145496,1.3856027622613307,Biotechnology,Healthcare,QURE
2021Q2,2021,Q2,2021-07-26,2021-06-30,399468000.0,463868000.0,398008000.0,8.51,440690000.0,0.9500331990997439,784264000.0,633608000.0,694224000.0,46095000.0,150656000.0,0.0,-426819000.0,1417967320.0,847703320.0,13.762747649219447,15.060722421086886,0.1365178052288515,0.16897829572858927,0.5081190382968407,13.762747649219447,0.6304655244251967,3.0568336681987116,0.8874098300739984,2.2379252155907126,0.0,0.0,0.0,0.591469199147226,14.825100336262068,0.509353993043159,3.423685593146676,0.9500331990997439,10.35164835164835,11.119483184491894,56.639291986075484,2.6372381060848578,969.6828193832599,10.612763499855616,9.952449502901615,16.255879296654392,118.60472934611003,1.2813398201944761,Biotechnology,Healthcare,QURE
2021Q1,2021,Q1,2021-05-10,2021-03-31,-41556000.0,454000.0,-44458000.0,-0.91,454000.0,1.0,363853000.0,228690000.0,282330000.0,32102000.0,135163000.0,0.0,-826287000.0,1531833259.6499999,1376431259.6499999,5.029637561049153,8.794779141486512,0.2897076566635427,0.46093401547947005,-0.12108834571691343,5.029637561049153,-0.1817132362586908,3374.082069713656,-9.21547586178891,6.698295770038042,0.0,0.0,0.0,0.0012477566489763722,8.29412497663697,-0.11421095882128222,-33.928398406387736,1.0,-56.961783439490446,0.03206534676906756,-0.9442375508968662,0.08231202127219212,-0.9866807486944786,-58.45064377682404,-4.3790683605565635,-0.542490990755692,-0.9089628108313865,0.5907394232242849,Biotechnology,Healthcare,QURE
2020Q4,2020,Q4,2021-03-01,2020-12-31,-699000.0,34086000.0,-8265000.0,-0.0157,34086000.0,1.0,340395000.0,243905000.0,258911000.0,27334000.0,96490000.0,0.0,-784731000.0,1606569767.45,1433181767.45,5.485157151928204,9.472122631155338,0.21017935046049444,0.29332732006313933,-0.0009604945766826588,5.485157151928204,-0.0028658699083659624,47.132833639910814,-574.5957680436338,6.586866884442714,0.0,0.0,0.0,0.10013660600185079,9.202824321358015,-0.002053496672982858,-40.29520359794332,1.0,0.9870247933884297,0.9744951365878016,3.5741631915114787,-0.07364268695147862,18.05310229178312,0.9870013947001395,0.8142279163857047,0.9845605108458015,7.004997032423205,0.6563802680355584,Biotechnology,Healthcare,QURE
2020Q3,2020,Q3,2020-10-27,2020-09-30,-53775000.0,1789000.0,-44490000.0,-1.21,1789000.0,1.0,350507000.0,227893000.0,287380000.0,33350000.0,122614000.0,0.0,-784032000.0,1637898014.52,1429784014.52,5.1244333380914,8.617091454272863,0.203645005663225,0.3132127796816927,-0.132743758895085,5.1244333380914,-0.23596600158846476,915.5382976634992,-7.614588630962342,7.187136131956664,0.0,0.0,0.0,0.005104035012139557,8.492113943028485,-0.15342061642135535,-44.39710545700965,1.0,-0.2604166666666667,0.004958089851958731,-0.728405811208219,-0.16460678647257046,0.16547231270358306,-0.26377758454560407,-0.16441582914572864,-2.025357423500083,-0.5437423746771521,5.699279094617321,Biotechnology,Healthcare,QURE
2020Q2,2020,Q2,2020-07-30,2020-06-30,-42551000.0,1535000.0,-38208000.0,-0.96,1535000.0,1.0,385341000.0,265505000.0,319635000.0,29840000.0,119836000.0,0.0,-730257000.0,2000099082.7800002,1756981082.7800002,5.981531316624246,10.711628686327078,0.18463386974134596,0.2679685881621815,-0.10259219281145784,5.981531316624246,-0.16026440180034274,1302.9961451335507,-11.751187297478321,7.5331880106965965,0.0,0.0,0.0,0.003983484757656206,10.539108579088472,-0.11042427356549134,-63.08067880215726,1.0,-0.5238095238095237,0.017595134268007687,-0.5855429158208028,-0.014064617493619019,13.759615384615385,-0.5197328476017,-0.10866726634361489,-0.1520441920733599,-0.8211404730346878,4.603240563872093,Biotechnology,Healthcare,QURE
2020Q1,2020,Q1,2020-04-29,2020-03-31,-27999000.0,104000.0,-34463000.0,-0.63,104000.0,1.0,414243000.0,295147000.0,349601000.0,27128000.0,119096000.0,0.0,-687706000.0,2101060187.2,1831658187.2,6.6655516273732,12.88709082866411,0.17532462829788312,0.2460706021067468,-0.08526393397197371,6.6655516273732,-0.09486459289777636,20202.501800000002,-18.760135961998643,7.118690642967741,0.0,0.0,0.0,0.00025106036794828154,12.617480094367444,-0.0675907619440763,-58.618424439918535,1.0,0.3942307692307693,0.15300866645671274,-0.9640829618858504,2.3410542716887974,-0.9603809523809523,0.3241201178004152,-0.04499833227205191,0.20636217295330006,-0.982005453746755,2.7088741744745426,Biotechnology,Healthcare,QURE
2019Q4,2019,Q4,2020-03-02,2019-12-31,-41426000.0,2625000.0,-32979000.0,-1.04,2625000.0,1.0,448630000.0,323058000.0,384206000.0,31630000.0,125572000.0,0.0,-659707000.0,2866360587.0,2561627587.0,8.076561052714474,12.146885867846981,0.16285134743552593,0.22615134124522532,-0.07614357354611698,8.076561052714474,-0.12823084399705317,1091.9468902857143,-17.298077215999616,8.872588163735305,0.0,0.0,0.0,0.0058511468247776565,11.97407524502055,-0.09233889842409113,-102.47982077225599,1.0,-0.7931034482758622,-0.4530454623380599,-0.30644045976570833,1.6393778533724699,1.5095602294455066,-0.7550415183867141,-0.05276766902892166,-0.9301112943288722,-0.8183482384138634,2.177830587554008,Biotechnology,Healthcare,QURE
2019Q3,2019,Q3,2019-10-28,2019-09-30,-23604000.0,1046000.0,-31326000.0,-0.58,1046000.0,1.0,471592000.0,350232000.0,407642000.0,28447000.0,121360000.0,0.0,-618281000.0,1603484599.68,1271927599.68,8.596984045092192,14.329876612648082,0.1518388776739215,0.20445304826514996,-0.0684697365775186,8.596984045092192,-0.06739532652641678,1532.9680685277247,-16.983187168276565,4.578349778661002,0.0,0.0,0.0,0.0022180189655464895,14.175976377122367,-0.050051739639349266,-66.05225736035591,1.0,0.30120481927710846,0.10468465072488418,-0.640938954726898,1.3502504120323826,-0.5772029102667745,0.248256313895347,-0.06801677406157308,0.03964577054133144,-0.9110080661307091,1.6618274866554175,Biotechnology,Healthcare,QURE
2019Q2,2019,Q2,2019-07-29,2019-06-30,-31399000.0,2474000.0,-29331000.0,-0.83,2474000.0,1.0,253078000.0,132056000.0,188541000.0,23368000.0,121022000.0,0.0,-594677000.0,2904954470.4,2792769470.4,3.4912426006468538,8.068341321465251,0.2841416480294613,0.5445417095777549,-0.12216566982656649,3.4912426006468538,-0.23777033985581875,1174.1933995149557,-23.129354998566832,21.997898394620464,0.0,0.0,0.0,0.009775642292099668,7.893272851763095,-0.12406846900955437,-114.29179172994453,1.0,-0.12162162162162159,-0.19305277682301936,-0.18897263672393752,-0.18446555835931672,1.1778169014084507,-0.13059916462624227,-0.06642670157068063,0.031879202453619034,-0.6258365905073796,-0.07732954579169896,Biotechnology,Healthcare,QURE
2019Q1,2019,Q1,2019-04-29,2019-03-31,-27772000.0,1136000.0,-27504000.0,-0.74,1136000.0,1.0,268994000.0,157112000.0,213195000.0,22418000.0,111882000.0,0.0,-563278000.0,2260193558.28,2114188558.2800002,4.17006271231589,9.5099919707378,0.23339554042097593,0.39960028514690155,-0.11133149292034682,4.17006271231589,-0.17676561943072458,1989.607005528169,-20.345973987109318,14.385874779011152,0.0,0.0,0.0,0.004223142523625063,9.333928093496297,-0.10324393852650988,-81.68980621223075,1.0,-0.21311475409836067,-0.036115009941869364,-0.7164043458583662,-0.2602113288569322,-0.2935323383084577,-0.26882309941520466,-0.13624721143518137,0.21933776546379344,-0.8316132048105107,-0.1026572097459521,Biotechnology,Healthcare,QURE
2018Q4,2018,Q4,2019-02-28,2018-12-31,-21888000.0,1608000.0,-24206000.0,-0.61,1608000.0,1.0,273906000.0,179606000.0,236576000.0,19969000.0,94300000.0,0.0,-535506000.0,1027137450.9,827710450.9,5.0394861130459825,11.847163102809354,0.12950063160354283,0.19749340222487,-0.1125148965335852,5.0394861130459825,-0.1218667527810875,638.7670714552239,-11.731741718064692,5.718837070587843,0.0,0.0,0.0,0.0058706271494600335,11.774800941459262,-0.07991062627324702,-54.79527612163243,1.0,-0.0338983050847458,-0.14112692936834623,-0.38759708171611806,10.540712151524637,-0.4891994917407878,0.006671204901293397,-0.04228384429900103,0.003565061802926095,-0.7307729453351055,-0.14890955983174753,Biotechnology,Healthcare,QURE
2018Q3,2018,Q3,2018-11-06,2018-09-30,-22035000.0,3148000.0,-23224000.0,-0.59,3148000.0,1.0,281060000.0,199852000.0,242080000.0,32011000.0,81208000.0,0.0,-513618000.0,1263797258.49,1044959258.49,5.36555868787213,7.562400424853957,0.07367821817405536,0.10361667634049196,-0.10514291893621232,5.36555868787213,-0.11025658987650862,401.46037436149936,-14.338521199115043,6.323665805145808,0.0,0.0,0.0,0.011200455418771793,7.50048420855331,-0.07839962997224792,-60.41673479730376,1.0,-0.03508771929824565,-0.09601481989272889,-0.14770717372856232,5.179827357233849,0.032131147540983604,-0.07007575757575757,-0.09531670046691505,0.5131831551684805,-0.42939385458088797,-0.12529815124866608,Biotechnology,Healthcare,QURE
2018Q2,2018,Q2,2018-08-08,2018-06-30,-20592000.0,3050000.0,-21203000.0,-0.57,3050000.0,1.0,308539000.0,218416000.0,262706000.0,31440000.0,90123000.0,0.0,-491583000.0,1368551305.8,1130239305.8,6.032747742090533,8.355788804071247,0.06763488570326603,0.09554245110248333,-0.09019133863375513,6.032747742090533,-0.09427880741337631,448.7053461639344,-16.615084812062936,6.265801524613581,0.0,0.0,0.0,0.009885298130868383,8.27662213740458,-0.06674034724945631,-73.85199426906264,1.0,0.0338983050847458,0.011819337251357228,0.5030425750332336,0.0,-0.12305922944220817,-0.09596040236308478,-0.08184091025052298,0.41713187875029545,0.009629581370736847,-0.005622617718014617,Biotechnology,Healthcare,QURE
2018Q1,2018,Q1,2018-04-30,2018-03-31,-18789000.0,3478000.0,-19599000.0,-0.59,3478000.0,1.0,192238000.0,100263000.0,145470000.0,26557000.0,91975000.0,0.0,-470991000.0,745196679.5,625187679.5,3.1618236699349116,5.477651843205181,0.10826683590133064,0.2075840539381427,-0.161084785229861,3.1618236699349116,-0.18739714550731576,214.26011486486487,-9.915331836446859,7.432419531631808,0.0,0.0,0.0,0.01809215659755095,5.3424332567684605,-0.09773822033104797,-33.73762583755885,1.0,0.42156862745098045,-0.5719037765225558,0.0,0.0,0.3459752321981424,0.31611705612579166,0.1345109295650254,0.20633114091453972,0.6772429758754944,0.5848387454356632,Biotechnology,Healthcare,QURE
2017Q4,2017,Q4,2018-03-14,2017-12-31,-27474000.0,2584000.0,-22645000.0,-1.02,2584000.0,1.0,209644000.0,89359000.0,162783000.0,19230000.0,120285000.0,0.0,-475318000.0,528620144.96999997,390040144.96999997,3.3115325374127504,8.465054602184088,0.09917288355497891,0.23266822592016473,-0.2061761438487082,3.3115325374127504,-0.3074564397542497,204.5743595085139,-4.81018549328456,5.915690025291241,0.0,0.0,0.0,0.012325656827765165,8.370098803952159,-0.13105073362462077,-27.443679003737927,1.0,-1.5499999999999998,-1.9476499063155348,0.0,99.34225817092494,0.1433628318584071,-1.6816983894582724,-1.441509433962264,-0.42847565052170883,0.012026064684214788,0.08219149003175949,Biotechnology,Healthcare,QURE
2017Q3,2017,Q3,2017-11-01,2017-09-30,-10245000.0,2260000.0,-9275000.0,-0.4,2260000.0,1.0,138986000.0,19607000.0,92315000.0,25374000.0,119379000.0,0.0,-447844000.0,246073363.2,177724363.2,0.7649231007868795,3.638172932923465,0.1481084425769502,1.0498801448462285,-0.22467083164735904,0.7649231007868795,-0.5225174682511348,108.88201911504424,-6.004718477306002,12.550281185290967,0.0,0.0,0.0,0.016260630567107477,3.5815795696382122,-0.07371246024779474,-15.022793846153846,1.0,0.5180722891566265,0.25951628504631474,-0.11087519635842658,-0.11899338365124276,-0.5426952650748684,0.5183130377544783,0.5293789324132332,0.38238374400851344,0.23299517451191992,-0.790884707547672,Biotechnology,Healthcare,QURE
2017Q2,2017,Q2,2017-08-08,2017-06-30,-21269000.0,4942000.0,-19708000.0,-0.83,4942000.0,1.0,157965000.0,27286000.0,111425000.0,23130000.0,130679000.0,0.0,-437599000.0,158218554.12,74603554.12,1.0675128523289277,4.817336792044963,0.12959832874370905,0.7502748662317672,-0.4126638468947611,1.0675128523289277,-0.7794839844608957,32.015085819506275,-1.8597319352108703,5.798525035549366,0.0,0.0,0.0,0.031285411325293576,4.75157803718115,-0.13464375019782862,-7.690966076220105,1.0,-0.037499999999999895,-0.4457307354435387,2.4496632765094497,0.0,0.48810599217103284,-0.049181136543014994,0.0003550595992898808,-0.19592035544176503,1.3974518881289295,-0.7506350610504631,Biotechnology,Healthcare,QURE
2017Q1,2017,Q1,2017-05-09,2017-03-31,-20272000.0,3321000.0,-19715000.0,-0.8,3321000.0,1.0,169635000.0,45727000.0,123729000.0,20473000.0,123908000.0,0.0,-416330000.0,147064060.02,47156060.02000001,1.7971900134135845,6.043520734626093,0.12004008606714417,0.4453167712729897,-0.298305341201392,1.7971900134135845,-0.4433266997616288,44.28306534778682,-1.8136353100335438,3.216131826273318,0.0,0.0,0.0,0.019577327792024053,5.960093782054413,-0.11950364016859728,-10.782613096268056,1.0,-0.48148148148148145,-1.1136994006130234,0.0,0.0,-0.6328359156199186,-0.508992076781254,-0.6989099976168989,-0.11991603796440957,0.22766019139383314,-0.6811700678054186,Biotechnology,Healthcare,QURE
2016Q4,2016,Q4,2017-03-15,2016-12-31,-13434132.830731,9045002.333513,-11604499.371747,-0.54,9045002.333513,1.0,190265000.0,63631000.0,143946000.0,22721000.0,126634000.0,0.0,-396058000.0,140204204.0,27944204.0,2.5415329200827674,6.335372562827341,0.10635692323864085,0.3180210903490437,-0.15125986234065245,2.5415329200827674,-0.21112559649747767,15.50073718395006,-2.6091040963819876,2.203394634690638,0.0,0.0,0.0,0.047538971085133885,6.235464988336781,-0.070607483408567,-7.242334025552061,1.0,0.09999999999999991,-0.5534594076069171,0.0,76.47565477703522,0.2615167078704796,0.11436664152055895,0.2252425616058273,0.002990970886935424,3.903672635135296,4.820256112695326,Biotechnology,Healthcare,QURE
2016Q3,2016,Q3,2016-09-30,2016-09-30,-15168955.304254,7254083.64746,-14978235.505295,-0.6,7169942.559684,0.9884008660686644,213987614.431879,81204002.872016,168432507.628792,22966029.438162,132783611.559864,78531.681924,-343283297.433136,192341349.0,56092246.504935995,3.229729983701645,7.333984661228052,0.09900387962671663,0.26089359232958265,-0.14628667850020532,3.229729983701645,-0.18680058578099268,26.514906409625958,-3.169983448795244,2.368619060604012,0.0,1.0714285714322096,0.0,0.03389954912446239,7.33056518978065,-0.07088707140610186,-6.86708723336088,0.9884008660686644,0.3023255813953489,-0.11774148516176909,1.9095042455070532,2.719868679262039,0.6677490454287138,0.29455059189501553,0.28647819512425987,-0.11774148516176909,1.9095042455070532,2.719868679262039,Biotechnology,Healthcare,QURE
2016Q2,2016,Q2,2016-06-30,2016-06-30,-21502541.684742,4383710.970957,-20991980.066963,-0.86,4299173.535333,0.9807155544277262,231165393.043459,94888822.148808,192106873.115983,24261131.689303,136276570.894651,403777.488571,-325322298.973315,184820069.5,21699525.790807996,3.7838456674572076,7.9182981064599325,0.09142046001347165,0.22271586992708264,-0.18093092373328684,3.7838456674572076,-0.22660774154221194,42.16064214189109,-2.1488165470125162,1.9477538588281624,0.0,0.20936639118536443,0.0,0.018963526128380575,7.9016551281462695,-0.09301799634298864,-7.799103248945583,0.9807155544277262,0.08510638297872336,-0.48975640745018834,2.118896748869839,0.0,-0.008515744736910353,0.07790714031158824,0.14100618968205994,-0.48975640745018834,2.118896748869839,0.0,Biotechnology,Healthcare,QURE
2016Q1,2016,Q1,2016-03-31,2016-03-31,-23319280.112426,4422231.288816,-24437871.163697,-0.94,4336098.644544,0.9805228088160306,252599845.8679,114768348.519879,215512942.563126,30051226.256857,137831497.348021,461262.976563,-309552790.244345,293396118.84000003,105153224.78315306,4.647123437783791,7.171519082817823,0.0832047163546978,0.18312974611670538,-0.17997362534637198,4.647123437783791,-0.20318563796695982,66.34571999479324,-3.145424273664218,2.556420150884901,0.0,0.1867321867317393,0.0,0.017506864557346787,7.156169859707243,-0.09231707973654539,-16.036734152243138,0.9805228088160306,-0.5161290322580644,-1.5049701501310047,0.0,0.0,0.22478565491655803,-0.7149563406316553,-0.7905132482179057,-1.5049701501310047,0.0,0.0,Biotechnology,Healthcare,QURE
2015Q4,2015,Q4,2015-12-31,2015-12-31,-13597594.03778,3697194.362712,-13648528.536731,-0.62,3540291.827503,0.9575617292962906,264690704.742746,130632147.464632,229034832.615398,26652526.621914,134058557.278114,475586.556753,-276125554.850983,364900981.12,163561685.644085,5.92121104315274,8.593362868159863,0.08002825255470752,0.16215560242375343,-0.08710027991341461,5.92121104315274,-0.10409071810950271,98.69672657737541,-6.708925492740613,2.7933474891300785,0.0,0.3299137306996856,0.0,0.013967979594543446,8.549552875543593,-0.051371634115355724,-23.194401654163556,0.9575617292962906,0.4918032786885246,-0.7843737495636557,0.0,176.84162574624875,0.15590137981498794,0.5324025015788527,0.551609612359573,-0.7843737495636557,0.0,176.84162574624875,Biotechnology,Healthcare,QURE
2015Q3,2015,Q3,2015-09-30,2015-09-30,-29079697.996017,3544383.558561,-30438940.960697,-1.22,3062797.475049,0.8641269841271012,286534718.080857,146788113.375266,250034318.634456,26982323.090252,139746604.705591,462457.664307,-268304209.377426,489360933.5,269228834.88737303,6.13415725087542,9.266597164303722,0.07404614925467026,0.14454026292591524,-0.18096881107294374,6.13415725087542,-0.19810662680617963,138.0665848982433,-4.207066847522169,3.3337912876429003,0.0,1.0413625304138148,0.0,0.012369822345789223,9.196955796497223,-0.10148752022367855,-254.63037638976442,0.8641269841271012,-0.24489795918367346,-1.251390500408925,0.49366219258894567,6.065067218110673,0.6908538531295324,-0.3727366516275141,-0.45844534510633195,-1.251390500408925,0.49366219258894567,6.065067218110673,Biotechnology,Healthcare,QURE
2015Q2,2015,Q2,2015-06-30,2015-06-30,-21183741.223446,1811391.013706,-20870813.61179,-0.98,1811391.013706,1.0,258461383.162476,131706633.168084,210414096.323381,25072343.480114,126754749.994392,464344.197941,-238459812.916396,586148265.0,403745115.535006,6.066859373094396,8.392278786794297,0.08344073702802203,0.16374428368263128,-0.13612289685442336,6.066859373094396,-0.16084035187818757,323.59013629021763,-6.917430906294018,4.4504080842455185,0.0,0.0,0.0,0.007008362299784294,8.318913840923283,-0.08196095279010912,13.868161662469939,1.0,-0.30666666666666664,-0.6953760665962029,0.4887069503179652,0.0,0.5110142762295301,-0.5478479314738706,-1.2134759863942057,-0.6953760665962029,0.4887069503179652,0.0,Biotechnology,Healthcare,QURE
2015Q1,2015,Q1,2015-03-31,2015-03-31,-13685931.797754,1198791.462266,-9428976.749727,-0.75,1198791.462266,1.0,97603499.994585,36573427.330713,51688812.362605,16405141.699966,61030072.663873,166769.543983,-209782008.381794,445837571.84000003,420257939.3827491,1.9950444037546193,3.1507690276586957,0.21719738155997606,0.5796346193705145,-0.16293343812571948,1.9950444037546193,-0.37420424599531765,371.9058617561902,-8.144085080001028,12.190204866734005,0.0,0.0,0.0,0.012282258959284332,3.062578388012468,-0.14021968268057283,-29.235889004701054,1.0,-0.056338028169014134,-0.9805536761689891,0.0,0.0,-0.2600148983743256,-0.1215159788474329,0.08865310431218205,-0.9805536761689891,0.0,0.0,Biotechnology,Healthcare,QURE
2014Q4,2014,Q4,2014-12-31,2014-12-31,-12203064.473338,1620021.078306,-10346199.448686,-0.71,1620021.078306,1.0,116476968.72416,52390680.480568,69783306.581059,14922904.810545,64086288.243592,243202.490394,-220196750.814728,253562010.0,209803801.915949,3.0600245593463,4.676254889178673,0.17992190925604923,0.40000928418902637,-0.14074473265766882,3.0600245593463,-0.2329243361873146,156.5177227602131,-5.194638005764817,4.839830436904663,0.0,0.0,0.0,0.013908509948799606,4.617992177314317,-0.10476804648168016,-19.41864430690309,1.0,-0.09230769230769222,-1.0634932805742905,0.0,91.87325032286,0.2754307806104413,-0.06159521471995962,-0.03302076035984422,-1.0634932805742905,0.0,91.87325032286,Biotechnology,Healthcare,QURE
2014Q3,2014,Q3,2014-09-30,2014-09-30,-11495025.885697,1270175.616689,-10015480.661862,-0.65,1270175.616689,1.0,128582123.64227,64974368.084458,84568825.499949,14015074.611715,63607755.557811,683940.716679,-215612628.159578,164305391.25,105457304.761318,3.6579013032308914,6.034133091896573,0.1618919799078262,0.3203788692510474,-0.11643825512266795,3.6579013032308914,-0.17691631676594377,129.35643629996548,-3.5734019410613396,2.528772438947385,0.0,0.0,0.0,0.009878321968166992,5.907469443186766,-0.08939832038921258,-13.0355372157495,1.0,0.07142857142857134,-0.19893818818767028,-0.27889028114523423,3.213018598578104,-0.1065131252199942,0.06277818979997071,0.16378323094527525,-0.19893818818767028,-0.27889028114523423,3.213018598578104,Biotechnology,Healthcare,QURE
2014Q2,2014,Q2,2014-06-30,2014-06-30,-12265000.409288,1421594.040765,-11977134.437502,-0.7,1421594.040765,1.0,138781412.862561,75461813.419193,104300253.758629,15293732.434719,63319599.443368,582553.412099,-219476656.934705,239557059.09,161564480.847757,4.280926006783,6.81980374665456,0.14637646966301487,0.26920017356089987,-0.12466451768648705,4.280926006783,-0.16253254266705064,168.5129876888676,-4.882940299549215,3.1745468103085757,0.0,0.0,0.0,0.010243403719868765,6.72319357716305,-0.08837639101883452,-13.936478200746214,1.0,0.014084507042253534,-0.2088854653782487,0.4388873843894774,0.0,-0.11654613073478373,-0.1390831265287118,-0.1463175529166505,-0.2088854653782487,0.4388873843894774,0.0,Biotechnology,Healthcare,QURE
2014Q1,2014,Q1,2014-03-31,2014-03-31,-10767432.265163,1609132.16889,-10448356.484665,-0.71,1609132.16889,1.0,138896988.034658,85312886.810618,112476963.278779,19288956.12708,53584101.224041,1303809.654793,-208869481.501857,235801835.48,139409317.256923,5.6368296447046315,5.831158645276362,0.07371871039290682,0.12002063484387474,-0.10893786655577162,5.6368296447046315,-0.1262110880043845,146.53975604916226,-5.474885508286742,2.763965026801229,0.0,0.0,0.0,0.011585076045626592,5.717076648841383,-0.077520991761724,-20.802173571645806,1.0,-0.31481481481481466,-0.8873730966965542,0.0,0.0,0.265927364746134,-0.13707120010875162,-0.06643837630158739,-0.8873730966965542,0.0,0.0,Biotechnology,Healthcare,QURE
2013Q4,2013,Q4,2013-12-31,2013-12-31,-9469444.186198,1296286.97051,-9797431.072295,-0.54,1271109.396717,0.980577160485464,53811207.158441,7683172.691872,38190781.297467,14432875.804358,46128034.466569,1194454.41741,-198902206.63371,257061576.66,234462222.90816998,0.43667028922302853,2.646096440872533,0.19102363417074114,1.3378864126527237,-0.5330656374105963,0.43667028922302853,-1.23249138942506,198.30607150117686,-6.7866067850812986,33.457737704105554,0.0,0.02107872299354369,0.0,0.02408953522810276,2.5259280520474654,-0.1759753160399523,-24.264129173096922,0.980577160485464,0.0,-0.5581196982627817,0.0,13.967754908998824,-0.27147638002702873,0.0029097750687885997,-0.34804720474305895,-0.5581196982627817,0.0,13.967754908998824,Biotechnology,Healthcare,QURE
2013Q3,2013,Q3,2013-09-30,2013-09-30,-9497078.548585,1744774.447758,-7267869.432037,-0.54,1744774.447758,1.0,58929655.768011,15276559.569271,46731078.035813,11899010.88966,43653096.19874,576193.88182,-185753032.776931,257061576.66,225322334.753028,0.8682376347603675,3.9273077795416893,0.18103546976254603,0.698348202455646,-0.27523123307270536,0.8682376347603675,-0.6216765303418511,147.33226807070616,-6.7668592858563965,16.827190408570967,0.0,0.0,0.0,0.029607748849351374,3.8788841007029125,-0.16115957958370314,25.453628932565422,1.0,0.06896551724137918,0.0,0.0,0.0,32.93103408400485,0.06220009563403735,-0.09493829091361995,0.0,0.0,0.0,Biotechnology,Healthcare,QURE
2013Q2,2013,Q2,2013-06-30,2013-06-30,-10126977.518734,986157.368859,-6637697.751873,-0.58,-54641.965029,-0.05540897097612487,,,,,,,,257061576.66,,,0.0,0.0,0.0,0.0,,0.0,260.66993441160855,-6.345959991134055,0.0,0.0,0.0,0.0,0.0,0.0,0.0,-30.650873287266844,-0.05540897097612487,-0.5263157894736841,0.0,0.0,0.0,0.0,-0.5269268593993035,-0.018119312607101434,0.0,0.0,0.0,Biotechnology,Healthcare,QURE
2013Q1,2013,Q1,2013-03-31,2013-03-31,-6632261.038828,0.0,-6519567.667247,-0.38,0.0,0.0,,,,,,,,257061576.66,,,0.0,0.0,0.0,0.0,,0.0,0.0,-9.689816759135955,0.0,0.0,0.0,0.0,0.0,0.0,0.0,-50.423070580825,0.0,-0.0857142857142858,0.0,0.0,0.0,0.0,-0.09128438432327365,-0.07540903285475287,0.0,0.0,0.0,Biotechnology,Healthcare,QURE
2012Q4,2012,Q4,2012-12-31,2012-12-31,-6077481.849922,0.0,-6062407.389252,-0.35,0.0,0.0,7362393.207607,-592482.873542,1460047.081228,7359748.194779,7954876.081149,0.0,-155042716.957177,257061576.66,257308885.359447,-0.033673545828662,0.19838274932609196,0.08083348302493537,-1.0044642857137582,-10.141656467507323,-0.033673545828662,10.25764983482038,0.0,-10.57434571619902,-433.87174235640987,0.0,0.0,0.0,0.0,0.19838274932609196,-0.825476401293346,-57.62156644400171,0.0,0.0,0.0,0.0,0.0,0.0,0.0,0.0,0.0,0.0,0.0,Biotechnology,Healthcare,QURE
