Quarters,Year,Quarter,FillingDate,Date,NetIncome,Revenue,OperatingIncome,EPSDiluted,GrossProfit,GrossProfitRatio,TotalAssets,CommonStockEquity,CurrentAssets,CurrentLiability,TotalLiability,Inventory,RetainedEarnings,MarketCap,EnterpriseValue,bookValuePerShare,currentRatio,debtToAssets,debtToEquity,roic,shareholdersEquityPerShare,roe,priceToSalesRatio,peRatio,pbRatio,payoutRatio,inventoryTurnover,dividendYield,assetTurnover,quickRatio,returnOnAssets,priceToFreeCashFlowsRatio,grossProfitMargin,epsdilutedGrowth,fiveYNetIncomeGrowthPerShare,fiveYRevenueGrowthPerShare,fiveYShareholdersEquityGrowthPerShare,grossProfitGrowth,netIncomeGrowth,operatingIncomeGrowth,threeYNetIncomeGrowthPerShare,threeYRevenueGrowthPerShare,threeYShareholdersEquityGrowthPerShare,Industry,Sector,Symbol
2023Q4,2023,Q4,2023-06-08,2023-03-26,3265000.0,27414000.0,6419000.0,0.8,8977000.0,0.3274604217,58610000.0,-44562000.0,47361000.0,16709000.0,103172000.0,539000.0,-20559000.0,300868620.0,357243620.0,-10.898019075568598,2.834460470405171,1.4713530114314963,-1.935191418697545,0.09853503036719692,-10.898019075568598,-0.07326870427718685,10.974998905668636,23.0374134762634,-6.751685741214488,0.6245022970903522,34.20593692022263,0.006777044412275364,0.4677358812489336,2.7021964210904303,0.0557072171984303,46.67524356189885,0.32746042168235207,0.012658227848101276,8.20323217138025,0.44734665432415965,0.4548928591233662,-0.12819267747887733,0.0006129328838492185,0.013739734680985471,0.051399399358024137,0.2994752722890124,0.30952897921842903,Restaurants,Consumer Cyclical,NATH
2023Q3,2023,Q3,2023-02-02,2022-12-25,3263000.0,26154000.0,6332000.0,0.79,10297000.0,0.3937065076,81825000.0,-45965000.0,69941000.0,11528000.0,127790000.0,336000.0,-21785000.0,271564800.0,332084800.0,-11.26593137254902,6.06705412907703,1.4173418881759854,-2.5230936582182095,0.059490984139740605,-11.26593137254902,-0.07098879582290873,10.383298921771049,20.806374501992032,-5.908077885347548,0.5626723873735826,47.19345238095238,0.006760817307692308,0.3196333638863428,5.954805690492713,0.03987778796211427,79.10422371103991,0.3937065076087788,-0.45890410958904104,1.8856772333172487,0.2148295468166889,0.44554685959760515,-0.24214322514167955,-0.45233299765021817,-0.3613072422836393,1.7856261012236716,0.26700470841405416,0.2582312323860492,Restaurants,Consumer Cyclical,NATH
2023Q2,2023,Q2,2022-11-03,2022-09-25,5958000.0,37497000.0,9914000.0,1.46,13587000.0,0.3623489879,83973000.0,-47457000.0,71619000.0,15031000.0,131430000.0,723000.0,-23212000.0,255350820.0,317531820.0,-11.623071271124173,4.764752844122148,1.3818489276315007,-2.445118739069052,0.09589964935547132,-11.623071271124173,-0.12554523041911625,6.80989999199936,10.714619838872105,-5.38067766609773,0.3081570996978852,33.07053941908714,0.007190108103040358,0.44653638669572365,4.664227263655113,0.07095137722839484,29.00066098807496,0.3623489879190335,-0.16091954022988508,0.9545144972588028,0.21428317701002936,0.19590751333408513,-0.1291501089603897,-0.16519546027742749,-0.15840407470288626,0.6862022545574625,0.30590900689189543,0.21949064668622997,Restaurants,Consumer Cyclical,NATH
2023Q1,2023,Q1,2022-08-05,2022-06-26,7137000.0,39720000.0,11780000.0,1.74,15602000.0,0.3927995972,83517000.0,-50765000.0,70716000.0,17543000.0,134282000.0,889000.0,-27334000.0,239993550.0,308606550.0,-12.342572331631413,4.031009519466454,1.392303363387095,-2.2905742145178767,0.11579599112768245,-12.342572331631413,-0.14058898847631243,6.0421336858006045,8.406667717528373,-4.727539643455136,0.259492784082948,27.12935883014623,0.0077168740576569654,0.4755917956823162,3.9144388075015675,0.08545565573476059,455.3957305502846,0.3927995971802618,2.346153846153846,1.4805115347690572,0.3046788217335339,0.1897319592433336,0.5922032860495969,2.3072289156626504,1.4516129032258065,0.35935488314674613,0.33095609679289595,0.20315498208937,Restaurants,Consumer Cyclical,NATH
2022Q4,2022,Q4,2022-06-10,2022-03-27,2158000.0,24772000.0,4805000.0,0.52,9799000.0,0.3955675763,78516000.0,-54988000.0,65400000.0,16412000.0,133504000.0,522000.0,-32619000.0,223856000.0,290312000.0,-13.362818955042528,3.9848891055325373,1.4840159967395181,-2.118989597730414,0.056624674143094585,-13.362818955042528,-0.039244926165708884,9.036654287098337,25.93327154772938,-4.0709973085036735,0.8586654309545876,28.683908045977013,0.008277642770352369,0.31550257272403076,3.8696076041920544,0.027484843853482092,34.92293291731669,0.39556757629581785,0.0,2.035753633116488,0.31722971819345536,0.15189881351943169,0.10760709845145247,0.013145539906103286,-0.14804964539007093,-0.11487862008975504,0.1441914847365501,0.19873379726122167,Restaurants,Consumer Cyclical,NATH
2022Q3,2022,Q3,2022-02-04,2021-12-26,2130000.0,25913000.0,5640000.0,0.52,8847000.0,0.3414116467,114455000.0,-55301000.0,101535000.0,53331000.0,169756000.0,371000.0,-32924000.0,245418600.0,315127600.0,-13.438882138517618,1.9038645440738031,1.36190642610633,-2.8187012893076075,0.03682534684466626,-13.438882138517618,-0.03851648252292002,9.470867904140778,28.805,-4.437869116290845,0.676056338028169,46.0,0.005867525933242224,0.22640338997859422,1.8841386810672967,0.018609934035210343,288.05,0.34141164666383667,-0.3953488372093023,2.0916410703017854,0.3186955068855715,0.1665577402211668,-0.1941155037347422,-0.3991537376586742,-0.2418335797822288,-0.7770758558147359,0.3038472349388373,0.2143122510860094,Restaurants,Consumer Cyclical,NATH
2022Q2,2022,Q2,2021-11-05,2021-09-26,3545000.0,32878000.0,7439000.0,0.86,10978000.0,0.3339010888740191,116513000.0,-55999000.0,103133000.0,15866000.0,172512000.0,948000.0,-33614000.0,259656500.0,328790500.0,-13.608505467800729,6.500252111433253,1.3379622874700676,-2.7837997107091197,0.05036720432903415,-13.608505467800729,-0.06330470186967624,7.897575886611108,18.31145980253879,-4.636806014393114,0.40620592383638926,23.10126582278481,0.005545788378107231,0.2821831040313098,6.406466658262953,0.030425789396891334,29.924685951365678,0.3339010888740191,-0.3857142857142857,0.4336276409043743,0.18992675636320375,0.16342962880286685,-0.23964538024657156,-0.38486899184452544,-0.30489628106895905,-0.19538621457364805,0.14085424210776176,0.2815145556881428,Restaurants,Consumer Cyclical,NATH
2022Q1,2022,Q1,2021-08-06,2021-06-27,5763000.0,31319000.0,10702000.0,1.4,14438000.0,0.4609981161595198,114020000.0,-58126000.0,100255000.0,15261000.0,172146000.0,751000.0,-35719000.0,287515050.0,364049050.0,-14.12539489671932,6.569359806041544,1.3687072443430977,-2.684857034717682,0.0711329706986113,-14.12539489671932,-0.09914668134741768,9.180211692582777,12.47245575221239,-4.946410384337474,0.24986985944820406,22.4780292942743,0.0050084334715695756,0.27467988072268024,6.477098486337724,0.050543764251885635,-2933.8270408163266,0.4609981161595198,1.7952450266860744,0.6434999401023395,0.07788814643984102,0.16584363196024318,0.5955354182782628,1.7962154294032022,0.9694516010305484,0.2223220066467578,0.05581296380608805,0.2870608241642805,Restaurants,Consumer Cyclical,NATH
2021Q4,2021,Q4,2021-06-11,2021-03-28,2061000.0,18284000.0,5434000.0,0.5008505467800729,9049000.0,0.49491358564865456,108809000.0,-62478000.0,94665000.0,14593000.0,171287000.0,624000.0,-40042000.0,277556750.0,352713750.0,-15.182989064398543,6.487014321935175,1.435736014484096,-2.500416146483562,0.038035914483980464,-15.182989064398543,-0.03298761163929703,15.180307919492453,33.66772804463853,-4.442471750056019,0.6991751576904416,14.799679487179487,0.005191731060404764,0.1680375704215644,6.378606181045707,0.018941447858173498,47.01960867355582,0.49491358564865456,0.5177289296365845,3.2873597101094996,0.01211004489044713,0.08905423938993491,0.13909869083585097,0.5165562913907285,0.23415852827617534,4.772746084140895,-0.04077909137508444,0.2405632893954471,Restaurants,Consumer Cyclical,NATH
2021Q3,2021,Q3,2021-02-05,2020-12-27,1359000.0,18030000.0,4403000.0,0.33,7944000.0,0.4405990016638935,104563000.0,-63127000.0,90286000.0,11014000.0,167690000.0,415000.0,-40662000.0,224473250.0,304084250.0,-15.340704738760632,8.197385146177592,1.4939605787898205,-2.4745829835094333,0.03149494460693411,-15.340704738760632,-0.021528030795063918,12.449986134220744,41.29382818248712,-3.5558992190346443,1.0596026490066226,24.303614457831326,0.006415018270551169,0.17243193098897316,8.09043036135827,0.012996949207654715,-64.55946218004027,0.4405990016638935,-0.6292134831460675,2.3698258404212234,-0.06079612048376717,-0.037765327242627676,-0.24328443513050105,-0.6281805745554035,-0.4194356540084388,1.3657364015565974,-0.1696460096502156,0.2450067697805228,Restaurants,Consumer Cyclical,NATH
2021Q2,2021,Q2,2020-11-06,2020-09-27,3655000.0,21839000.0,7584000.0,0.89,10498000.0,0.4806996657356106,106332000.0,-63075000.0,91664000.0,12686000.0,169407000.0,557000.0,-40581000.0,217395450.0,292070450.0,-15.328068043742405,7.2256030269588525,1.468927510062822,-2.4763218390804598,0.05329662585793336,-15.328068043742405,-0.05794688862465319,9.954459911168094,14.869729822161423,-3.4466183115338884,0.39398084815321477,20.360861759425493,0.006623873682728871,0.20538502050182447,7.138499132902412,0.03437347176767107,36.08822211155378,0.4806996657356106,-0.08247422680412367,0.3827059329148244,-0.23180467881087977,-0.10307533481418404,-0.06667852062588904,-0.08625,-0.06300963676797627,0.1896941302925506,-0.29827694712287206,-0.06040684614033988,Restaurants,Consumer Cyclical,NATH
2021Q1,2021,Q1,2020-08-07,2020-06-28,4000000.0,17686000.0,8094000.0,0.97,11248000.0,0.6359832635983264,102163000.0,-65313000.0,87014000.0,10610000.0,167476000.0,745000.0,-42796000.0,227918400.0,307200400.0,-15.852669902912622,8.201131008482564,1.529154390532776,-2.391912789184389,0.05774622560032013,-15.852669902912622,-0.061243550288610234,12.886938821666854,14.2449,-3.4896329980248955,0.36,8.641610738255034,0.0063180506707663795,0.173115511486546,8.041281809613572,0.03915311805643922,82.42980108499096,0.6359832635983264,0.2772401079728751,0.9266170722481402,-0.3580667658634011,-0.15880463777629492,0.07636363636363637,0.2519561815336463,0.246189376443418,0.38786440993334786,-0.42005676462072866,-0.04069973728866713,Restaurants,Consumer Cyclical,NATH
2020Q4,2020,Q4,2020-06-12,2020-03-29,3195000.0,21705000.0,6495000.0,0.75945,10450000.0,0.48145588574061277,105282000.0,-66401000.0,89784000.0,14619000.0,171683000.0,378000.0,-45356000.0,247624020.0,326762020.0,-15.783456144521036,6.141596552431767,1.4841568359263693,-2.3532025120103612,0.0499830483207078,-15.783456144521036,-0.048116745229740514,11.408616447823082,19.375901408450705,-3.7292212466679717,0.4616588419405321,29.775132275132275,0.00595661115589675,0.2061605972530917,6.0400848211231954,0.030347067874850402,47.822329084588645,0.48145588574061277,1.6187931034482759,1.253145955736628,0.16035601517874173,-0.20138479032876958,0.3437057991513437,1.6339653751030503,0.6813357494175512,3.396259027429299,0.12890544223403505,-0.0017323386605521656,Restaurants,Consumer Cyclical,NATH
2020Q3,2020,Q3,2020-02-07,2019-12-29,1213000.0,21376000.0,3863000.0,0.29,7777000.0,0.3638192365269461,104930000.0,-64169000.0,89392000.0,11631000.0,169099000.0,599000.0,-47076000.0,307960250.0,386645250.0,-15.18792899408284,7.685667612415098,1.4874678356999904,-2.4323271361560876,0.029198375976687105,-15.18792899408284,-0.018903208714488303,14.40682307260479,63.47078524319868,-4.799206002898596,1.2192910140148392,22.702838063439064,0.004802567863872041,0.20371676355665683,7.561172728054338,0.011560087677499286,793.7119845360825,0.3638192365269461,-0.6666666666666667,-0.4257988165680473,0.015415902247630536,-2.2807340925190362,-0.3094477002308649,-0.6683980317113176,-0.47556339940266085,0.7147996715510748,0.059488869228009035,0.058086697113846515,Restaurants,Consumer Cyclical,NATH
2020Q2,2020,Q2,2019-11-08,2019-09-29,3658000.0,29726000.0,7366000.0,0.87,11262000.0,0.3788602570140618,107060000.0,-62947000.0,92851000.0,13973000.0,170007000.0,615000.0,-46810000.0,303709950.0,378293950.0,-14.891648923586468,6.645029700135977,1.4389594619839343,-2.4473763642429347,0.053137766802200094,-14.891648923586468,-0.058112380256406186,10.216980084774272,20.756557545106613,-4.82485185950085,0.40431930016402406,30.022764227642277,0.004869777891702264,0.2776573883803475,6.5584341229514065,0.03416775639828134,43.04889440113395,0.3788602570140618,-0.3203125,0.004156809911423897,0.08823629259922264,-2.321443249191973,-0.17765607886089813,-0.31868131868131866,-0.22036409822184588,0.44012907695688885,0.047342926922358634,0.08454956371080158,Restaurants,Consumer Cyclical,NATH
2020Q1,2020,Q1,2019-08-09,2019-06-30,5369000.0,30518000.0,9448000.0,1.28,13695000.0,0.4487515564584835,105001000.0,-65148000.0,90398000.0,13854000.0,170149000.0,748000.0,-48989000.0,323862000.0,403954000.0,-15.489300998573466,6.525046917857658,1.4666050799516195,-2.363771719776509,0.07261910621184016,-15.489300998573466,-0.08241235341069565,10.612163313454355,15.080182529335072,-4.9711733284214406,0.275470292419445,22.490641711229948,0.00456675991626063,0.290644851001419,6.415259130936914,0.05113284635384425,-283.59194395796845,0.4487515564584835,1.1603852327447832,0.4019344345896476,0.17513560922083096,-2.4833711340577893,0.4789416846652268,1.154494382022472,0.7137674587339017,0.4980111577692498,0.027596104144835806,0.08529997505093047,Restaurants,Consumer Cyclical,NATH
2019Q4,2019,Q4,2019-06-14,2019-03-31,2492000.0,22129000.0,5513000.0,0.5924869234427009,9260000.0,0.4184554204889511,94306000.0,-70144000.0,87161000.0,14924000.0,164450000.0,535000.0,-52879000.0,291559920.0,361562920.0,-16.677127912505945,5.840324309836505,1.5423090789557399,-2.073577212591241,0.05925193376749427,-16.677127912505945,-0.03552691605839416,13.175467486104207,29.249590690208663,-4.156591012773722,0.420545746388443,24.054205607476636,0.0035944583878332803,0.23465102962695905,5.744103457518092,0.026424617733760314,79.6176734025123,0.4184554204889511,-0.7423969898075212,1.2327709183924445,0.3997992500528377,-2.743809761906333,0.12858013406459476,-0.7436741411232257,0.12602124183006536,4.071781553730418,0.19844713768503044,-0.0005907866107580519,Restaurants,Consumer Cyclical,NATH
2019Q3,2019,Q3,2019-02-01,2018-12-23,9722000.0,20222000.0,4896000.0,2.3,8205000.0,0.4057462169913955,91169000.0,-71617000.0,83506000.0,12833000.0,162786000.0,482000.0,-54323000.0,264450920.0,336894920.0,-17.10460950561261,6.507130055326113,1.5934802399938575,-2.0285127832777134,0.0484085945887691,-17.10460950561261,-0.13574989178546992,13.077387004252794,6.800321950216005,-3.6925718753927135,0.1074881711581979,24.931535269709542,0.0039515839082730365,0.22180785135298184,6.422582404737786,0.10663712446116552,-97.15316678912565,0.4057462169913955,1.1698113207547167,8.367501120278298,0.16812831691661512,-2.7849608854113916,-0.3305866035734682,1.1681534344335416,-0.4226415094339623,22.6924784827818,0.035273591386386256,-0.1570896502622794,Restaurants,Consumer Cyclical,NATH
2019Q2,2019,Q2,2018-11-02,2018-09-23,4484000.0,29330000.0,8480000.0,1.06,12257000.0,0.4178997613365155,86381000.0,-79323000.0,78542000.0,16253000.0,165704000.0,552000.0,-63000000.0,344044200.0,422994200.0,-18.94054441260745,4.832461699378576,1.6798138479526747,-1.8292802844067926,0.08943897819621713,-18.94054441260745,-0.056528371342485784,11.730112512785544,19.1817685102587,-4.337256533414016,0.23349687778768957,30.929347826086957,0.0030432136335970784,0.33954226045079355,4.729834492093767,0.051909563445665136,27.049626542967214,0.4178997613365155,-0.061946902654867124,0.8033324965301522,0.32491661779704883,-3.025969591333203,-0.07959750694600887,-0.064859228362878,-0.06679872345108397,0.6667528848711874,0.013710952800592468,-0.3630450562900046,Restaurants,Consumer Cyclical,NATH
2019Q1,2019,Q1,2018-08-03,2018-06-24,4795000.0,30168000.0,9087000.0,1.13,13317000.0,0.4414280031821798,79420000.0,-82917000.0,71742000.0,13420000.0,162337000.0,607000.0,-66437000.0,391925250.0,483838250.0,-19.81290322580645,5.345901639344262,1.82486779148829,-1.7479045310370611,0.10778005815559574,-19.81290322580645,-0.057828913250599995,12.991423031026253,20.434058915537022,-4.726717681536959,0.24963503649635035,27.761120263591433,0.0030541538214238556,0.37985394107277765,5.114530551415798,0.06037522034751951,-132.85601694915255,0.4414280031821798,11.918714987995884,0.5082064675713087,0.36533584275519765,-3.249729122522902,0.6102781136638452,12.065395095367847,0.9989001319841619,1.2736613446290863,0.07797456312600376,-0.448291315373892,Restaurants,Consumer Cyclical,NATH
2018Q4,2018,Q4,2018-06-08,2018-03-25,367000.0,19594000.0,4546000.0,0.08747,8270000.0,0.4220679799938757,80091000.0,-84568000.0,71708000.0,18006000.0,164659000.0,384000.0,-68181000.0,305406000.0,392825000.0,-19.99243498817967,3.982450294346329,1.8074190608183192,-1.7117349352000757,0.022572142612454698,-19.99243498817967,-0.004339702960930849,15.586710217413493,208.04223433242507,-3.611366001324378,57.079019073569484,29.489583333333332,0.06859066292083325,0.24464671436241275,3.8578807064311897,0.0045822876478006265,27.78438864628821,0.4220679799938757,1.097188888888889,-0.7536650627503744,0.38256814430393016,-3.5848248937804046,-0.05204034846400733,1.0971156390579517,-0.15344506517690876,-0.7425951817347047,0.04180566851186257,-0.521758422015412,Restaurants,Consumer Cyclical,NATH
2018Q3,2018,Q3,2018-02-02,2017-12-24,-3779000.0,22083000.0,5370000.0,-0.9,8724000.0,0.39505501969841056,92936000.0,-85035000.0,82919000.0,31110000.0,177971000.0,406000.0,-68548000.0,328941000.0,406279000.0,-20.31899641577061,2.665348762455802,1.5561892054747353,-1.7007820309284412,0.04805840535535409,-20.31899641577061,0.044440524489915915,14.89566634968075,-21.76111405133633,-3.868301287705062,0.0,32.90394088669951,0.0,0.23761513299474907,2.63297974927676,-0.04066239132306103,145.35616438356163,0.39505501969841056,-2.2162162162162162,-4.753092269719449,0.5595155590593888,-3.5643473961175545,-0.2998394863563403,-2.2112179487179486,-0.3851614380581635,-2.805973715651135,0.0590265379348599,-2.7134154001897213,Restaurants,Consumer Cyclical,NATH
2018Q2,2018,Q2,2017-11-03,2017-09-24,3120000.0,31606000.0,8734000.0,0.74,12460000.0,0.3942289438714168,84488000.0,-60407000.0,74281000.0,10512000.0,144895000.0,604000.0,-43821000.0,300888000.0,371285000.0,-14.454893515195023,7.0663051750380514,1.5632279140232932,-2.186402238151208,0.07416264987285198,-14.454893515195023,-0.05164964325326535,9.519964563690438,24.109615384615385,-4.98101213435529,0.0,31.698675496688743,0.0,0.3740886279708361,6.963850837138509,0.036928321181706275,349.86976744186046,0.3942289438714168,0.0724637681159421,0.1564929846319218,0.5677505252373951,-2.8621624637219583,-0.0023220433981904075,0.06776180698151951,0.0336094674556213,-0.1336920349393196,0.17035103758192896,-2.2826867965702067,Restaurants,Consumer Cyclical,NATH
2018Q1,2018,Q1,2017-08-04,2017-06-25,2922000.0,30918000.0,8450000.0,0.69,12489000.0,0.4039394527459732,86606000.0,-63627000.0,76185000.0,16126000.0,150233000.0,725000.0,-46941000.0,272131550.0,343089550.0,-15.232702896815896,4.724358179337716,1.521545851326698,-2.071054740911877,0.07481166780961639,-15.232702896815896,-0.045923900231033994,8.801719063328806,23.282986824093086,-4.276982255960521,0.04277891854893908,25.419310344827586,0.0004593366700773945,0.3569960510819112,4.630906610442763,0.033739001916726324,65.04100143403441,0.4039394527459732,2.988669865310133,0.5232368491843122,0.609987797933667,-3.1398484033347858,0.5023457235654998,3.0082304526748973,0.8090344679940056,-0.2317203960559536,0.1988037803608493,-2.4587973836195833,Restaurants,Consumer Cyclical,NATH
2017Q4,2017,Q4,2017-06-09,2017-03-26,729000.0,19286000.0,4671000.0,0.17299,8313000.0,0.4310380586954267,78125000.0,-66491000.0,67535000.0,10772000.0,144616000.0,579000.0,-49863000.0,258686000.0,333246000.0,-15.756161137440758,6.269494987003342,1.68288,-1.9773352784587388,0.049340828615961785,-15.756161137440758,-0.010963889849754101,13.413149434823188,88.71262002743484,-3.8905415770555414,0.0,18.951640759930914,0.0,0.2468608,6.1142777571481615,0.0093312,505.24609375,0.4310380586954267,0.017588235294117602,-0.24641921665162805,0.5116377778589625,-3.578946512075472,-0.017027314650585313,0.04291845493562232,-0.017458981909970552,-0.3490007704340111,0.21591424800806122,-2.647510755196325,Restaurants,Consumer Cyclical,NATH
2017Q3,2017,Q3,2017-02-03,2016-12-25,699000.0,19937000.0,4754000.0,0.17,8457000.0,0.42418618648743545,78258000.0,-67320000.0,67707000.0,12033000.0,145578000.0,394000.0,-50592000.0,267826250.00000003,342599250.0,-16.124550898203594,5.62677636499626,1.6761992384165196,-1.948544266191325,0.04537025548110974,-16.124550898203594,-0.010383244206773619,13.433628429553094,95.78907367668099,-3.978405377302436,0.35765379113018597,29.13705583756345,0.0009334409901942024,0.2547598967517698,5.535859719105792,0.00893199417311968,147.40024766097966,0.42418618648743545,-0.7166666666666666,-0.3137089652239699,0.6152040644793816,-2.957933285846301,-0.26113926262449766,-0.7211806940566414,-0.4080438301581372,-0.32455219642016786,0.1549754041875632,-2.682686333100693,Restaurants,Consumer Cyclical,NATH
2017Q2,2017,Q2,2016-11-04,2016-09-25,2507000.0,28013000.0,8031000.0,0.6,11446000.0,0.4085960089958234,75649000.0,-67866000.0,65184000.0,10259000.0,143515000.0,507000.0,-51291000.0,213898440.0,289650440.0,-16.267018216682647,6.353835656496734,1.7300559161390103,-1.92846196917455,0.07220949583997843,-16.267018216682647,-0.036940441458167564,7.635684860600436,21.330119664938177,-3.1517761471134293,0.0,32.676528599605525,0.0,0.37030231728112734,6.2606491860805145,0.03313989609908922,93.52795802361172,0.4085960089958234,-0.29411764705882354,0.3307963602974265,0.7773119559934207,-3.005686824655387,-0.12089093701996928,-0.29380281690140847,-0.08986854034451495,0.012108126975115298,0.2702771290500016,-2.7399966722564417,Restaurants,Consumer Cyclical,NATH
2017Q1,2017,Q1,2016-08-05,2016-06-26,3550000.0,29416000.0,8824000.0,0.85,13020000.0,0.44261626325809084,77661000.0,-70546000.0,67176000.0,15260000.0,148207000.0,790000.0,-53798000.0,175305280.0,253044280.0,-16.933749399903984,4.402096985583224,1.6813716022199046,-1.8509483174099168,0.10093173330465269,-16.933749399903984,-0.05032177586255776,5.959521348925755,12.345442253521126,-2.4849783120233604,0.035211267605633804,20.754430379746836,0.0007130418433489282,0.37877441701755066,4.307208387942333,0.045711489679504516,37.554687232219365,0.44261626325809084,6.233426942387881,1.7112458294078936,1.0235681707041409,-3.190873129320809,0.5808644973288004,6.001972386587771,0.9670084707980383,0.12170004445791834,0.3373737223953258,-2.9228049894700914,Restaurants,Consumer Cyclical,NATH
2016Q4,2016,Q4,2016-06-10,2016-03-27,507000.0,19053000.0,4486000.0,0.11751,8236000.0,0.4322678843226788,71549000.0,-72336000.0,60979000.0,11200000.0,143885000.0,687000.0,-57348000.0,177289000.0,257327000.0,-16.667281105990785,5.444553571428571,1.8206543767208487,-1.8008460517584606,0.0431916521533044,-16.667281105990785,-0.007008958195089582,9.305043825119403,87.4206114398422,-2.4509096438840965,0.0,15.745269286754002,0.0,0.2662930299515018,5.2821428571428575,0.0070860529147856715,-128.19161243673173,0.4322678843226788,0.17509999999999998,0.11347614896001995,1.0264910608729223,-3.3155080899913663,0.05820377746370294,0.1736111111111111,0.011499436302142051,-0.6683205654422333,0.3103202347513789,-3.1549152536883365,Restaurants,Consumer Cyclical,NATH
2016Q3,2016,Q3,2016-02-05,2015-12-27,432000.0,20564000.0,4435000.0,0.1,7783000.0,0.37847695000972575,80996000.0,-65161000.0,70503000.0,13128000.0,146157000.0,569000.0,-57855000.0,223926400.0,294187400.0,-14.782441016333939,5.370429616087751,1.6046347967800878,-1.994582649130615,0.03952274988167434,-14.782441016333939,-0.006629732508709197,10.88924333787201,129.58703703703702,-3.4365095686069886,0.0,22.462214411247803,0.0,0.25388908094226875,5.236365021328458,0.00533359672082572,50.151489361702126,0.37847695000972575,-0.84375,4.428205401942992,0.9379001572597252,-3.0080107695284073,-0.3368833603135384,-0.8482613277133825,-0.473652978874911,-0.592666646159525,0.3787740827311573,-2.8656095681514797,Restaurants,Consumer Cyclical,NATH
2016Q2,2016,Q2,2015-11-05,2015-09-27,2847000.0,30619000.0,8426000.0,0.64,11737000.0,0.3833240798197198,81851000.0,-61586000.0,71243000.0,10470000.0,143437000.0,785000.0,-58287000.0,167130720.0,237380720.0,-13.895758122743683,6.804489016236867,1.5842567592332408,-2.1055597051277886,0.07356985259082395,-13.895758122743683,-0.046228038839996106,5.458399033279989,14.676037934668072,-2.713777806644367,0.0,24.053503184713374,0.0,0.3740821737058802,6.667335243553008,0.03478271493323234,92.28642738818333,0.3833240798197198,0.28,22.708267088244433,1.3966221245818826,-2.702001319078034,0.013645392520943087,0.23246753246753246,0.10635504201680672,-0.004941771935056157,0.4320924045936334,-2.790131428774048,Restaurants,Consumer Cyclical,NATH
2016Q1,2016,Q1,2015-08-07,2015-06-28,2310000.0,30654000.0,7616000.0,0.5,11579000.0,0.37773210673974034,85597000.0,-62710000.0,74734000.0,15617000.0,148307000.0,1120000.0,-61134000.0,172541760.0,250375760.0,-13.68019197207679,4.78542613818275,1.512167482505228,-2.064056769255302,0.06695169921500371,-13.68019197207679,-0.03683623026630521,5.628686631434723,18.67335064935065,-2.751423377451762,0.05411255411255411,17.03125,0.0007244622982865134,0.3581200275710597,4.642953192034321,0.026986927111931493,26.700984215413186,0.37773210673974034,0.48051640412175756,0.6981722702327635,1.393961634622923,-2.6589779507857867,0.6997944803288315,0.5029277813923227,1.7544303797468355,0.09728406403825182,0.45451502243941194,-2.92175591863483,Restaurants,Consumer Cyclical,NATH
2015Q4,2015,Q4,2015-06-12,2015-03-29,1537000.0,20275000.0,2765000.0,0.33772,6812000.0,0.335980271270037,84666000.0,-59908000.0,73614000.0,12009000.0,144574000.0,822000.0,-63444000.0,235752000.0,313499000.0,-13.137719298245614,6.129902573070197,1.5252876006897693,-2.1556386459237498,0.027750895539634852,-13.137719298245614,-0.025656005875676038,11.627718865598027,38.34612882238126,-3.935234025505776,0.0,16.378345498783457,0.0,0.23947038953062622,5.954534099425431,0.01815368624949803,122.27800829875518,0.335980271270037,-0.31077551020408156,1.4331486903098456,1.412410938739856,-2.692913368680774,-0.004093567251461989,-0.3141454707719768,-0.272942413883776,0.47036028148004033,0.4706659781900443,-3.1503635984228353,Restaurants,Consumer Cyclical,NATH
2015Q3,2015,Q3,2015-02-06,2014-12-28,2241000.0,22332000.0,3803000.0,0.49,6840000.0,0.3062869425040301,65192000.0,53151000.0,54209000.0,9718000.0,12041000.0,792000.0,51129000.0,356856840.0,322319840.0,11.858768406961177,5.578205392055978,0.0,0.0,0.042162894395213625,11.858768406961177,0.04216289439521364,15.979618484685654,39.81,6.714019303493821,0.0,19.560606060606062,0.0,0.3425573690023316,5.326301708170406,0.034375383482635906,190.730539818279,0.3062869425040301,-0.41666666666666663,1.6630228136882128,1.4873032161909696,0.5040559427802584,-0.28060580563735804,-0.4185262065386611,-0.4174325980392157,1.0495458298926508,0.6853101512983888,0.439958082536026,Restaurants,Consumer Cyclical,NATH
2015Q2,2015,Q2,2014-11-07,2014-09-28,3854000.0,28899000.0,6528000.0,0.84,9508000.0,0.32900792414962454,61548000.0,50396000.0,51046000.0,8875000.0,11152000.0,766000.0,48888000.0,296270000.0,264109000.0,11.26923076923077,5.751661971830986,0.0,0.0,0.07647432335899673,11.26923076923077,0.07647432335899675,10.2519118308592,19.21834457706279,5.878839590443685,0.0,25.31462140992167,0.0,0.4695359719243517,5.6150985915492955,0.06261779424189251,57.539328024859195,0.32900792414962454,-0.05617977528089892,1.159497385281987,1.351314072140484,0.42892106139269565,-0.07275209674273454,-0.05330385654630312,-0.048673856018653455,0.9085849093049273,0.7105247442154469,0.38947085303360623,Restaurants,Consumer Cyclical,NATH
2015Q1,2015,Q1,2014-08-08,2014-06-29,4071000.0,27606000.0,6862000.0,0.89,10254000.0,0.3714409910888937,57554000.0,46686000.0,46782000.0,8484000.0,10868000.0,1105000.0,45034000.0,242283490.0,217178490.0,10.441959293222993,5.514144271570014,0.0,0.0,0.08719958874180697,10.441959293222993,0.08719958874180697,8.776479388538723,14.878622574306068,5.189639078096217,0.0,15.703167420814479,0.0,0.4796538902595823,5.299622819424799,0.07073357194982104,86.56073240443015,0.3714409910888937,2.3483822422874345,2.269302577368935,1.4347285089633288,0.34465983372114367,1.0393794749403342,2.3423645320197046,2.701186623516721,1.897051676383982,0.7695070699677055,0.3509712168714199,Restaurants,Consumer Cyclical,NATH
2014Q4,2014,Q4,2014-06-13,2014-03-30,1218000.0,17252000.0,1854000.0,0.2658,5028000.0,0.2914444702063529,56135000.0,43897000.0,45189000.0,9811000.0,12238000.0,947000.0,40963000.0,224864100.0,202787100.0,9.563616557734205,4.605952502293344,0.0,0.0,0.027746770849944192,9.563616557734205,0.02774677084994419,13.0340888012984,46.15437192118227,5.122539125680571,0.0,12.908130939809926,0.0,0.30733054244232655,4.187850372031393,0.021697693061369913,53.23487215909091,0.2914444702063529,0.10749999999999996,0.6641187548465713,1.2175548668296854,0.3528784444499628,0.01678463094034378,0.1002710027100271,0.024875621890547265,1.5292822233998704,0.7349933651956032,0.3286289088296115,Restaurants,Consumer Cyclical,NATH
2014Q3,2014,Q3,2014-02-07,2013-12-29,1107000.0,18465000.0,1809000.0,0.24,4945000.0,0.2678039534253994,53065000.0,42796000.0,41882000.0,7644000.0,10269000.0,989000.0,39745000.0,226381540.0,208260540.0,9.582624272279444,5.4790685504971215,0.0,0.0,0.02586690344892046,9.582624272279444,0.02586690344892046,12.260034660167886,51.125009033423666,5.289782689971025,0.0,13.670374115267947,0.0,0.34796947140299633,5.072082679225536,0.02086120795251107,-437.87531914893617,0.2678039534253994,-0.5789473684210527,0.6648260603517514,1.2409226269541873,0.31568793529185607,-0.31509695290858725,-0.5819486404833837,-0.5883022303140646,9.67068833803114,0.7174969791420027,0.30168033262029403,Restaurants,Consumer Cyclical,NATH
2014Q2,2014,Q2,2013-11-08,2013-09-29,2648000.0,23575000.0,4394000.0,0.57,7220000.0,0.30625662778366913,52281000.0,41696000.0,41602000.0,7965000.0,10585000.0,1151000.0,38638000.0,235398800.0,216254800.0,9.348878923766817,5.223101067168864,0.0,0.0,0.06384146329686714,9.348878923766817,0.06350729086722948,9.985102863202545,22.224206948640482,5.645596699923254,0.0,14.209383145091225,0.0,0.4509286356420114,4.9209039548022595,0.05064937549013982,-203.63217993079584,0.30625662778366913,-0.21917808219178087,0.9111523867646668,1.1776710943710782,0.2654939597760678,-0.21479064709081022,-0.21049493142516398,-0.27239609206822324,20.9126659341312,0.8336867881183365,0.14508356576159281,Restaurants,Consumer Cyclical,NATH
2014Q1,2014,Q1,2013-08-09,2013-06-30,3354000.0,23310000.0,6039000.0,0.73,9195000.0,0.3944658944658945,55640000.0,38882000.0,45370000.0,13926000.0,16758000.0,1517000.0,35990000.0,240220149.99999997,226135149.99999997,8.806795016987543,3.2579347982191584,0.0,0.0,0.09425188124229254,8.806795016987543,0.08626099480479399,10.305454740454739,17.905497167561123,6.178183992592973,0.0,9.304548450889914,0.0,0.4189432063263839,2.5333189717075975,0.0602803738317757,-59.84557797708021,0.3944658944658945,1.072636655948553,0.2253911757228371,1.3180119889482174,0.20757748448050983,0.7270848985725019,1.1569131832797428,1.6120242214532872,1.5600398422682802,0.8901062042108578,0.06798784549910712,Restaurants,Consumer Cyclical,NATH
2013Q4,2013,Q4,2013-06-14,2013-03-31,1555000.0,14792000.0,2312000.0,0.3522083805209513,5324000.0,0.3599242833964305,49662000.0,34148000.0,40988000.0,13463000.0,15514000.0,1046000.0,32636000.0,187990700.0,174587700.0,7.734541336353341,3.04449231226324,0.0,0.0,0.04431048606402946,7.734541336353341,0.04553707391355277,12.708944023796647,30.22358520900321,5.5051745343797585,0.0,9.051625239005736,0.0,0.2978534895896259,2.4234568818242592,0.03131166686802787,111.50100830367734,0.3599242833964305,0.5313407848737014,2.0256198645815764,1.1066342796283313,0.17267032089848341,0.14371643394199785,0.4642184557438795,0.319634703196347,1.5424903322056032,0.8178224350920056,-0.0033347393352234672,Restaurants,Consumer Cyclical,NATH
2013Q3,2013,Q3,2013-02-01,2012-12-23,1062000.0,14935000.0,1752000.0,0.23,4655000.0,0.31168396384332103,50025000.0,34975000.0,41563000.0,12824000.0,15050000.0,987000.0,31081000.0,146633080.0,132333080.0,7.923652016311736,3.241032439176544,0.0,0.0,0.030750684840947503,7.923652016311736,0.030364546104360256,9.81808369601607,34.518145009416195,4.192511222301643,0.0,10.415400202634245,0.0,0.2985507246376812,2.614784778540237,0.021229385307346325,66.22993676603433,0.31168396384332103,-0.6290322580645161,0.6712925960158901,1.0051168108547441,0.1750459611336683,-0.4423146040493591,-0.6267135325131811,-0.6296766011414078,0.2814364422912923,0.6890630545717137,0.004962361577170347,Restaurants,Consumer Cyclical,NATH
2013Q2,2013,Q2,2012-11-02,2012-09-23,2845000.0,21260000.0,4731000.0,0.62,8347000.0,0.39261523988711194,48740000.0,34209000.0,39666000.0,12280000.0,14531000.0,1022000.0,30019000.0,142169820.0,129794820.0,7.762423417290674,3.230130293159609,0.0,0.0,0.08332375955070712,7.762423417290674,0.08316524891110526,6.687197554092192,12.492954305799646,4.155918617907568,0.0,12.635029354207436,0.0,0.43619203939269596,2.621824104234528,0.058370947886746,34.650212039970754,0.39261523988711194,0.40909090909090906,1.2267222971346445,1.0991987992364332,0.18828852422699974,0.17613075947583487,0.41824526420737784,0.38212094653812445,0.617640409632849,0.7552938555666615,-0.015736696181648024,Restaurants,Consumer Cyclical,NATH
2013Q1,2013,Q1,2012-08-03,2012-06-24,2006000.0,20082000.0,3423000.0,0.44,7097000.0,0.35340105567174585,46556000.0,31094000.0,37913000.0,13316000.0,15462000.0,1411000.0,27174000.0,119901600.0,111267600.0,7.118589743589744,2.8471763292279966,0.0,0.0,0.06669634774511062,7.118589743589744,0.06451405415835852,5.970600537795041,14.942871385842473,3.8561008554705087,0.0,9.202693125442948,0.0,0.4313514906778933,2.2532291979573444,0.04308789414898187,243.20811359026368,0.35340105567174585,0.9229928761854813,-0.12317227505996536,1.2056696691382598,0.102552389059917,0.36323472915866306,0.8539741219963032,0.9820497973364215,0.6489480875277421,0.8129092310163137,-0.08330597427660297,Restaurants,Consumer Cyclical,NATH
2012Q4,2012,Q4,2012-06-07,2012-03-25,1082000.0,14270000.0,1727000.0,0.22881,5206000.0,0.36482130343377717,44520000.0,28837000.0,35550000.0,13561000.0,15683000.0,1125000.0,25168000.0,99120000.0,93091000.0,6.109533898305084,2.6214880908487577,0.0,0.0,0.037630186763625596,6.109533898305084,0.03752124007351666,6.94604064470918,22.902033271719038,3.4372507542393453,0.0,8.056888888888889,0.0,0.32053009883198563,2.0112086129341495,0.024303683737646003,40.490196078431374,0.36482130343377717,-0.04662499999999991,0.18494636862359784,0.9669252780774014,0.09320793854674445,0.005213361652828732,-0.10652353426919901,-0.11299435028248588,0.4375897730537201,0.7837319216359293,-0.13573942799192096,Restaurants,Consumer Cyclical,NATH
2012Q3,2012,Q3,2012-02-03,2011-12-25,1211000.0,14676000.0,1947000.0,0.24,5179000.0,0.3528890705914418,54903000.0,40881000.0,46337000.0,11891000.0,14022000.0,827000.0,24086000.0,104492200.0,88660200.0,8.23549556809025,3.896812715499117,0.0,0.0,0.029441107838748953,8.23549556809025,0.0296225630488491,7.119937312619243,21.571469859620148,2.5560089038917835,0.0,11.483675937122127,0.0,0.2673077973881209,3.232612900512993,0.022057082490938563,123.22193396226415,0.3528890705914418,-0.4545454545454546,0.3547517621692397,0.6505229923785535,0.43293683038088054,-0.2679858657243816,-0.46628470691934776,-0.4754849137931034,0.6385222140837601,0.6024046581716037,0.1307280607286569,Restaurants,Consumer Cyclical,NATH
2012Q2,2012,Q2,2011-11-04,2011-09-25,2269000.0,18984000.0,3712000.0,0.44,7075000.0,0.37268225874420563,54548000.0,40755000.0,45958000.0,11667000.0,13793000.0,926000.0,22875000.0,95223750.0,80014750.0,8.11044776119403,3.9391445958686893,0.0,0.0,0.05533131093055,8.11044776119403,0.055674150410992516,5.016000316055626,10.491819083296605,2.3364924549135075,0.0,12.860691144708424,0.0,0.34802375889125176,3.2132510499700007,0.04159639216836548,23.817846423211606,0.37268225874420563,0.41935483870967744,0.41364079817830607,0.6618315311585931,0.4433741769281769,0.1630774289002137,0.4216791979949875,0.4700990099009901,0.45348523653919753,0.5564210753461609,0.09785598215181013,Restaurants,Consumer Cyclical,NATH
2012Q1,2012,Q1,2011-08-05,2011-06-26,1596000.0,17719000.0,2525000.0,0.31,6083000.0,0.3433037981827417,55125000.0,39249000.0,46585000.0,13895000.0,15876000.0,1494000.0,20606000.0,94704700.0,85018700.0,7.729224103977944,3.3526448362720402,0.0,0.0,0.03962764469097974,7.729224103977944,0.04066345639379347,5.344810655228851,14.83469611528822,2.4129200743968,0.0,7.788487282463186,0.0,0.32143310657596375,2.6799568189996403,0.02895238095238095,98.65072916666666,0.3433037981827417,1.9283959947099942,0.2907338922550335,0.6338234775657213,0.4922759408670287,0.619110992813415,1.8756756756756756,5.898907103825136,-0.4930296170942095,0.5319712807787182,0.059822214831165316,Restaurants,Consumer Cyclical,NATH
2011Q4,2011,Q4,2011-06-09,2011-03-27,555000.0,11460000.0,366000.0,0.10586,3757000.0,0.32783595113438047,52958000.0,38078000.0,44419000.0,12965000.0,14880000.0,1139000.0,19010000.0,90617700.0,81677700.0,7.198109640831758,3.4260701889703045,0.0,0.0,0.006290774051673477,7.198109640831758,0.014575345343768056,7.907303664921466,40.81878378378378,2.379791480644992,0.0,6.762949956101844,0.0,0.21639790022281807,2.6908600077130735,0.010480003021262133,48.09856687898089,0.32783595113438047,4.528666666666666,-0.9571749375999642,0.6208462519271064,0.6989263342236963,-0.23684745074141783,4.627450980392157,-0.7750460971112477,-0.09873607368378716,0.36214048860835046,0.09133937945393249,Restaurants,Consumer Cyclical,NATH
2011Q3,2011,Q3,2011-02-04,2010-12-26,-153000.0,12884000.0,1627000.0,-0.03,4923000.0,0.38210183172927664,52700000.0,39400000.0,42900000.0,11200000.0,13300000.0,900000.0,18500000.0,87986880.0,77086880.0,7.361733931240658,3.830357142857143,0.0,0.0,0.036310607386662,7.361733931240658,-0.003883248730964467,6.829158646383111,-143.7694117647059,2.2331695431472083,0.0,8.845555555555556,0.0,0.24447817836812144,3.517857142857143,-0.002903225806451613,306.5744947735192,0.38210183172927664,-2.0,-1.2076859239415294,0.4167882689387775,0.5384041096552072,-0.25969924812030076,-2.013245033112583,-0.42427459306440196,-1.198580055325176,0.42659727917270096,0.09171575241280644,Restaurants,Consumer Cyclical,NATH
2011Q2,2011,Q2,2010-11-05,2010-09-26,151000.0,16065000.0,2826000.0,0.03,6650000.0,0.4139433551198257,56700000.0,45500000.0,47000000.0,9300000.0,11300000.0,1000000.0,18600000.0,89781030.0,74881030.0,8.164363897362282,5.053763440860215,0.0,0.0,0.07270227446971633,8.164363897362282,0.0033186813186813187,5.588610644257703,148.64408940397348,1.9732094505494506,0.0,9.415,0.0,0.2833333333333333,4.741935483870968,0.0026631393298059964,29.827584717607973,0.4139433551198257,-0.8965517241379312,-0.9514767260146768,0.3770014985078677,0.7492147293089981,0.08341479309221245,-0.9090361445783133,0.12276519666269368,-0.9065423746437316,0.25436823155550436,0.24981844010707002,Restaurants,Consumer Cyclical,NATH
2011Q1,2011,Q1,2010-08-06,2010-06-27,1660000.0,15626000.0,2517000.0,0.29,6138000.0,0.3928068603609369,55453000.0,46129000.0,45701000.0,7420000.0,9324000.0,1112000.0,18457000.0,88664900.0,76216900.0,8.246156596353236,6.159164420485175,0.0,0.0,0.035986039151076336,8.246156596353236,0.03598603915107633,5.674190451811084,13.353147590361445,1.92210756790739,0.0,8.532374100719425,0.0,0.28178818098209296,5.870619946091645,0.029935260490866138,110.831125,0.3928068603609369,1.0961329960245751,0.4029164986801969,0.3665397929813144,1.0163482653729303,0.37994604316546765,1.0986093552465235,1.2573991031390135,-0.4334325755114707,0.34011323402260457,0.2771939363493443,Restaurants,Consumer Cyclical,NATH
2010Q4,2010,Q4,2010-06-11,2010-03-28,791000.0,10524000.0,1115000.0,0.13835,4448000.0,0.4226529836564044,53374000.0,44312000.0,43823000.0,7155000.0,9062000.0,1018000.0,16797000.0,87134600.0,75525600.0,7.760420315236427,6.124807826694619,0.0,0.0,0.02300985549654734,7.760420315236427,0.01785069507131251,8.279608513873052,27.539380530973453,1.9663883372449902,0.0,5.968565815324165,0.0,0.19717465432607637,5.76743535988819,0.014819949788286432,30.59501404494382,0.4226529836564044,-0.2718421052631579,2.955282072414039,0.5206393026987813,1.2929505613945427,-0.10843856484265384,-0.24809885931558937,-0.2861715749039693,-0.28393275633053294,0.19908678975790428,0.3886088916585709,Restaurants,Consumer Cyclical,NATH
2010Q3,2010,Q3,2010-02-04,2009-12-27,1052000.0,11224000.0,1562000.0,0.19,4989000.0,0.4444939415538133,52128000.0,44177000.0,43220000.0,6479000.0,7951000.0,693000.0,16006000.0,86090095.0,77086095.0,7.884526146707121,6.670782528167927,0.0,0.0,0.023813296511759514,7.884526146707121,0.023813296511759514,7.670179526015681,20.458672766159694,1.94875376327048,0.0,8.997113997113997,0.0,0.21531614487415593,6.273653341565057,0.02018109269490485,-114.94004672897196,0.4444939415538133,-0.5128205128205129,1.111077948937919,0.46865666387136046,1.0202989389178203,-0.2666470674702337,-0.5136384650947757,-0.5392330383480826,0.042659420873730904,0.11833697472025506,0.3718698300917922,Restaurants,Consumer Cyclical,NATH
2010Q2,2010,Q2,2009-11-06,2009-09-27,2163000.0,14896000.0,3390000.0,0.39,6803000.0,0.4566997851772288,50225000.0,42745000.0,43032000.0,6083000.0,7480000.0,843000.0,14954000.0,78915200.0,70224200.0,7.886531365313653,7.074141048824593,0.0,0.0,0.050602409638554224,7.886531365313653,0.05060240963855422,5.297744360902255,9.121035598705502,1.8461855187741258,0.0,9.600237247924081,0.0,0.2965853658536585,6.707381226368568,0.04306620209059234,25.70527687296417,0.4566997851772288,0.4444444444444444,0.9049542977081146,0.44396751813625385,1.1397310681403212,0.1110566715662257,0.3838771593090211,0.3708046906591185,0.24938956303879745,0.20894268802486876,0.403524941334681,Restaurants,Consumer Cyclical,NATH
2010Q1,2010,Q1,2009-08-07,2009-06-28,1563000.0,14232000.0,2473000.0,0.27,6123000.0,0.43022765598650925,51447000.0,43580000.0,43911000.0,6828000.0,7867000.0,1002000.0,12791000.0,72058080.0,63047080.0,7.765502494654312,6.4310193321616875,0.0,0.0,0.03586507572280863,7.765502494654312,0.03586507572280863,5.063102866779089,11.525604606525913,1.6534667278568151,0.0,8.092814371257486,0.0,0.276634206076156,6.079818394844757,0.030380780220421014,-414.12689655172414,0.43022765598650925,0.700466053659151,0.5285819859699139,0.39420859019640075,1.2228564373937734,-0.13468061051441493,0.6557203389830508,1.3687739463601531,0.14376772960928988,0.18742692829548285,0.499280184611476,Restaurants,Consumer Cyclical,NATH
2009Q4,2009,Q4,2009-06-10,2009-03-29,944000.0,10034000.0,1044000.0,0.15878,7076000.0,0.7052023121387283,49824000.0,41849000.0,42198000.0,6895000.0,7975000.0,668000.0,11228000.0,73329856.0,64650856.0,7.069087837837838,6.1200870195794055,0.0,0.0,0.02119524958780377,7.069087837837838,0.022557289302014383,7.308137931034483,19.419983050847456,1.7522487036727281,0.0,4.42814371257485,0.0,0.2013888888888889,5.72994923857868,0.01894669235709698,86.98678054567023,0.7052023121387283,0.13414285714285706,15.505452821242297,0.567659719603598,1.4036202307078862,0.9584832549128148,0.10151691948658109,-0.17665615141955837,-0.9349104931790837,0.26813434705048617,0.6684740974931006,Restaurants,Consumer Cyclical,NATH
2009Q3,2009,Q3,2009-02-06,2008-12-28,857000.0,10620000.0,1268000.0,0.14,3613000.0,0.34020715630885123,50168000.0,41923000.0,42173000.0,7103000.0,8245000.0,592000.0,10284000.0,69992960.0,62457960.0,7.283356497567755,5.937350415317471,0.0,0.0,0.02044223934355843,7.283356497567755,0.02044223934355843,6.590674199623352,20.41801633605601,1.6695599074493714,0.0,11.83614864864865,0.0,0.2116887258810397,5.621568351400817,0.017082602455748684,163.15375291375292,0.34020715630885123,-0.5172413793103448,2.3207704013863357,0.4940005058660018,1.178824133907366,-0.27157258064516127,-0.5389994620763852,-0.5704607046070461,0.08166250011281298,0.08586059273876201,0.5220253370463606,Restaurants,Consumer Cyclical,NATH
2009Q2,2009,Q2,2008-11-07,2008-09-28,1859000.0,14525000.0,2952000.0,0.29,4960000.0,0.34148020654044753,52836000.0,44207000.0,44612000.0,7489000.0,8629000.0,666000.0,9427000.0,93051200.0,78358200.0,7.387533422459893,5.957003605287755,0.0,0.0,0.04205216368448436,7.387533422459893,0.042052163684484355,6.406278829604131,12.513609467455622,2.104897414436628,0.0,14.361861861861861,0.0,0.27490726020137785,5.68246761917479,0.03518434400787342,37.43008849557522,0.34148020654044753,-0.5084745762711864,0.9282078923859263,0.48369507288649477,1.245292893629049,0.033764068361817424,-0.5136054421768708,0.36983758700696057,-0.44364756037550146,0.1594907337291251,0.5827788224878465,Restaurants,Consumer Cyclical,NATH
2009Q1,2009,Q1,2008-08-08,2008-06-29,3822000.0,14042000.0,2155000.0,0.59,4798000.0,0.3416892180601054,54255000.0,44961000.0,46285000.0,8113000.0,9294000.0,990000.0,7568000.0,93708000.0,76339000.0,7.29294403892944,5.705041291753975,0.0,0.0,0.03013723004381575,7.29294403892944,0.085007006071929,6.673408346389404,6.129513343799057,2.0842063121371854,0.0,9.337373737373737,0.0,0.2588148557736614,5.382349315912733,0.07044512026541333,-551.2235294117647,0.3416892180601054,4.0818260120585705,3.4746487716819723,0.395303575582057,1.3131007908009624,-0.31102814474439977,4.082446808510638,1.2828389830508475,1.9309188797432317,0.11427609232814184,0.7832689557290714,Restaurants,Consumer Cyclical,NATH
2008Q4,2008,Q4,2008-06-12,2008-03-30,752000.0,10274000.0,944000.0,0.1161,6964000.0,0.6778275257932646,51202000.0,42608000.0,42782000.0,7132000.0,8594000.0,822000.0,3746000.0,90440000.0,76059000.0,6.595665634674923,5.998597868760516,0.0,0.0,0.01816560270371761,6.595665634674923,0.01764926774314683,8.80280319252482,30.06648936170213,2.1226060833646265,0.0,4.02676399026764,0.0,0.2006562243662357,5.576275939427931,0.01468692629194172,72.70096463022509,0.6778275257932646,-0.17071428571428582,1.327472871126122,0.8606473000767977,1.2424377455374056,0.8913633894622488,-0.14253135689851767,-0.2804878048780488,2.323704523485984,0.31216522338950975,0.9488036221576495,Restaurants,Consumer Cyclical,NATH
2008Q3,2008,Q3,2008-02-01,2007-12-23,877000.0,10280000.0,1312000.0,0.14,3682000.0,0.35817120622568094,49874000.0,41080000.0,40721000.0,7227000.0,8794000.0,798000.0,2994000.0,104903630.8,94760630.8,6.743269862114248,5.634564826345648,0.0,0.0,0.02134858812074002,6.743269862114248,0.02134858812074002,10.2046333463035,29.90411368301026,2.553642424537488,0.0,8.268170426065163,0.0,0.20611942094077074,5.25653798256538,0.017584312467417894,77.76399614529281,0.35817120622568094,-0.48148148148148145,8.98295011087848,0.20433265930174752,1.0716531777299718,-0.2872628726287263,-0.5056369785794814,-0.5347517730496454,0.6186347158692763,0.2371616942048409,0.7278680663587617,Restaurants,Consumer Cyclical,NATH
2008Q2,2008,Q2,2007-11-06,2007-09-23,1774000.0,14062000.0,2820000.0,0.27,5166000.0,0.367373062153321,48282000.0,39972000.0,39072000.0,6600000.0,8310000.0,1171000.0,2117000.0,104206570.0,96007570.0,6.5324399411668574,5.92,0.0,0.0,0.044381066746722715,6.5324399411668574,0.04438106674672271,7.410508462523112,14.685255073280722,2.60698914239968,0.0,7.596925704526046,0.0,0.29124725570606025,5.457424242424242,0.03674247131436146,100.68267632850241,0.367373062153321,-0.43749999999999994,15.090374244157545,0.30972990749439083,0.9173339346549838,0.20757363253856942,-0.43718274111675126,0.40298507462686567,0.38388655578728326,0.20740699410858288,0.7723463009798801,Restaurants,Consumer Cyclical,NATH
2008Q1,2008,Q1,2007-08-08,2007-06-24,3152000.0,12544000.0,2010000.0,0.48,4278000.0,0.34103954081632654,48702000.0,38855000.0,39295000.0,8056000.0,9847000.0,812000.0,343000.0,97131121.8,89345121.8,6.456463941508807,4.877730883813307,0.0,0.0,0.0328127619706527,6.456463941508807,0.08112212070518594,7.743233561862245,7.703927807741118,2.4998358460944536,0.0,10.179802955665025,0.0,0.2575664243768223,4.512040714995035,0.06472013469672704,385.4409595238095,0.34103954081632654,1.4851151954439554,1.2775170153315902,0.2135205159672164,0.9230474796956339,0.01278409090909091,1.537842190016103,0.18584070796460178,1.8746266463766592,0.14594386389544978,0.8481472956918431,Restaurants,Consumer Cyclical,NATH
2007Q4,2007,Q4,2007-06-22,2007-03-25,1242000.0,9868000.0,1695000.0,0.19315,4224000.0,0.42805026347790837,46575000.0,35879000.0,36821000.0,9446000.0,10696000.0,790000.0,-2654000.0,93475200.0,86543200.0,5.588629283489096,3.8980520855388523,0.0,0.0,0.03417040608712618,5.588629283489096,0.03461634939658296,9.472557762464533,18.81545893719807,2.6052900025084313,0.0,7.144303797468354,0.0,0.21187332259796027,3.545839508786788,0.02666666666666667,42.277340569877886,0.42805026347790837,0.13617647058823515,2.951161548731642,-0.4980700343803044,-0.017563965492053763,0.01783132530120482,0.1705937794533459,0.06203007518796992,19.024594195769794,0.42165272635726936,0.9002370200890774,Restaurants,Consumer Cyclical,NATH
2007Q3,2007,Q3,2007-02-05,2006-12-24,1061000.0,10554000.0,1596000.0,0.17,4150000.0,0.39321584233465984,43802000.0,33863000.0,34074000.0,8466000.0,9939000.0,528000.0,-3896000.0,,,,,,,,,,,,,,,,,,,,,,,,,,,,,,,Restaurants,Consumer Cyclical,NATH
2007Q2,2007,Q2,2006-11-06,2006-09-24,1844000.0,13124000.0,2621000.0,0.3,5361000.0,0.4084882657726303,42028000.0,32439000.0,31991000.0,8236000.0,9589000.0,628000.0,-4957000.0,,,,,,,,,,,,,,,,,,,,,,,,,,,,,,,Restaurants,Consumer Cyclical,NATH
2007Q1,2007,Q1,2006-08-07,2006-06-25,1396000.0,12244000.0,2305000.0,0.22,4781000.0,0.3904769683110095,39110000.0,29694000.0,28823000.0,8030000.0,9416000.0,1250000.0,-6801000.0,,,,,,,,,,,,,,,,,,,,,,,,,,,,,,,Restaurants,Consumer Cyclical,NATH
