Quarters,Year,Quarter,FillingDate,Date,NetIncome,Revenue,OperatingIncome,EPSDiluted,GrossProfit,GrossProfitRatio,TotalAssets,CommonStockEquity,CurrentAssets,CurrentLiability,TotalLiability,Inventory,RetainedEarnings,MarketCap,EnterpriseValue,bookValuePerShare,currentRatio,debtToAssets,debtToEquity,roic,shareholdersEquityPerShare,roe,priceToSalesRatio,peRatio,pbRatio,payoutRatio,inventoryTurnover,dividendYield,assetTurnover,quickRatio,returnOnAssets,priceToFreeCashFlowsRatio,grossProfitMargin,epsdilutedGrowth,fiveYNetIncomeGrowthPerShare,fiveYRevenueGrowthPerShare,fiveYShareholdersEquityGrowthPerShare,grossProfitGrowth,netIncomeGrowth,operatingIncomeGrowth,threeYNetIncomeGrowthPerShare,threeYRevenueGrowthPerShare,threeYShareholdersEquityGrowthPerShare,Industry,Sector,Symbol
2023Q1,2023,Q1,2023-05-09,2023-03-31,-38600000.0,552400000.0,27500000.0,-0.42,48100000.0,0.0870745836,1399100000.0,362400000.0,604600000.0,368900000.0,1036700000.0,434800000.0,-1999600000.0,923000000.0,1432900000.0,3.9263271939328277,1.6389265383572784,0.38617682796083197,1.4908940397350994,0.029602085503874064,3.9263271939328277,-0.1065121412803532,1.670890658942795,-5.977979274611399,2.5469094922737305,0.0,1.1598436062557498,0.0,0.39482524480022874,0.25670913526701,-0.027589164462868986,-63.6551724137931,0.08707458363504707,0.6612903225806452,-121.11484290357531,0.15351218762179572,-0.585806524339456,3.479381443298969,0.6596119929453262,1.901639344262295,-12.831627944304,0.2688639691167679,-0.4796363632855424,Aluminum,Basic Materials,CENX
2022Q4,2022,Q4,2023-02-27,2022-12-31,-113400000.0,529900000.0,-30500000.0,-1.24,-19400000.0,-0.0366106813,1472000000.0,399300000.0,677800000.0,410700000.0,1072700000.0,398800000.0,-1961000000.0,750106000.0,1244406000.0,4.354416575790622,1.6503530557584611,0.37269021739130437,1.3739043325820186,-0.027336039090369926,4.354416575790622,-0.28399699474079637,1.41556142668428,-1.6536728395061726,1.8785524668169293,0.0,1.377382146439318,0.0,0.3599864130434783,0.30679327976625276,-0.07703804347826088,-15.825021097046413,-0.03661068126061521,-3.883720930232558,-4.016361525694203,0.16324538162985905,-0.5416237860982396,0.5488372093023256,-3.559819413092551,0.4077669902912621,-22.00667938931298,0.18518901632963633,-0.42392681449169994,Aluminum,Basic Materials,CENX
2022Q3,2022,Q3,2022-11-07,2022-09-30,44300000.0,637200000.0,-51500000.0,0.43,-43000000.0,-0.067482737,1583600000.0,516600000.0,758600000.0,406100000.0,1067000000.0,383200000.0,-1847500000.0,482064000.0,928464000.0,5.658269441401972,1.8680128047278994,0.3228087900985097,0.9895470383275261,-0.03355604504477474,5.658269441401972,0.08575300038714673,0.7565348399246704,2.720451467268623,0.9331475029036005,0.0,1.7750521920668059,0.0,0.4023743369537762,0.3733070672248215,0.02797423591816115,-16.17664429530201,-0.0674827369742624,0.19444444444444448,1.038583434445089,0.5210694441959328,-0.360920184241066,-3.7044025157232703,0.18449197860962566,-4.961538461538462,3.083693868014879,0.41645306837311885,-0.27093073583532823,Aluminum,Basic Materials,CENX
2022Q2,2022,Q2,2022-08-09,2022-06-30,37400000.0,856600000.0,13000000.0,0.36,15900000.0,0.0185617558,1585000000.0,479000000.0,757000000.0,444800000.0,1106000000.0,415900000.0,-1891800000.0,672144000.0,1090644000.0,5.25219298245614,1.701888489208633,0.2829652996845426,0.9363256784968684,0.00643228217159773,5.25219298245614,0.07807933194154489,0.784664954471165,4.492941176470588,1.403223382045929,0.0,2.0213993748497234,0.0,0.5404416403785489,0.38039568345323743,0.02359621451104101,124.47111111111111,0.018561755778659816,1.0,4.018815795624245,1.1082867056221375,-0.38946031298254397,-0.8293991416309013,1.112994350282486,-0.8400984009840098,2.759216882786677,0.7629632101814461,-0.3425504132476666,Aluminum,Basic Materials,CENX
2022Q1,2022,Q1,2022-05-02,2022-03-31,17700000.0,753600000.0,81300000.0,0.18,93200000.0,0.1236730361,1688700000.0,439800000.0,728500000.0,574000000.0,1248900000.0,426500000.0,-1929200000.0,2399472000.0,2842872000.0,4.822368421052632,1.269163763066202,0.27832060164623673,1.0686675761709867,0.07957066423071904,4.822368421052632,0.04024556616643929,3.1840127388535033,33.89084745762712,5.455825375170532,0.0,1.5484173505275498,0.0,0.44626043702256174,0.30121951219512194,0.010481435423698704,210.48,0.12367303609341826,-0.7142857142857143,2.1185788013530753,0.9710803009064548,-0.43349130493073473,0.34293948126801155,-0.7074380165289256,0.6099009900990099,1.4941721174323093,0.4856820622986037,-0.41649408337489785,Aluminum,Basic Materials,CENX
2021Q4,2021,Q4,2022-02-25,2021-12-31,60500000.0,659100000.0,50500000.0,0.63,69400000.0,0.1052950994,1569900000.0,421000000.0,618200000.0,547400000.0,1148900000.0,425600000.0,-1946900000.0,1498680000.0,1943780000.0,4.651933701657459,1.1293386919985386,0.30199375756417607,1.126128266033254,0.04515819594836276,4.651933701657459,0.14370546318289787,2.2738279472007283,6.192892561983471,3.5598099762470303,0.0,1.3855733082706767,0.0,0.4198356583221861,0.2153818048958714,0.03853748646410599,-16.670522803114572,0.10529509937793961,2.086206896551724,1.3455517686222058,0.8661510014027565,-0.46463614883053717,0.27106227106227104,2.154580152671756,0.2531017369727047,1.9060858478538036,0.3177677243219873,-0.4622994501232982,Aluminum,Basic Materials,CENX
2021Q3,2021,Q3,2021-11-05,2021-09-30,-52400000.0,581400000.0,40300000.0,-0.58,54600000.0,0.09391124871001032,1489200000.0,320200000.0,554900000.0,515500000.0,1169000000.0,343300000.0,-2007300000.0,1211845000.0,1566345000.0,3.553829078801332,1.0764306498545102,0.27672575879666933,1.287008119925047,0.061353536198737436,3.553829078801332,-0.16364772017489068,2.0843567251461987,-5.781703244274809,3.784650218613366,0.0,1.5345179143606176,0.0,0.3904109589041096,0.28496605237633366,-0.0351866774106903,21.640089285714286,0.09391124871001032,-0.487179487179487,0.1309643557831328,0.6840600674642109,-0.6699250143295481,1.61244019138756,-0.4928774928774929,2.330578512396694,-1.509896083935201,0.17335309617237252,-0.6264607733565384,Aluminum,Basic Materials,CENX
2021Q2,2021,Q2,2021-08-05,2021-06-30,-35100000.0,528000000.0,12100000.0,-0.39,20900000.0,0.03958333333333333,1405400000.0,370400000.0,478000000.0,394400000.0,1035000000.0,331500000.0,-1954900000.0,1161389000.0,1562089000.0,4.110987791342953,1.2119675456389452,0.2915184289170343,1.1061015118790496,0.006340196766889279,4.110987791342953,-0.09476241900647948,2.1996003787878786,-8.272001424501426,3.1354994600431962,0.0,1.5297134238310708,0.0,0.3756937526682795,0.2578600405679513,-0.024975096058061762,-20.519240282685512,0.03958333333333333,0.7483870967741936,-2.564447280215887,0.5613737785488779,-0.6400945289392294,2.0096618357487923,0.7492857142857143,1.3279132791327912,-2.7590983066352393,0.09224681908990015,-0.5778607248747826,Aluminum,Basic Materials,CENX
2021Q1,2021,Q1,2021-05-07,2021-03-31,-140000000.0,444000000.0,-36900000.0,-1.55,-20700000.0,-0.046621621621621624,1363400000.0,408300000.0,440900000.0,364300000.0,955100000.0,303000000.0,-1919800000.0,1591166000.0,1881466000.0,4.531631520532741,1.2102662640680757,0.23221358368783923,0.7754102375704139,-0.04852771551599024,4.531631520532741,-0.3428851334802841,3.5837072072072074,-2.841367857142857,3.8970511878520697,0.0,1.5336633663366337,0.0,0.32565644711750036,0.28822399121603076,-0.10268446530731994,-27.81758741258741,-0.046621621621621624,-2.8749999999999996,-7.3675854122915245,0.3451948375023715,-0.6066881246095683,-16.25,-2.943661971830986,-1.7954545454545454,-452.71809100998894,-0.05020823946989592,-0.521952166186575,Aluminum,Basic Materials,CENX
2020Q4,2020,Q4,2021-03-04,2020-12-31,-35500000.0,389100000.0,-13200000.0,-0.4,-1200000.0,-0.0030840400925212026,1399600000.0,546100000.0,456000000.0,240300000.0,853500000.0,291100000.0,-1779800000.0,989391000.0,1223691000.0,6.088071348940914,1.8976279650436954,0.22570734495570163,0.5784654825123604,-0.014287955132738736,6.088071348940914,-0.0650064090825856,2.542767925983038,-6.967542253521127,1.8117396081303792,0.0,1.340776365510134,0.0,0.2780080022863675,0.5946733250104037,-0.025364389825664475,128.49233766233766,-0.0030840400925212026,0.3846153846153846,-0.09235845701345795,-0.017758285664281576,-0.480037424644129,0.955719557195572,0.3900343642611684,0.6517150395778364,-1.9653295123140846,-0.126796353072176,-0.35912721111561746,Aluminum,Basic Materials,CENX
2020Q3,2020,Q3,2020-11-05,2020-09-30,-58200000.0,392900000.0,-37900000.0,-0.65,-27100000.0,-0.06897429371341308,1405400000.0,592400000.0,443300000.0,201200000.0,813000000.0,267500000.0,-1744200000.0,637240000.0,881440000.0,6.618994413407822,2.2032803180914513,0.23167781414543903,0.5496286293045239,-0.0404677852740544,6.618994413407822,-0.09824442943956786,1.621888521252227,-2.7372852233676976,1.075692099932478,0.0,1.5700934579439252,0.0,0.27956453678668,0.7306163021868787,-0.04141169773729899,-15.851741293532339,-0.06897429371341308,-1.1666666666666667,-0.007161136625392428,-0.16065280314090022,-0.46303271118762446,-1.0846153846153845,-1.1635687732342008,-0.516,-3.7320930810178172,-0.04323992087897921,-0.25240998612077686,Aluminum,Basic Materials,CENX
2020Q2,2020,Q2,2020-08-06,2020-06-30,-26900000.0,401900000.0,-25000000.0,-0.3,-13000000.0,-0.0323463548146305,1524000000.0,648700000.0,531400000.0,249600000.0,875300000.0,275000000.0,-1686000000.0,638135000.0,841335000.0,7.24804469273743,2.12900641025641,0.24757217847769028,0.5816247880376136,-0.024687777622778104,7.24804469273743,-0.041467550485586556,1.587795471510326,-5.930622676579925,0.9837135810081702,0.0,1.5087272727272727,0.0,0.26371391076115486,0.8806089743589743,-0.017650918635170605,19.105838323353293,-0.0323463548146305,-9.000000000000002,0.22971258806871886,-0.25480390462871155,-0.436061953362908,-3.7083333333333335,-8.962962962962964,-4.681818181818182,-4.678355813667449,0.007955616937506328,-0.15745309569279567,Aluminum,Basic Materials,CENX
2020Q1,2020,Q1,2020-05-04,2020-03-31,-2700000.0,421200000.0,-4400000.0,-0.03,4800000.0,0.011396011396011397,1591100000.0,673800000.0,583800000.0,284900000.0,917300000.0,317600000.0,-1659100000.0,323266000.0,557766000.0,7.54535274356103,2.0491400491400493,0.24014832505813588,0.5670822202433957,-0.0020040823900538134,7.54535274356103,-0.004007123775601068,0.7674881291547958,-29.932037037037038,0.47976550905313153,0.0,1.3110831234256928,0.0,0.2647225190120043,0.7662337662337663,-0.0016969392244359249,11.303006993006994,0.011396011396011397,0.44187499999999996,-1.0363966130075797,-0.2874641043806779,-0.41162059466627565,-0.2835820895522388,0.4375,-0.5172413793103449,0.8257388957141981,0.12511047938988848,-0.11360817685949112,Aluminum,Basic Materials,CENX
2019Q4,2019,Q4,2020-02-27,2019-12-31,-4800000.0,435400000.0,-2900000.0,-0.05375139977603583,6700000.0,0.015388148828663299,1499700000.0,675000000.0,487300000.0,233700000.0,824700000.0,320600000.0,-1656400000.0,671089500.0,929189500.0,7.558790593505039,2.0851519041506204,0.19803960792158432,0.44,-0.0018515197948249817,7.558790593505039,-0.0071111111111111115,1.541317179604961,-34.952578125,0.9942066666666667,0.0,1.3371802869619462,0.0,0.2903247316129893,0.5952075310226786,-0.003200640128025605,279.620625,0.015388148828663299,0.7662982618433225,-1.0773120143038104,-0.21315910823039394,-0.38374714643616786,1.489051094890511,0.7681159420289855,0.8849206349206349,0.9722159147289781,0.24934106612810944,-0.13010298472642706,Aluminum,Basic Materials,CENX
2019Q3,2019,Q3,2019-11-08,2019-09-30,-20700000.0,438000000.0,-25200000.0,-0.23,-13700000.0,-0.03127853881278539,1491800000.0,689900000.0,474100000.0,212300000.0,801900000.0,322300000.0,-1651600000.0,589810144.045,864510144.045,7.760949088815192,2.233160621761658,0.19922241587344147,0.4307870705899406,-0.023499414361654203,7.760949088815192,-0.030004348456298013,1.3465985023858447,-7.123310918417874,0.8549212118350485,0.0,1.401489295687248,0.0,0.29360504089019973,0.6015073009891663,-0.01387585467220807,128.21959653152172,-0.03127853881278539,0.0,-1.4103650925127074,-0.12576298826021856,-0.3461428861408921,-2.341463414634146,0.0,-0.5460122699386503,0.6520393537408319,0.2859087206116076,-0.27917322345062995,Aluminum,Basic Materials,CENX
2019Q2,2019,Q2,2019-08-08,2019-06-30,-20700000.0,473100000.0,-16300000.0,-0.23,-4100000.0,-0.008666243923060663,1515300000.0,709400000.0,501600000.0,204600000.0,805900000.0,339200000.0,-1630900000.0,614496000.0,893596000.0,7.988738738738738,2.4516129032258065,0.20114828746782815,0.42965886664787145,-0.014319279196395343,7.988738738738738,-0.029179588384550325,1.2988712745719722,-7.421449275362319,0.866219340287567,0.0,1.4068396226415094,0.0,0.31221540289051675,0.6813294232649071,-0.013660661255196991,-36.57714285714286,-0.008666243923060663,0.41025641025641024,-2.01735005871975,0.03208808586254455,-0.29327139861244467,0.6796875,0.40173410404624277,0.4136690647482014,-1.132884066410078,0.4195076335631616,-0.3006082905422731,Aluminum,Basic Materials,CENX
2019Q1,2019,Q1,2019-05-08,2019-03-31,-34600000.0,490000000.0,-27800000.0,-0.39,-12800000.0,-0.026122448979591838,1530400000.0,728100000.0,483300000.0,229600000.0,802300000.0,327400000.0,-1610200000.0,802591000.0,1072291000.0,8.264472190692395,2.104965156794425,0.19073444851019342,0.4009064688916358,-0.024624492762400824,8.264472190692395,-0.04752094492514764,1.6379408163265305,-5.799067919075144,1.102308748798242,0.0,1.5357361026267562,0.0,0.3201777313120753,0.5962543554006968,-0.022608468374281234,-25.002834890965733,-0.026122448979591838,0.4714,-0.7331037515249872,0.17247281923942986,-0.2542088834464527,0.7841483979763912,0.4676923076923077,0.5935672514619883,-1.114935367228988,0.518263615283927,-0.28270534757619425,Aluminum,Basic Materials,CENX
2018Q4,2018,Q4,2019-02-28,2018-12-31,-65000000.0,486900000.0,-68400000.0,-0.7377979568671964,-59300000.0,-0.12179092216060793,1537500000.0,762200000.0,506700000.0,224300000.0,775300000.0,343800000.0,-1576800000.0,644011000.0,884811000.0,8.651532349602725,2.259028087382969,0.18191869918699188,0.3669640514300708,-0.06261348902932448,8.651532349602725,-0.08527945421149305,1.3226761141918257,-2.4769653846153843,0.8449370244030437,0.0,1.5887143688190808,0.0,0.3166829268292683,0.642443156486848,-0.04227642276422764,-14.703447488584475,-0.12179092216060793,-2.207817203770419,-5.762881034295653,0.22173315756393486,-0.2348989692064235,-4.02542372881356,-2.2019704433497536,-3.3846153846153846,-1.0364169984866645,0.2514498552260944,-0.2611004728029968,Aluminum,Basic Materials,CENX
2018Q3,2018,Q3,2018-11-02,2018-09-30,-20300000.0,481800000.0,-15600000.0,-0.23,-11800000.0,-0.024491490244914902,1613700000.0,833500000.0,590400000.0,230500000.0,780200000.0,390400000.0,-1511900000.0,1057432253.4200001,1254632253.42,9.513938096234847,2.5613882863340565,0.16768916155419222,0.3246550689862028,-0.015373691933926915,9.513938096234847,-0.024355128974205158,2.1947535355334167,-13.02256469729064,1.2686649711097782,0.0,1.264344262295082,0.0,0.2985685071574642,0.8039045553145336,-0.012579785585920555,-16.293255060400618,-0.024491490244914902,-2.15,-1.1597073130029043,0.21850506628501332,-0.12685527435916355,-1.3501483679525224,-2.0463917525773194,-1.7255813953488373,0.6411195795907438,0.05148761977648309,-0.22817980702392313,Aluminum,Basic Materials,CENX
2018Q2,2018,Q2,2018-08-08,2018-06-30,19400000.0,470000000.0,21500000.0,0.2,33700000.0,0.07170212765957447,1616900000.0,853100000.0,606900000.0,209800000.0,763800000.0,363000000.0,-1491600000.0,1379717183.25,1511917183.25,9.73846318877467,2.8927550047664443,0.15845135753602574,0.30031649279099754,0.017118766533612224,9.73846318877467,0.02274059313093424,2.935568475,17.779860608891752,1.6172983041261282,0.0,1.2019283746556473,0.0,0.29067969571402064,1.082936129647283,0.01199826829117447,-199.9590120652174,0.07170212765957447,59.39416058394161,1.5675108449559791,0.43202861033088896,-0.10950245058972398,1.3241379310344827,65.66666666666667,5.142857142857143,1.5675652155323685,-0.10964348128954661,-0.24229359217007732,Aluminum,Basic Materials,CENX
2018Q1,2018,Q1,2018-05-04,2018-03-31,-300000.0,454500000.0,3500000.0,-0.003425,14500000.0,0.0319031903190319,1580800000.0,830400000.0,568600000.0,197200000.0,750400000.0,330700000.0,-1511000000.0,1448904000.0,1574204000.0,9.479452054794521,2.883367139959432,0.16200657894736842,0.30840558766859344,0.001525904037590525,9.479452054794521,-0.000361271676300578,3.187907590759076,-1207.42,1.7448265895953756,0.0,1.3305110371938313,0.0,0.28751265182186236,1.1303245436105476,-0.00018977732793522267,-39.696,0.0319031903190319,-1.0092567567567567,-1.0367467039797897,0.43010290324453976,-0.1537850193775169,-0.6972354464211141,-1.0083787180561374,-0.9191368435644479,-1.0041225488858154,-0.21621016721312974,-0.2608013763638513,Aluminum,Basic Materials,CENX
2017Q4,2017,Q4,2018-02-28,2017-12-31,35805000.0,433847000.0,43283000.0,0.37,47892000.0,0.11038914640414708,1581641000.0,829643000.0,553674000.0,190517000.0,751998000.0,317469000.0,-1510672000.0,1715239760.0,1803996760.0,9.499656491171823,2.906165853965788,0.16183697817646356,0.30852788488542665,0.03664647787067206,9.499656491171823,0.04315711697682015,3.953559111852796,11.976258623097333,2.0674431773666506,0.0,1.215724999921252,0.0,0.2743018169104114,1.1581538655343093,0.022637880530411138,-239.6590414978343,0.11038914640414708,0.6818181818181818,6.251086159601231,0.38383769355555647,-0.14450761648250993,0.1567557122844307,0.7228022903334456,0.3329740383727018,-0.4103184545757037,-0.19831602407247784,-0.22551228954654673,Aluminum,Basic Materials,CENX
2017Q3,2017,Q3,2017-11-08,2017-09-30,20783000.0,400645000.0,32471000.0,0.22,41402000.0,0.10333836688340052,1563463000.0,773094000.0,510794000.0,195680000.0,790369000.0,261756000.0,-1546477000.0,1447732439.9999998,1529370439.9999998,8.853775853775854,2.6103536385936223,0.16364378306362223,0.330944231878659,0.027170681460618424,8.853775853775854,0.026882888756089168,3.6135043242771028,17.414863590434486,1.8726473624164717,0.0,1.3724346337810787,0.0,0.2562548650016022,1.1571392068683566,0.013292927303044587,33.80419922011814,0.10333836688340052,2.142857142857143,2.7513696525035902,0.33248508975745383,-0.22421129456431746,0.8433659839715049,1.9144580002804656,1.5116800742574257,-0.5805542159971284,-0.18589141180285973,-0.2540726320639839,Aluminum,Basic Materials,CENX
2017Q2,2017,Q2,2017-08-09,2017-06-30,7131000.0,388802000.0,12928000.0,0.07,22460000.0,0.05776719255559385,1525629000.0,750761000.0,457731000.0,175484000.0,774868000.0,254611000.0,-1567260000.0,1359697760.0,1484761760.0,8.602541479512329,2.6083916482414353,0.1676272540702884,0.34063703362321696,0.010732627408838956,8.602541479512329,0.009498362328357494,3.497147031136671,47.66855139531623,1.8110926912825787,0.0,1.4388302155052217,0.0,0.2548470171974969,1.0464828702331836,0.004674137683539052,293.1014787669756,0.05776719255559385,1.411764705882353,1.5886957616667114,0.21766327332374508,-0.254226458179588,0.3328585840602932,1.4710350749719268,1.4976816074188564,-0.6433940850022386,-0.13696115419684976,-0.23897096813131782,Aluminum,Basic Materials,CENX
2017Q1,2017,Q1,2017-05-09,2017-03-31,-15139000.0,365786000.0,5176000.0,-0.17,16851000.0,0.046067919493911744,1525807000.0,742744000.0,438394000.0,185544000.0,783063000.0,244720000.0,-1574391000.0,1107253260.0,1236982260.0,8.512434960001833,2.3627495364980815,0.1675336395756475,0.34416164923580667,0.005084146051069506,8.512434960001833,-0.02038252749264888,3.027052046825193,-18.284782019948477,1.490760288874767,0.0,1.4258540372670807,0.0,0.23973281024402168,0.9372925020480317,-0.009921962607328449,-54.30640345284222,0.046067919493911744,0.9119170984455959,-2.4979715464742536,0.14032038660373905,-0.2672450029337229,2.3322127743721572,0.9101351030487226,1.0324221392598532,0.23433954801844534,-0.11626033943131382,-0.23183256874419428,Aluminum,Basic Materials,CENX
2016Q4,2016,Q4,2017-03-14,2016-12-31,-168464000.0,339836000.0,-159644000.0,-1.93,5057000.0,0.014880707164632353,1540327000.0,756655000.0,440622000.0,179160000.0,783672000.0,233563000.0,-1559252000.0,745396240.0,868507240.0,8.689293629922254,2.4593770931011387,0.16588295861852712,0.3376889070976865,-0.16359719980455747,8.689293629922254,-0.22264308039991806,2.1933998752339363,-1.1061654715547535,0.9851203520759132,0.0,1.4333563107170229,0.0,0.22062588008909798,0.9013507479348069,-0.10936898463767758,54.116178306955135,0.014880707164632353,-1.8805970149253728,-4.518122579909255,0.08833027333645105,-0.25744771780352277,1.2871337724278902,-1.8909443481543768,-1.899823806150437,-16.733235226452276,-0.13728282354345375,-0.23155953830226889,Aluminum,Basic Materials,CENX
2016Q3,2016,Q3,2016-11-08,2016-09-30,-58273000.0,333650000.0,-55053000.0,-0.67,-17612000.0,-0.05278585343923273,1688716000.0,937524000.0,432452000.0,174900000.0,751192000.0,233288000.0,-1381729000.0,605178200.0,742990200.0,10.766732509531904,2.4725671812464265,0.15124212715459556,0.2724250259193365,-0.045489223636131906,10.766732509531904,-0.06215627546601474,1.8138114790948598,-2.596306179534261,0.6455068883569913,0.0,1.5057011076437707,0.0,0.19757614661079778,0.8179016580903373,-0.03450728245601984,-45.11541672879081,-0.05278585343923273,-5.090909090909092,-8.331765799851611,0.020234447673609893,-0.12540949812639166,-4.155141526334647,-5.124330005254861,-10.142076502732241,-5.237535782823987,-0.15101799523096482,-0.01187966455195532,Aluminum,Basic Materials,CENX
2016Q2,2016,Q2,2016-08-05,2016-06-30,-9515000.0,326754000.0,-4941000.0,-0.11,5582000.0,0.017083187964034106,1719588000.0,994435000.0,450348000.0,165265000.0,725153000.0,231832000.0,-1323456000.0,551089800.0,677004800.0,11.422409832299563,2.725005294526972,0.14846521376050542,0.25672768959258274,-0.003830150530428254,11.422409832299563,-0.009568247296203371,1.686558695532419,-14.479500788229114,0.5541737770693912,0.0,1.3853652645018806,0.0,0.19001877193839456,0.9572444256194597,-0.005533302163076272,114.78646115392627,0.017083187964034106,0.42105263157894735,-1.42423383689877,-0.045962147966080356,-0.09707624120091937,2.8289646133682833,0.4113097815999505,0.6355657176574716,0.7199264604360391,0.0017644179559144389,0.04447978770893057,Aluminum,Basic Materials,CENX
2016Q1,2016,Q1,2016-05-06,2016-03-31,-16163000.0,318854000.0,-13558000.0,-0.19,-3052000.0,-0.009571778933304898,1723605000.0,1002851000.0,435241000.0,158798000.0,720754000.0,220502000.0,-1313941000.0,613632000.0,742366000.0,11.521725643382354,2.7408468620511592,0.14805886499517001,0.2544695074343048,-0.009577006045399827,11.521725643382354,-0.01611705028962428,1.9244920872875988,-9.491307306811853,0.6118875087126602,0.0,1.459877914939547,0.0,0.18499250118211538,0.9736079799493697,-0.009377438566260832,55.44199494036863,-0.009571778933304898,0.4755756286512573,-1.6892617652453312,0.043580953280049274,-0.08349058226030424,0.8368001711138442,0.4868237236474473,0.5240469002316928,-2.9925275403975204,0.00974216994008493,0.028525360505524004,Aluminum,Basic Materials,CENX
2015Q4,2015,Q4,2016-03-07,2015-12-31,-31496000.0,383915000.0,-28486000.0,-0.36230200269172813,-18701000.0,-0.04871130328327885,1752468000.0,1017870000.0,448057000.0,167319000.0,734598000.0,231872000.0,-1297778000.0,384243860.0,523943860.0,11.708672195828973,2.677860852622834,0.14556214435869871,0.25061451855344985,-0.020506514576939645,11.708672195828973,-0.030943047736940867,1.000856595861063,-3.049941738633477,0.3774979712536964,0.0,1.7363717913331493,0.0,0.21907104723167556,0.8503816063925794,-0.01797236811171445,-48.247596685082875,-0.04871130328327885,0.4426123035511875,-1.515952905640878,0.29573086866415715,-0.05718352046637689,0.5591778044928458,0.4386940404904477,0.4869790728667651,-3.640444177478131,0.23021869579842888,0.05442548306281883,Aluminum,Basic Materials,CENX
2015Q3,2015,Q3,2015-11-04,2015-09-30,-56112000.0,454540000.0,-55526000.0,-0.65,-42423000.0,-0.09333171998063977,1906701000.0,1071270000.0,543455000.0,232108000.0,835431000.0,298859000.0,-1254698000.0,399772199.99999994,531789199.99999994,12.326625012944872,2.3413884915642718,0.13373517924415,0.23802869491351386,-0.04033246006282757,12.326625012944872,-0.052378952084908566,0.8795093941127292,-1.7811350513259194,0.373175950040606,0.0,1.6628677737662243,0.0,0.2383908121934168,0.692289796129388,-0.02942884070444186,-4.2532124732692855,-0.09333171998063977,-0.6666666666666666,-2.566856400314189,0.7373762606018528,0.036956971757640414,-6.085471110045552,-0.6553677316576688,-0.5809914296289969,-3.750883186321113,0.518881035970068,0.08008793300378741,Aluminum,Basic Materials,CENX
2015Q2,2015,Q2,2015-08-07,2015-06-30,-33897000.0,523491000.0,-35121000.0,-0.39,8342000.0,0.01593532649080882,1989238000.0,1116540000.0,599547000.0,267720000.0,872698000.0,318422000.0,-1212566000.0,906085390.0,993571390.0,12.852554878961243,2.239455401165397,0.12813650252006045,0.2282891790710588,-0.029978193055253365,12.852554878961243,-0.03035896609167607,1.7308518962121602,-6.682637032775761,0.8115118043240725,0.0,1.617818492440849,0.0,0.2631615724211985,0.8573322874645152,-0.017040193280039896,-36.847718178121184,0.01593532649080882,-1.513157894736842,-8.026761255487878,0.9400019928352136,0.10470194859420683,-0.9113449173707423,-1.4594396779571424,-1.438765694296958,-1.8112006555824607,0.6470168637607535,0.11421669937330123,Aluminum,Basic Materials,CENX
2015Q1,2015,Q1,2015-05-01,2015-03-31,73779000.0,587911000.0,80045000.0,0.76,94095000.0,0.16004973541913656,2083048000.0,1138947000.0,672674000.0,315373000.0,944101000.0,297814000.0,-1178669000.0,1225633200.0,1254000200.0,12.823957934559866,2.1329473353774735,0.12231979291883817,0.2237136583177268,0.0509622819374074,12.823957934559866,0.06477825570461136,2.084725749305592,4.1530557475704475,1.0761108286864973,0.0,1.6581356148468507,0.0,0.28223593503366223,0.9986809270292638,0.03541877095486998,11.817546498510312,0.16004973541913656,0.20634920634920637,11.141905576057429,1.1466900790647703,0.10250262592847599,0.045546468731943644,0.1928891332115313,0.19736428774438677,17.74772277085162,0.8005919767938839,0.10389322242932611,Aluminum,Basic Materials,CENX
2014Q4,2014,Q4,2015-03-02,2014-12-31,61849000.0,551239000.0,66851000.0,0.63,89996000.0,0.16326130770863456,2014035000.0,1091147000.0,599240000.0,296324000.0,922888000.0,283480000.0,-1252448000.0,2170599600.0,2262060600.0,12.265729156128105,2.0222459200064793,0.1264640386090609,0.23342684349588094,0.04192820169658421,12.265729156128105,0.05668255514609855,3.937674221163597,8.77378615660722,1.9892824706478593,0.0,1.6270742204035558,0.0,0.2736988185408893,0.9485461859316154,0.030708999595339705,26.1351137225627,0.16326130770863456,0.2115384615384615,3.6420979327278453,1.2330979441612535,0.06318379496657027,0.18863090049396414,0.22704096815792085,0.07562227478238484,2.9830810214524885,0.7280440279758482,0.048180158893800264,Aluminum,Basic Materials,CENX
2014Q3,2014,Q3,2014-11-05,2014-09-30,50405000.0,500632000.0,62151000.0,0.52,75714000.0,0.15123683663848894,1839481000.0,1054331000.0,522120000.0,217329000.0,785150000.0,241750000.0,-1314297000.0,2306837190.0,2428038190.0,11.869487880937102,2.402440539458609,0.13841458541838703,0.24149057554031894,0.04207253364099703,11.869487880937102,0.04780756707333845,4.607850057527285,11.44150972125781,2.1879629736771466,0.0,1.757675284384695,0.0,0.27215937538903634,1.0879265997634922,0.02740175081993236,31.20510233344606,0.15123683663848894,1.4761904761904765,0.049096547204736544,0.8289220060486749,-0.11522126083685938,0.966393102015375,1.4776346834447502,1.3893203137013685,8.912679020950156,0.5006552636350292,-0.03583177592819981,Aluminum,Basic Materials,CENX
2014Q2,2014,Q2,2014-08-08,2014-06-30,20344000.0,458324000.0,26012000.0,0.21,38504000.0,0.08401043803073809,1776480000.0,1003633000.0,453344000.0,209783000.0,772847000.0,243648000.0,-1364702000.0,1392180160.0,1585316160.0,11.303828263146633,2.1610140001811398,0.14327208862469604,0.2535986760100555,0.01905615687517814,11.303828263146633,0.02027035779014839,3.037545840933488,17.10799449469131,1.387140677917127,0.0,1.7230594956658787,0.0,0.2579955867783482,0.7995452443715649,0.011451859857696119,128.79823850494958,0.08401043803073809,1.9130434782608694,1.1585554437088317,1.0233925122683198,-0.10442206950644267,22.902161547212742,2.0119379228014327,2.8274553885063933,-0.11058972926972116,0.31215933234860965,-0.10644993009107727,Aluminum,Basic Materials,CENX
2014Q1,2014,Q1,2014-05-09,2014-03-31,-20104000.0,420847000.0,-14234000.0,-0.23,-1758000.0,-0.004177290084044796,1786855000.0,983116000.0,456194000.0,242242000.0,803739000.0,252099000.0,-1385046000.0,1171951570.0,1373883570.0,11.08148381933564,1.883215957596123,0.14238984136933328,0.2587995719731954,-0.010894010138390047,11.08148381933564,-0.02044926539696231,2.7847449785789133,-14.573611843414247,1.1920786255131643,0.0,1.6763454039881158,0.0,0.23552386735353456,0.6367516780739921,-0.011251052827453822,-44.790811007070516,-0.004177290084044796,-1.090909090909091,0.8722719254337976,0.3646430616655574,-0.29036748061797923,-1.1150147203140333,-1.0779328165374678,-0.6491715907774301,-1.8411176095564625,0.3513583982238644,-0.1185101435925481,Aluminum,Basic Materials,CENX
2013Q4,2013,Q4,2014-03-14,2013-12-31,-9675000.0,401174000.0,-8631000.0,-0.11,15285000.0,0.03810067452028297,1810196000.0,1002812000.0,471061000.0,247763000.0,807384000.0,239615000.0,-1364942000.0,927634640.0000001,1106492640.0,11.307699246763791,1.9012564426488217,0.14525830352072372,0.2622086692221473,-0.005904229420454621,11.307699246763791,-0.009647870189028452,2.3122999995014637,-23.969887338501294,0.9250334459499887,0.0,1.6104542703920872,0.0,0.22161909539077537,0.8110331243971053,-0.005344725101591209,-19.74825197453857,0.03810067452028297,0.0,0.9899330093801976,-0.27333558018583254,-0.23861035275495843,0.23725109276347742,-0.017671189649731776,-1.0346534653465347,-1.1553620804709452,0.32724744185137966,-0.08947103333743679,Aluminum,Basic Materials,CENX
2013Q3,2013,Q3,2013-11-08,2013-09-30,-9507000.0,399928000.0,-4242000.0,-0.11,12354000.0,0.030890560300854155,1859631000.0,965521000.0,512209000.0,278088000.0,894110000.0,231505000.0,-1355267000.0,711546330.0,844330330.0,10.896175418401779,1.8418953712493886,0.1471178959696843,0.28335478979742545,-0.003958565285647546,10.896175418401779,-0.009846497383278044,1.779186078494129,-18.711116282739034,0.7369558300648044,0.0,1.6741495864020215,0.0,0.21505771843984103,0.7803393170507178,-0.005112304537835732,-893.9024246231156,0.030890560300854155,0.717948717948718,-1.1384750722471237,-0.6099973709995734,-0.6980606712056582,3.1681291681291683,0.7250166314754288,0.8222873900293255,0.40729240634724817,0.49923843524595246,-0.08337723799171431,Aluminum,Basic Materials,CENX
2013Q2,2013,Q2,2013-08-09,2013-06-30,-34573000.0,331937000.0,-23870000.0,-0.39,-5698000.0,-0.017165907988564096,1851175000.0,968895000.0,523306000.0,278219000.0,882280000.0,224707000.0,-1350949000.0,846101350.0000001,975346350.0000001,10.935979773581499,1.8809139562718578,0.13870973840938863,0.26501942934992956,-0.021162142620686126,10.935979773581499,-0.03568291713756393,2.548981734485761,-6.11822339687039,0.8732642339985242,0.0,1.5025566626762852,0.0,0.17931151835996056,0.8502726269593378,-0.018676246167974395,-83.3926029962547,-0.017165907988564096,-5.333333333333333,-5.858238623930542,-0.7172652780048039,0.30942012713126416,-1.3240814469343647,-5.189143341815098,-128.64705882352942,-8.027434456824922,0.20618639053097473,-0.060031388355471185,Aluminum,Basic Materials,CENX
2013Q1,2013,Q1,2013-05-10,2013-03-31,8253000.0,321274000.0,187000.0,0.09,17582000.0,0.05472587261963308,1791115000.0,992009000.0,509306000.0,201490000.0,799106000.0,156815000.0,-1316376000.0,665048050.0,728253050.0,11.202179436508384,2.5276986450940493,0.14442177079640336,0.2607597310105049,0.000111190641008715,11.202179436508384,0.008319480972450855,2.0700338340481954,20.14564552284018,0.6704052584200345,0.0,1.9366259605267353,0.0,0.1793709504973159,1.445947689711648,0.00460774433802408,51.606118569100644,0.05472587261963308,2.1249999999999996,1.0164297364142827,-0.6839774857270848,0.34845277595070095,0.0628060206733966,2.1945288753799392,-0.9293005671077504,0.3621792945506454,0.17652642638380972,-0.036925081328539854,Aluminum,Basic Materials,CENX
2012Q4,2012,Q4,2013-03-18,2012-12-31,-6909000.0,317667000.0,2645000.0,-0.08,16543000.0,0.0520765455650099,1776326000.0,982643000.0,487397000.0,181704000.0,793683000.0,159925000.0,-1324629000.0,775331507.1999999,849752507.1999999,11.104314514306378,2.682368027121032,0.14546710457427298,0.2629612178583677,0.002683455039680286,11.104314514306378,-0.007031037721736175,2.4407052265422595,-28.055127630626714,0.7890266426362371,0.0,1.8829076129435673,0.0,0.17883372759279548,1.5989301281204598,-0.003889488753753534,84.7634751503225,0.0520765455650099,0.4285714285714286,0.9714683310565391,-0.6590732916015934,-0.18795826888772402,4.0901538461538465,0.4253514097978874,1.1985735735735736,0.7033001659505034,0.2936768862763294,-0.03748671639922524,Aluminum,Basic Materials,CENX
2012Q3,2012,Q3,2012-11-09,2012-09-30,-12023000.0,304635000.0,-13320000.0,-0.14,3250000.0,0.010668504932131895,1783439000.0,1009651000.0,465678000.0,198876000.0,773788000.0,159968000.0,-1317720000.0,652884993.2,737627993.2,11.412612470045666,2.341549508236288,0.14473048980088468,0.2556507149500174,-0.011530914555694018,11.412612470045666,-0.011908075166567457,2.1431713138674153,-13.575750503202197,0.646644229738791,0.0,1.8840330566113224,0.0,0.17081324340221338,1.294560429614433,-0.006741469711047028,29.15836689741414,0.010668504932131895,0.0,-1.74513364606714,-0.689607568846152,-0.26406121308798125,-0.45442336746684575,0.020689093426732915,-1.658152065455997,-1.2512542815321472,0.11741671536301658,-0.1492777975685227,Aluminum,Basic Materials,CENX
2012Q2,2012,Q2,2012-08-09,2012-06-30,-12277000.0,323619000.0,-5011000.0,-0.14,5957000.0,0.0184074482647805,1779101000.0,1020299000.0,464788000.0,182053000.0,758802000.0,158538000.0,-1305697000.0,648353160.0,749692160.0,11.53505856283634,2.5530367530334575,0.14493331182434274,0.25272101609430175,-0.005362405013275026,11.53505856283634,-0.012032747263302229,2.0034459039796797,-13.202597540115663,0.63545407767723,0.0,2.003696274710164,0.0,0.18190029683531175,1.4452879106633783,-0.006900676240415806,-23.247630248485066,0.0184074482647805,-2.5,0.9216972231175918,-0.7301425196124607,-0.3433142299696739,-0.7107128982128982,-1.789593274255851,-1.595696623870661,0.9039541087885817,0.4341126784814346,-0.08610219163474297,Aluminum,Basic Materials,CENX
2012Q1,2012,Q1,2012-05-10,2012-03-31,-4401000.0,326190000.0,8412000.0,-0.04,20592000.0,0.06312885128299457,1797426000.0,1030744000.0,486445000.0,189450000.0,766682000.0,170302000.0,-1293420000.0,787895760.0000001,862934760.0000001,11.617027511355055,2.567669569807337,0.143307151448794,0.24990104235387253,0.014822692566976875,11.617027511355055,-0.004269731378499414,2.4154503816793897,-44.75663258350375,0.7643951941510211,0.0,1.7944475108924147,0.0,0.18147617760063559,1.437281604645025,-0.0024485013569404248,394.1449524762382,0.06312885128299457,0.8859073520429486,-1.0250968635562288,-0.7330316875120377,0.7086368340668806,2.51056338028169,0.8585205902208506,1.309583394670985,0.9720419866188834,0.05758803427655742,-0.2560725048184594,Aluminum,Basic Materials,CENX
2011Q4,2011,Q4,2012-02-29,2011-12-31,-31107000.0,318164000.0,-27172000.0,-0.35059226616475253,-13632000.0,-0.04284582793779309,1811094000.0,1038277000.0,488320000.0,193365000.0,772817000.0,171961000.0,-1289019000.0,755066770.0,828992770.0,11.701928387074961,2.5253794637085303,0.142083735024245,0.24784041252960434,-0.022532369196973916,11.701928387074961,-0.029960212929690245,2.373199890622446,-6.068302713215675,0.7272305656390347,0.0,1.9294840109094504,0.0,0.17567503398498366,1.4258681767641508,-0.017175806446269492,-32.45923695297051,-0.04284582793779309,-4.00846094521075,0.9043253327360478,-0.7253093437176332,1.9327444916123109,-2.2038149063935006,-3.7131818181818184,-39.002797202797204,0.9676483604526269,-0.42397460416897864,-0.21206543150042978,Aluminum,Basic Materials,CENX
2011Q3,2011,Q3,2011-11-09,2011-09-30,-6600000.0,345646000.0,715000.0,-0.07,11324000.0,0.03276184304172477,1863670000.0,1132969000.0,526019000.0,213005000.0,730701000.0,165714000.0,-1257912000.0,822766080.0,863442080.0,12.310598487482615,2.469514800122063,0.13793804697183515,0.22690029471238843,0.0018214166363069233,12.310598487482615,-0.005825402107206817,2.3803720569600113,-31.165381818181817,0.7262035236621655,0.0,2.0174638232134883,0.0,0.18546523794448588,1.4826600314546607,-0.003541399496692011,34.695373197267436,0.03276184304172477,-1.2916666666666667,-1.0133740263970055,-0.6804740483861417,0.26602602152983185,-0.7712970069071374,-1.2751605102976737,-0.9802278635031249,-1.0925594615956078,-0.6754616406170374,-0.6588661891318608,Aluminum,Basic Materials,CENX
2011Q2,2011,Q2,2011-08-09,2011-06-30,23986000.0,366277000.0,36162000.0,0.24,49514000.0,0.13518184324978091,1899842000.0,1177822000.0,558042000.0,200092000.0,722020000.0,187388000.0,-1251312000.0,1457093250.0,1481518250.0,12.650469899575748,2.788927093536973,0.13518282046612298,0.21805162409939702,0.021831995463856373,12.650469899575748,0.02036470706099903,3.9781183366686963,15.186913720503627,1.237108196314893,0.0,1.6904124063440562,0.0,0.1927934007143752,1.6217689862663176,0.01262526041639252,-87.09463538553497,0.13518184324978091,-0.040000000000000036,-0.817644460203522,-0.6858508433437874,2.4412598482441616,0.1701011437754041,-0.04232212728579414,-0.03801441834481658,5.527717969457577,-0.7031212298216288,0.5147046946985888,Aluminum,Basic Materials,CENX
2011Q1,2011,Q1,2011-05-10,2011-03-31,25046000.0,326337000.0,37591000.0,0.25,42316000.0,0.1296696359897897,1921181000.0,1168692000.0,582274000.0,242197000.0,752489000.0,163971000.0,-1275298000.0,1736586200.0,1745747200.0,12.571311784004733,2.404133824944157,0.15753226791228936,0.2589630116403638,0.022588190014110797,12.571311784004733,0.021430796137904596,5.321450525070709,17.33396749980037,1.4859228949971421,0.0,1.7321416591958334,0.0,0.16986270424285896,1.5240073163581713,0.013036772693463032,-256.96747558449243,0.1296696359897897,-0.6439759497549019,1.0613973110156532,-0.673570269491759,4.9932652434811695,0.028710343989303513,-0.6163296568627451,-0.5278995290423862,1.0474953115603014,-0.6942247189267907,0.5132609121789489,Aluminum,Basic Materials,CENX
2010Q4,2010,Q4,2011-03-16,2010-12-31,65280000.0,316851000.0,79625000.0,0.7021997525950626,41135000.0,0.12982442851687387,1923056000.0,1154516000.0,577078000.0,254860000.0,768540000.0,155908000.0,-1300344000.0,1443746450.0,1441278450.0,12.418824288710805,2.264294122263203,0.15695226764067194,0.26143249638809685,0.052397084171011785,12.418824288710805,0.0565431748022548,4.556546925842115,5.5290535003063725,1.250520954235368,0.0,1.7684531903430227,0.0,0.16476431263572147,1.5663697716393314,0.03394596933214633,59.37678182192062,0.12982442851687387,4.9011097366392375,1.1523972515301868,-0.6245435773344928,0.7228979296367599,1.6085991502314667,4.888723416929767,424.80213903743316,1.2566118255656693,-0.6763105512789572,-0.09183015657641169,Aluminum,Basic Materials,CENX
2010Q3,2010,Q3,2010-11-09,2010-09-30,-16787000.0,279178000.0,187000.0,-0.18,15769000.0,0.05648367708057225,1876503000.0,1102405000.0,526564000.0,216837000.0,774098000.0,139522000.0,-1365624000.0,1221359460.0,1257133460.0,11.887306174383747,2.4283862993861747,0.1604138122880699,0.27305482105033996,0.0001291491861047416,11.887306174383747,-0.015227615985050865,4.374841355694216,-18.189066837433728,1.1079044997074579,0.0,1.887938819684351,0.0,0.14877567475245176,1.5634416635537294,-0.008945895636724268,47.27721065262832,0.05648367708057225,-4.6,0.7099389588621418,-0.6425131075696188,-0.12933082557780498,-0.2671035508458821,-4.2621453556160125,-0.9683480027081923,-1.9924825990613737,-0.7286430187408526,-0.2334507363157035,Aluminum,Basic Materials,CENX
2010Q2,2010,Q2,2010-08-09,2010-06-30,5146000.0,287853000.0,5908000.0,0.05,21516000.0,0.07474648518514658,1876280000.0,1078184000.0,512590000.0,203268000.0,798096000.0,135636000.0,-1348837000.0,818293760.0,862255760.0,11.63440953038674,2.521744691737017,0.16001129895324792,0.2784552543907162,0.002154585529304598,11.63440953038674,0.004772840257321571,2.8427487641261338,39.753874854255734,0.7589555771556618,0.0,1.9636158541980004,0.0,0.15341686741850896,1.6095942302772694,0.0027426610100837827,16.895027460048727,0.07474648518514658,-0.1666666666666666,-0.956197040383806,-0.6475569275036545,-0.20689847181283144,-0.3667294560866494,-0.18730259001895136,-0.6577056778679027,1.0313266396426712,-0.7708972348215433,-0.3376582234332797,Aluminum,Basic Materials,CENX
2010Q1,2010,Q1,2010-05-10,2010-03-31,6332000.0,285389000.0,17260000.0,0.06,33976000.0,0.11905154017849322,1875853000.0,1076512000.0,509366000.0,215518000.0,799341000.0,140670000.0,-1353983000.0,1273488000.0,1359193000.0,11.631680172879525,2.3634499206562793,0.1596308452741233,0.27816132100710445,0.006896036826607343,11.631680172879525,0.005881959513688654,4.462288315246909,50.27984838913456,1.1829761303171724,0.0,1.7872538565436837,0.0,0.15213825390369073,1.320794550803181,0.0033755310250856542,61.5627960939766,0.11905154017849322,1.2280118255728012,-0.6204800013162656,-0.6536335631810639,-0.015397690827764618,1.380105078809107,1.2599983575593332,3.526716439759918,-0.9653830850005599,-0.7760734042552383,0.7107919531085937,Aluminum,Basic Materials,CENX
2009Q4,2009,Q4,2010-03-16,2009-12-31,-24354000.0,256814000.0,-6831000.0,-0.2631442463533225,14275000.0,0.05558497589695266,1861750000.0,1067730000.0,489468000.0,212658000.0,794020000.0,131473000.0,-1360315000.0,1498384500.0,1591013500.0,11.53679092382496,2.301667466072285,0.15623096548945883,0.2724125012877787,-0.004301889000848628,11.53679092382496,-0.022809137141412156,5.834512526575654,-15.381297733431882,1.4033365176589587,0.0,1.8447818183201115,0.0,0.1379422586276353,1.2000253928843496,-0.013081240768094535,177.95540380047507,0.05558497589695266,-1.5847649918962723,-1.4030009127340177,-0.6938987831953654,-0.03391200849216015,7.069302721088436,-1.6066962283892183,-1.1632180063079423,0.9281894079190935,-0.7874354103586809,1.8913576389769624,Aluminum,Basic Materials,CENX
2009Q3,2009,Q3,2009-11-09,2009-09-30,40142000.0,228699000.0,41852000.0,0.45,-2352000.0,-0.010284260097333176,1878670000.0,995596000.0,486304000.0,322973000.0,883074000.0,130623000.0,-1335961000.0,693900900.0,892855900.0,13.415204678362572,1.5057110037061923,0.21041055640426473,0.39704056665555104,0.03608809223931136,13.415204678362572,0.04031956737471826,3.034123017590807,4.321539160978526,0.6969703574542284,0.0,1.768838565949335,0.0,0.12173452495648518,0.7958869626872834,0.021367243848041433,-33.52016327713637,-0.010284260097333176,1.9782608695652173,2.0701967557338645,-0.6432827234704096,0.10314304636902905,0.5500286971494165,1.3746476770014746,2.630766832917706,-0.8991280846560966,-0.7378246313557851,0.3796240876692584,Aluminum,Basic Materials,CENX
2009Q2,2009,Q2,2009-08-10,2009-06-30,-107146000.0,189153000.0,-25664000.0,-0.46,-5227000.0,-0.027633714506246267,1868157000.0,935820000.0,426301000.0,368218000.0,932337000.0,126832000.0,-1376103000.0,463393750.0,640066750.0,12.621825391473234,1.1577407948552216,0.217703330073436,0.4345963967429634,-0.020489108819093035,12.621825391473234,-0.11449424034536557,2.4498355828350595,-1.0812203675358856,0.4951740185078327,0.0,1.5325785290778353,0.0,0.10125112610985051,0.7568967296547154,-0.05735385195141522,-19.064994240105325,-0.027633714506246267,0.7401129943502825,-3.341297432089834,-0.7133871893300303,-0.08715164050625263,0.9277649562609693,0.0652393914014517,0.7597296209262917,-2.0229159354338693,-0.7962759350167885,2.4334677902108712,Aluminum,Basic Materials,CENX
2009Q1,2009,Q1,2009-05-11,2009-03-31,-114624000.0,224587000.0,-106813000.0,-1.77,-72361000.0,-0.32219585283208735,1978029000.0,1008906000.0,451342000.0,381857000.0,969123000.0,112753000.0,-1268957000.0,136322880.0,273521880.0,15.615806092124814,1.1819660239304242,0.2045930570279809,0.4011186374151804,-0.07293455410756512,15.615806092124814,-0.1136121700138566,0.6069936372096337,-0.2973262144053601,0.13511950568239262,0.0,2.6336150701089993,0.0,0.11354080248570673,0.8227346886399882,-0.057948594282490294,2.3085617517061525,-0.32219585283208735,0.8366695231892504,-8.8339617384844,-0.6825554874020467,0.8014511131813628,-0.1563328965451117,0.8362869776848456,0.3393350858203185,0.5956851330447783,-0.676748030203686,6.44470183453354,Aluminum,Basic Materials,CENX
2008Q4,2008,Q4,2009-03-02,2008-12-31,-700152000.0,402198000.0,-161675000.0,-10.836924219910847,-62578000.0,-0.15559003276992925,2036099000.0,959519000.0,514134000.0,426762000.0,1076580000.0,138111000.0,-1143778000.0,646080000.0,974495000.0,14.851396111936602,1.2047323801088194,0.22484908641475684,0.47712968685351725,-0.4457471331706569,14.851396111936602,-0.7296906053970792,1.6063729804723046,-0.23069276385699106,0.6733373700781329,0.0,3.365235209360587,0.0,0.19753361698031383,0.6712570472535043,-0.3438693305188009,-0.750733792084109,-0.15559003276992925,-20.01214775422956,-35.720800773942514,-0.3589232790097455,0.6770398066697723,-1.513005910659682,-19.936845806399266,-2.4600830849814863,-1.3519197494045638,-0.31423148991263,1.0603753639328786,Aluminum,Basic Materials,CENX
2008Q3,2008,Q3,2008-11-10,2008-09-30,36973000.0,552239000.0,110730000.0,0.57,121983000.0,0.22088805752581764,2794817000.0,1722086000.0,626069000.0,491872000.0,1072731000.0,211255000.0,-443626000.0,1321366800.0,1617311800.0,36.087300922045266,1.272829110012361,0.15206720153770353,0.24679371413506643,0.07160073595764233,36.087300922045266,0.021469891747566614,2.3927444457924922,8.934673951261733,0.7673059301335705,0.0,2.0366665877730705,0.0,0.19759397484701144,0.6315809804176696,0.01322913092342003,-6.632435199871504,0.22088805752581764,10.499999999999998,4.041705731417869,0.2101577559270843,2.98018923358683,-0.219178871364195,16.793677915420762,-0.22225421955005514,2.2415330710094836,0.374242247037972,1.64316406425456,Aluminum,Basic Materials,CENX
2008Q2,2008,Q2,2008-08-11,2008-06-30,-2341000.0,545197000.0,142373000.0,-0.06,156224000.0,0.2865459641193917,2963617000.0,343617000.0,891298000.0,732724000.0,2620000000.0,205348000.0,-480599000.0,2735598070.0,2808954070.0,8.351773084121236,1.2164170956594844,0.14340584495229985,1.236842181847813,0.022534925324119857,8.351773084121236,-0.006812817759307601,5.017632287044866,-292.13990495514736,7.96118373072345,0.0,1.8942137249936692,0.0,0.18396337988343298,0.6978917027420967,-0.0007899131365490211,9.121183760840498,0.2865459641193917,0.9894179894179895,0.7605623716132174,0.42329881211158243,-0.1182316771688985,0.6274180946924319,0.9899439852918435,0.8459075056074887,-1.0448835983402012,0.5035720921791723,-0.430671236147484,Aluminum,Basic Materials,CENX
2008Q1,2008,Q1,2008-05-12,2008-03-31,-232796000.0,471142000.0,77129000.0,-5.67,95995000.0,0.20374961264332198,2808177000.0,340937000.0,840006000.0,681433000.0,2467240000.0,187939000.0,-478258000.0,2718489600.0,3037939600.0,8.307431773879141,1.232705196255538,0.1513437365237305,1.2465646145768867,0.15939011873104708,8.307431773879141,-0.6828123670942139,5.77000055185061,-2.919390367532088,7.973583389306529,0.0,1.9961104400896035,0.0,0.16777503697238458,0.6847511053911389,-0.08289933291241969,54.4405647341544,0.20374961264332198,-1.072044379936422,-7.7927155120601235,0.35124511909661804,-0.1530944727058215,0.6019725314153164,-1.0729277045136818,0.8910191972932552,-32.465768594160416,0.28949441171129353,-0.2967897684357246,Aluminum,Basic Materials,CENX
2007Q4,2007,Q4,2008-02-29,2007-12-31,-112303000.0,432130000.0,40787000.0,-2.7364278752436646,59923000.0,0.13866891907527829,2578271000.0,561204000.0,747198000.0,551530000.0,2017067000.0,175101000.0,-245462000.0,2213697600.0,2585550600.0,13.674561403508772,1.3547730857795586,0.16787025103257183,0.7712257931162286,0.02504190775707339,13.674561403508772,-0.20011083313732617,5.122758429176406,-4.927957400959903,3.944550644685355,0.0,2.125670327411037,0.0,0.16760456910852273,0.880807934291879,-0.0435574848415857,21.285963191599837,0.13866891907527829,-17.09663456025685,-19.769645292285308,0.2684093779447576,0.49960968902592906,-0.2908185002840371,-16.033868808567604,-0.42653675271357067,-5.1907924898091995,0.16152844375705222,0.14510435772779343,Aluminum,Basic Materials,CENX
2007Q3,2007,Q3,2007-11-09,2007-09-30,7470000.0,454371000.0,71124000.0,0.17,84496000.0,0.18596257243530068,2484371000.0,635143000.0,754826000.0,536967000.0,1849228000.0,166400000.0,-133159000.0,2230108650.0,2618147650.0,15.507556705813414,1.4057213944246107,0.18226545069154326,0.7129339377116649,-0.03639680408935381,15.507556705813414,0.011761130957910267,4.908122767518173,74.63549698795181,3.511191416736074,0.0,2.2228064903846154,0.0,0.18289176616535935,0.8405041650604227,0.003006797293962939,-25.221481887786837,0.18596257243530068,1.0960451977401129,1.4828400532710844,0.2883242520398789,0.43729768237228117,-0.22045907447044064,1.1231352509684331,-0.2429348462430945,1.3608634751351958,0.28418675020901624,0.27519883269343604,Aluminum,Basic Materials,CENX
2007Q2,2007,Q2,2007-08-09,2007-06-30,-60665000.0,464005000.0,93947000.0,-1.77,108392000.0,0.23360093102445018,2505676000.0,601164000.0,768467000.0,612879000.0,1904512000.0,167344000.0,-140629000.0,1869657120.0,2169381120.0,17.56556802244039,1.2538641395773065,0.1945387192917201,0.8108452934640131,0.045906720229048625,17.56556802244039,-0.10091256296118863,4.029390028124697,-7.704842660512652,3.1100616803401406,0.0,2.125041830002868,0.0,0.18518156377759934,0.7482064159483356,-0.02421103127459416,-13.2363231671056,0.23360093102445018,-1.946524064171123,-6.920378846779275,0.5452751226254963,0.5953034037948701,-0.020424393594331777,-1.9442170306152624,-0.038265854532425654,-3.8718266121490976,0.5231560933820315,0.2703946897960495,Aluminum,Basic Materials,CENX
2007Q1,2007,Q1,2007-05-10,2007-03-31,64249000.0,447657000.0,97685000.0,1.87,110652000.0,0.24718031886019876,2247946000.0,221022000.0,584510000.0,627847000.0,2026924000.0,163843000.0,-79964000.0,1523975040.0,2128453040.0,6.799003322259137,0.9309752216702477,0.3436924196577676,3.4955886744305995,0.06724742396437888,6.799003322259137,0.2906905194957968,3.4043364450907725,5.929956263910722,6.895128267774249,0.0,2.056877620649036,0.0,0.1991404597797278,0.48342350923075206,0.028581202573371423,15.927832775919732,0.24718031886019876,1.5103125341034058,12.701712932981877,0.5787448619785694,-0.4012295241455243,0.188834930594353,1.5393500835271106,0.18618855644064503,7.727066895071983,0.2575481896769573,-0.21566187290297398,Aluminum,Basic Materials,CENX
