Quarters,Year,Quarter,FillingDate,Date,NetIncome,Revenue,OperatingIncome,EPSDiluted,GrossProfit,GrossProfitRatio,TotalAssets,CommonStockEquity,CurrentAssets,CurrentLiability,TotalLiability,Inventory,RetainedEarnings,MarketCap,EnterpriseValue,bookValuePerShare,currentRatio,debtToAssets,debtToEquity,roic,shareholdersEquityPerShare,roe,priceToSalesRatio,peRatio,pbRatio,payoutRatio,inventoryTurnover,dividendYield,assetTurnover,quickRatio,returnOnAssets,priceToFreeCashFlowsRatio,grossProfitMargin,epsdilutedGrowth,fiveYNetIncomeGrowthPerShare,fiveYRevenueGrowthPerShare,fiveYShareholdersEquityGrowthPerShare,grossProfitGrowth,netIncomeGrowth,operatingIncomeGrowth,threeYNetIncomeGrowthPerShare,threeYRevenueGrowthPerShare,threeYShareholdersEquityGrowthPerShare,Industry,Sector,Symbol
2023Q1,2023,Q1,2023-05-09,2023-03-31,7506000.0,9054000.0,15281000.0,0.32,26164000.0,2.8897724763,781018000.0,330015000.0,19249000.0,15363000.0,451003000.0,0.0,-9248000.0,291003461.76,703581461.76,14.19841459964356,1.2529453882705202,0.5432986179575887,1.2857779191854917,0.019604457199562865,14.19841459964356,0.02274442070814963,32.14087273691186,9.69236150279776,0.8817885907004226,1.099253930189182,0.0,0.028353614593096724,0.011592562527368127,1.2750764824578533,0.009610533944160058,13.372091800385993,2.8897724762535897,7.106870229007633,-0.5213687449174729,-0.45688471773295497,-0.006796528154095934,60.27400468384075,7.16256157635468,-0.4536646406864498,1.3166170542653615,-0.44929458061954564,0.024643335078568217,Asset Management,Financial Services,WHF
2022Q4,2022,Q4,2023-03-03,2022-12-31,-1218000.0,427000.0,27970000.0,-0.0524,427000.0,1.0,796474000.0,332387000.0,667857000.0,2329000.0,464087000.0,0.0,-6876000.0,303145653.6,734889653.6,14.30879941205926,286.7569772434521,0.5540067849044664,1.3275248430293602,0.05588241706905062,14.30879941205926,-0.003664403240800633,709.9429826697893,-62.22201428571429,0.9120262031908589,-7.7298850574712645,0.0,0.031057677681313785,0.0005361129176846953,286.87848862172604,-0.0015292401258547045,38.455620144615,1.0,-1.308235294117647,-1.1268327003348388,-0.9585214532941166,0.02382114594368152,-0.9161923454367027,-1.316775032509753,1.891852770885029,-1.1229647791102564,-0.9602240984566092,-0.06060280039701952,Asset Management,Financial Services,WHF
2022Q3,2022,Q3,2022-11-14,2022-09-30,3845000.0,5095000.0,9672000.0,0.17,5095000.0,1.0,796658000.0,343019000.0,20996000.0,13880000.0,453639000.0,0.0,2732000.0,257998276.79999998,679686276.8,14.757892755041842,1.5126801152737752,0.5416916669386361,1.2580731679586261,0.011884340331492615,14.757892755041842,0.011209291613584088,50.63754206084396,16.77492046814044,0.7521399012882668,2.1459037711313393,0.0,0.031980833757258645,0.006395467063658433,1.5126801152737752,0.0048264123375400736,-2114.739973770492,1.0,-0.46875,-0.6251967650961537,-0.54025656630551,0.060431095188182134,-0.41983602823958094,-0.4767995645666077,-0.2243163044349988,-0.504181167132115,-0.43076441257009335,-0.03891631283746167,Asset Management,Financial Services,WHF
2022Q2,2022,Q2,2022-08-10,2022-06-30,7349000.0,8782000.0,12469000.0,0.32,8782000.0,1.0,799609000.0,347425000.0,21789000.0,19340000.0,452184000.0,0.0,7138000.0,305382154.14,719911154.14,14.949021866900372,1.1266287487073423,0.5299590174697884,1.2197164855724256,0.015792559133770524,14.949021866900372,0.02115276678419803,34.77364542700979,10.388561509729215,0.878987275354393,1.0549734657776568,0.0,0.025387862043980795,0.010982867876674724,1.1266287487073423,0.00919074197514035,6.2122574990845845,1.0,0.28,-0.20275304634445693,-0.1271977533786661,-0.03379507103981884,0.24585047524471557,0.28771683896968636,0.16478281177020085,-0.20952354599848302,-0.13040121890897088,-0.027819019136919337,Asset Management,Financial Services,WHF
2022Q1,2022,Q1,2022-05-10,2022-03-31,5707000.0,7049000.0,10705000.0,0.25,7049000.0,1.0,838761000.0,347919000.0,17384000.0,12918000.0,490842000.0,0.0,8040000.0,349715092.48,815784092.48,15.002551027448296,1.3457191515714506,0.5585893955489108,1.3466439027474786,0.012616569437003431,15.002551027448296,0.016403243283637858,49.612014821960564,15.319567744874716,1.0051623868774053,1.3534256176625197,0.0,0.022086550355105795,0.008404062659088822,1.3457191515714506,0.006804083642420189,23.19834775986733,1.0,0.6666666666666667,-0.532203412696197,-0.4621918504488691,0.08745859229289003,0.5829777677969908,0.8157811008590519,0.2683649289099526,-0.2782036870242754,-0.20997549460798426,-0.02147287681992593,Asset Management,Financial Services,WHF
2021Q4,2021,Q4,2022-03-04,2021-12-31,3143000.0,4453000.0,8440000.0,0.15,4453000.0,1.0,851019000.0,349751000.0,19706000.0,12747000.0,501268000.0,0.0,10567000.0,323197242.5,787809242.5,16.77347386402902,1.5459323762453911,0.5602659870108658,1.3632469957198121,0.00971944976283064,16.77347386402902,0.008986393176860109,72.57966370985852,25.707703030544067,0.9240781084257086,3.145402481705377,0.0,0.030588132261060365,0.005232550624604151,1.5459323762453911,0.0036932195403392874,-2.866672365468366,1.0,-0.625,-0.6958773346200139,-0.5981340335702648,0.23108806132212,0.0,-0.6201812688821752,0.0,-0.3720669748361987,-0.3432452311437344,0.09303109066243757,Asset Management,Financial Services,WHF
2021Q3,2021,Q3,2021-11-09,2021-09-30,8275000.0,9595000.0,0.0,0.4,0.0,0.0,729583000.0,323724000.0,0.0,0.0,405859000.0,0.0,17731000.0,317358840.7,688032840.7,15.525262409997202,0.0,0.5211922426920583,1.1746209734218038,0.0,15.525262409997202,0.02556189840728522,33.07543936425221,9.587880383685802,0.980337697235917,0.6688821752265861,0.0,0.01744082499101466,0.013151348098845505,0.0,0.011342095416148676,-17.54818029858999,0.0,-0.2156862745098039,-0.154759882561376,-0.08835141851226358,0.15135909638281175,0.0,-0.21272952145371515,0.0,-0.5810462542578639,-0.5294951282598194,0.004167388271207547,Asset Management,Financial Services,WHF
2021Q2,2021,Q2,2021-08-09,2021-06-30,10511000.0,11958000.0,0.0,0.51,0.0,0.0,699725000.0,319621000.0,0.0,0.0,380104000.0,0.0,16889000.0,307332466.0,656114466.0,15.495769002159374,0.0,0.5132173353817571,1.123552582590005,0.0,15.495769002159374,0.03288582414797526,25.70099230640575,7.309781800019028,0.9615527953419832,0.6737703358386452,0.0,0.02304344897945146,0.017089570902854692,0.0,0.015021615634713638,-12.113056361343213,0.0,0.27499999999999997,0.14743511745770038,0.18631338102909545,0.15902389813921766,0.0,0.2866935977475823,0.0,-0.4508817742396511,-0.3988851232214648,0.04218186972772026,Asset Management,Financial Services,WHF
2021Q1,2021,Q1,2021-05-10,2021-03-31,8169000.0,9351000.0,0.0,0.4,0.0,0.0,670506000.0,314349000.0,0.0,0.0,356157000.0,0.0,13736000.0,311767241.05,638930241.05,15.295623471983763,0.0,0.49941984113490406,1.0652618586348295,0.0,15.295623471983763,0.025987039882423676,33.34052412041493,9.541169085873424,0.9917869662381621,0.8928877463581834,0.0,0.023395658810831308,0.013946183926765755,0.0,0.012183336167014166,4.723245126274486,0.0,0.0,0.3151800815008628,0.3175611022361017,0.1517298796006717,0.0,-0.0031726662599145822,0.0,-0.4108711125134336,-0.365606802336031,0.06995511574956759,Asset Management,Financial Services,WHF
2020Q4,2020,Q4,2021-03-08,2020-12-31,8195000.0,9292000.0,0.0,0.4,0.0,0.0,718989000.0,312897000.0,0.0,0.0,406092000.0,0.0,12874000.0,279706799.65,656896799.65,15.224971918196983,0.0,0.5358246092777498,1.2312422298711716,0.0,15.224971918196983,0.026190727300038033,30.10189406478691,8.532849287675411,0.8939261151433219,1.2032946918852958,0.0,0.035254773971670234,0.012923702587939455,0.0,0.011397949064589305,-3.1232614191120636,0.0,-0.6226415094339622,1.4938583567016228,-0.7452751265148981,0.14187227002346467,0.0,-0.6211981140796894,0.0,-0.035440897657944295,0.020236349689483738,0.08937498859001057,Asset Management,Financial Services,WHF
2020Q3,2020,Q3,2020-11-09,2020-09-30,21634000.0,22543000.0,0.0,1.06,0.0,0.0,625806000.0,314563000.0,0.0,0.0,311243000.0,0.0,13798000.0,201145653.27999997,484245653.28,15.310158185288527,0.0,0.4665391511107276,0.9281542965955946,0.0,15.310158185288527,0.06877477643588088,8.922754437297607,2.324415887954146,0.6394447321522239,0.33715447906073776,0.0,0.03626227999988924,0.03602234558313599,0.0,0.03456981876172488,-6.801435493338743,0.0,-0.045045045045045085,10.047786994133187,6.213301086127107,0.03631279924083588,0.0,-0.05159791328744904,0.0,1.385666203270308,1.3011711686503715,0.10011422913906333,Asset Management,Financial Services,WHF
2020Q2,2020,Q2,2020-08-10,2020-06-30,22811000.0,23910000.0,0.0,1.11,0.0,0.0,574944000.0,300222000.0,0.0,0.0,274722000.0,0.0,-543000.0,211624129.60000002,462049129.6,14.612164528897843,0.0,0.4395001948015807,0.841670497165431,0.0,14.612164528897843,0.0759804411402229,8.850862802174824,2.3193210468633554,0.7048921451459254,0.3197580114856867,0.0,0.034466769048438414,0.04158665887460344,0.0,0.0396751683642233,5.417369690763875,0.0,2.099009900990099,1.8929648315886813,1.5950253779425752,-0.02801875486941322,0.0,2.0885188012979574,0.0,1.7991699964857992,1.687957066553888,-0.055567279498159615,Asset Management,Financial Services,WHF
2020Q1,2020,Q1,2020-05-11,2020-03-31,-20956000.0,14533000.0,0.0,-1.01,0.0,0.0,591948000.0,284705000.0,0.0,0.0,307243000.0,0.0,-16060000.0,145465906.56,420275906.56,13.856933543177583,0.0,0.4920398413374148,1.0230308565005883,0.0,13.856933543177583,-0.07360601324177657,10.009351583293196,-1.7353730024813896,0.5109355528002669,-0.3480626073678183,0.0,0.0501423335026717,0.024551143005804563,0.0,-0.03540175826255009,9.403096739495798,0.0,-3.3488372093023253,-4.201722070584073,0.8968949334025582,-0.07648856050418552,0.0,-3.391964387626983,0.0,-2.938842986753398,0.25152697743346325,0.0044186096611465,Asset Management,Financial Services,WHF
2019Q4,2019,Q4,2020-03-16,2019-12-31,8761000.0,9495000.0,0.0,0.43,0.0,0.0,631224000.0,312955000.0,0.0,0.0,318269000.0,0.0,12190000.0,281480638.4,576253638.4,15.231894898246045,0.0,0.47378901942891904,0.9556230128932275,0.0,15.231894898246045,0.027994440095221357,29.645143591363873,8.032206323479055,0.8994284750203704,1.289807099646159,0.0,0.04014485708229089,0.01504220371848979,0.0,0.013879383546886684,-5.627136827795769,0.0,0.26470588235294107,0.777633728522685,0.5058880136927095,0.0126878260343544,0.0,0.27804522246535374,0.0,-0.1396680019711242,-0.1303760536321516,0.11794396989865961,Asset Management,Financial Services,WHF
2019Q3,2019,Q3,2019-11-12,2019-09-30,6855000.0,7912000.0,0.0,0.34,0.0,0.0,566034000.0,315494000.0,0.0,0.0,250540000.0,0.0,13916000.0,286206225.76,508424225.76,15.355471071007774,0.0,0.40994887232922406,0.7354973470176929,0.0,15.355471071007774,0.021727830006275872,36.17368879676441,10.437863813274982,0.907168522253989,1.0640408460977389,0.0,0.025485119971207153,0.013977958921195547,0.0,0.012110579929827538,-41.83689895629294,0.0,-0.17073170731707307,0.09552846102962889,0.04941729519758777,0.013148616252851658,0.0,-0.16595692906679646,0.0,-0.2893961653454783,-0.23708395542781074,0.13876730904486548,Asset Management,Financial Services,WHF
2019Q2,2019,Q2,2019-08-09,2019-06-30,8219000.0,8928000.0,0.0,0.41,0.0,0.0,593117000.0,315932000.0,0.0,0.0,277185000.0,0.0,14354000.0,282097019.36,511441019.36,15.376789055911136,0.0,0.41463994456405734,0.7784270032791867,0.0,15.376789055911136,0.02601509185520935,31.59688836917563,8.580636919333253,0.8929042305306206,0.8874558948777224,0.0,0.02585635260006669,0.015052679319594616,0.0,0.01385729965588577,-5.807691914438062,0.0,0.20588235294117632,0.1946523830921504,0.08582348773801886,0.011188740926187097,0.0,0.17330478229835833,0.0,-0.09926447039092609,-0.11082084361678397,0.15012465596015506,Asset Management,Financial Services,WHF
2019Q1,2019,Q1,2019-05-10,2019-03-31,7005000.0,7905000.0,0.0,0.34,0.0,0.0,521512000.0,315007000.0,0.0,0.0,206505000.0,0.0,13429000.0,287849908.32,433403908.32,15.331768197382345,0.0,0.337980717605731,0.5595462957966013,0.0,15.331768197382345,0.02223760106918259,36.413650641366225,10.273016,0.9137889263413195,1.0412562455389007,0.0,0.025339594660879063,0.01515784871680805,0.0,0.013432097439752105,27.524374480780263,0.0,0.4166666666666668,-0.19807889685065277,-0.24950631147707353,0.006884832890317748,-1.0,0.42031630170316303,1.0,0.1280839107554803,0.11411884669664077,0.15445150518904724,Asset Management,Financial Services,WHF
2018Q4,2018,Q4,2019-03-14,2018-12-31,4932000.0,6681000.0,-21102000.0,0.24,12892000.0,1.9296512498129024,514095000.0,315296000.0,44531000.0,22816000.0,198799000.0,0.0,13718000.0,261345527.04000002,413180527.04,15.345834173722693,1.9517443899018232,0.34231610889038017,0.5581517050644473,-0.0429531895318139,15.345834173722693,0.015642443925707905,39.117725945217785,13.247441557177616,0.8288894468689739,1.4781021897810218,0.0,0.027894106635635036,0.012995652554488956,1.5064866760168303,0.009593557610947392,7.596812017905936,1.9296512498129024,-0.7473684210526316,-0.43248813972093275,-0.31953005506571996,0.012481906708128107,0.651338542333803,-0.7465830849861268,-3.9889518413597735,1.2972990050390696,-0.8168020689630933,0.15093693423557716,Asset Management,Financial Services,WHF
2018Q3,2018,Q3,2018-11-07,2018-09-30,19462000.0,20094000.0,7060000.0,0.95,7807000.0,0.3885239374937792,541843000.0,317654000.0,32223000.0,28439000.0,224189000.0,0.0,-11696000.0,284558305.09999996,468827305.09999996,15.460831123709136,1.133056717887408,0.3612670090782754,0.6162365340905513,0.013751353709749047,15.460831123709136,0.061267920441738496,14.161356877674926,3.6553065602199153,0.8958121260868743,0.36399136779364916,0.0,0.024894722357551743,0.037084542939559983,0.5832131931502514,0.03591815341344264,8.066854857547838,0.3885239374937792,0.02150537634408592,1.3566154369761247,1.1911026674031173,0.024656316872073186,0.0,0.021412826703054475,0.5324506186238332,8.938764573580068,5.429766702076275,0.046511537405053004,Asset Management,Financial Services,WHF
2018Q2,2018,Q2,2018-08-09,2018-06-30,19054000.0,19802000.0,4607000.0,0.93,0.0,0.0,538467000.0,305281000.0,27097000.0,17875000.0,233186000.0,0.0,-8177000.0,297918565.48,498992565.48,14.868584315526222,1.515916083916084,0.4002752257798528,0.7060216652854255,0.008845734386040367,14.868584315526222,0.062414627834683455,15.044872511867489,3.9088716999055317,0.9758830896125209,0.3825443476435394,0.0,0.02446641748645681,0.03677476985590575,1.2038601398601398,0.03538564108849753,-11.669352349392872,0.0,0.3676470588235294,3.3853349635179923,2.5603278037741184,-0.011463263651996864,0.0,0.3754421424962102,5.091474245115453,1.4181475389772416,1.1506458181405792,-0.010962060565823217,Asset Management,Financial Services,WHF
2018Q1,2018,Q1,2018-05-10,2018-03-31,13853000.0,14726000.0,-1126000.0,0.68,0.0,0.0,492645000.0,293516000.0,24903000.0,16812000.0,199129000.0,0.0,-5495000.0,255006794.16,425492794.15999997,14.29557487677253,1.4812633832976445,0.3704046524373535,0.6216969432671473,-0.002365576036672731,14.29557487677253,0.047196745662928086,17.316772657884016,4.6020138987944845,0.8688003180746535,0.5261676171226449,0.0,0.0285835521520522,0.029891707010118847,1.0400309302878896,0.02811963990297273,-19.503387698661566,0.0,0.6585365853658539,1.8783852701649166,1.390579159788623,-0.058535325598810015,0.0,0.6320688030160226,-1.1654908877131098,1.1179557327277638,0.9234043930041343,-0.04725479906999874,Asset Management,Financial Services,WHF
2017Q4,2017,Q4,2018-03-14,2017-12-31,8488000.0,9099000.0,6804000.0,0.41,0.0,0.0,485531000.0,286952000.0,44851000.0,16457000.0,198579000.0,0.0,-6784000.0,275538742.16,422533742.16,13.975877982936641,2.7253448380628305,0.37528808665152175,0.6349981878502328,0.014502329665832562,13.975877982936641,0.029579860046279518,30.282310381360592,8.115537881715362,0.9602258989656807,0.8340009425070688,0.0,0.025691486955723136,0.01874030700408419,2.4882420854347695,0.017481890960618373,-93.52978348947727,0.0,-0.08888888888888896,-0.2241213283436397,-0.4404141859486711,-0.08684283728587248,0.0,-0.0627208480565371,0.14352941176470588,0.7234225731192713,0.44407309621379926,-0.07081807050209832,Asset Management,Financial Services,WHF
2017Q3,2017,Q3,2017-11-09,2017-09-30,9056000.0,9783000.0,5950000.0,0.45,0.0,0.0,483370000.0,285548000.0,48047000.0,15894000.0,197822000.0,0.0,-6300000.0,302642034.0,447467034.0,13.916880429107875,3.0229646407449353,0.37637420609471006,0.6371188031434295,0.01272792613952374,13.916880429107875,0.03171445781444801,30.935503833180007,8.354738129416962,1.0598639598246178,0.7180874558303887,0.0,0.021487431583941837,0.0202391542710553,2.7181955454888636,0.018735130438380536,27.169587395636952,0.0,0.15384615384615383,-0.4084432786456972,-0.3012547794580414,-0.30728387916415967,0.0,0.24481099656357388,-0.14215686274509803,0.4492501460415934,0.29934573657851477,-0.08176909167387285,Asset Management,Financial Services,WHF
2017Q2,2017,Q2,2017-08-09,2017-06-30,7275000.0,7941000.0,6936000.0,0.39,0.0,0.0,487273000.0,283785000.0,49380000.0,14500000.0,203488000.0,0.0,-4966000.0,245232098.79,394489098.78999996,15.471895680545058,3.4055172413793104,0.38784829038341956,0.6659548601934563,0.014670888565971407,15.471895680545058,0.025635604418838207,30.88176536834152,8.427219889690722,0.8641475017707066,0.8661168384879725,0.0,0.0256940263166599,0.016296819236854904,3.072620689655172,0.014930028957073346,69.5299401162461,0.0,-0.2641509433962264,-0.47222936265430693,-0.4312464221509435,-0.20206706346594583,0.0,-0.2444698307197009,0.06347746090156393,0.18450697769509009,0.0818381656006972,0.017443021170757786,Asset Management,Financial Services,WHF
2017Q1,2017,Q1,2017-05-10,2017-03-31,9629000.0,10345000.0,6522000.0,0.53,0.0,0.0,458438000.0,252520000.0,26669000.0,13776000.0,205918000.0,0.0,-5399000.0,252593682.0,429158682.0,13.795974516892311,1.935903019744483,0.4191231965936506,0.760898146681451,0.014667320346690296,13.795974516892311,0.03813163313796927,24.416982310294827,6.558149392460277,1.0002917867891652,0.6748364316128362,0.0,0.025725108991443417,0.022565755892836107,1.5492160278745644,0.02100393073872585,-55.50289650626236,0.0,0.06000000000000005,-0.12620847471110247,-0.09527463221473507,0.0,0.0,0.061397707231040564,-0.004578754578754579,0.23734056908524812,0.10245336663271426,-0.09397550777138307,Asset Management,Financial Services,WHF
2016Q4,2016,Q4,2017-03-10,2016-12-31,9072000.0,9727000.0,6552000.0,0.5,0.0,0.0,446234000.0,249389000.0,33639000.0,14507000.0,196845000.0,0.0,-5423000.0,222758341.3,388060341.3,13.624917981915319,2.31881160818915,0.4086152108534984,0.7311389034801054,0.015176257218103107,13.624917981915319,0.036376905156201754,22.9010323121209,6.1386227210097,0.8932163860475001,0.7162698412698413,0.0,0.029170624821850386,0.021797980431791392,1.5032742813814022,0.020330140688517684,-37.08312656900283,0.0,0.06382978723404262,-0.06979591419592486,-0.32897499247012874,-0.10977389314869976,0.0,0.0556202001396323,-0.09851403412217942,0.17176218614327166,0.11206700425348909,-0.10106008048143757,Asset Management,Financial Services,WHF
2016Q3,2016,Q3,2016-11-07,2016-09-30,8594000.0,9239000.0,7268000.0,0.47,0.0,0.0,430946000.0,246815000.0,28060000.0,13752000.0,184131000.0,0.0,-6454000.0,200061517.7,352644517.7,13.484292136808078,2.0404304828388597,0.3953604395910392,0.6903105564896785,0.017421151790294204,13.484292136808078,0.0348196017259891,21.65402291373525,5.81980212066558,0.810572767862569,0.7561089131952525,0.0,0.03248000952259096,0.021438880973486237,1.5824607329842932,0.019942173729423175,7.52308944835107,0.0,0.06818181818181812,-0.3707124228389793,-0.2602830104767957,-0.3288160670195759,0.0,0.05720260794685693,0.13103018985371925,0.16808566491944937,0.1308353903361386,-0.10633749208081987,Asset Management,Financial Services,WHF
2016Q2,2016,Q2,2016-06-30,2016-06-30,8129000.0,8945000.0,6426000.0,0.44,0.0,0.0,449431000.0,244717000.0,48571000.0,13304000.0,204714000.0,0.0,-7227000.0,198048089.8,370512089.8,13.369671692738539,3.650856885147324,0.4258940749525511,0.7821687908890678,0.014734240255705333,13.369671692738539,0.033217961972400775,22.140647266629404,6.090788836265223,0.8092943677799254,0.7993603149218846,0.0,0.032810212946572936,0.019902943944676715,1.7503758268190017,0.018087314849220458,30.76714149448501,0.0,0.46666666666666673,-0.40904847060078675,-0.3580047702038483,-0.3104851781221902,0.0,0.46945046999276935,-0.049689440993788817,1.0986523053845758,0.8040477695702416,-0.11111835930586453,Asset Management,Financial Services,WHF
2016Q1,2016,Q1,2016-05-09,2016-03-31,5532000.0,6321000.0,6762000.0,0.3,0.0,0.0,442746000.0,243086000.0,25596000.0,12964000.0,199660000.0,0.0,-7155000.0,189994378.20000002,362183378.20000005,13.280564950947586,1.9743906201789572,0.4216774403382526,0.76802448516163,0.01573355794332941,13.280564950947586,0.02275737804727545,30.057645657332703,8.586152304772234,0.7815932558847487,1.1746203904555315,0.0,0.034201011953942116,0.014276808824924448,1.454720765195927,0.0124947486820886,-39.88127166246852,0.0,1.3715262297518205,-0.49799410967928326,-0.4471948719409706,0.0,-1.0,1.3743149062859463,0.7454827052142489,0.2893594845466527,0.15104123434829975,-0.12538090526720175,Asset Management,Financial Services,WHF
2015Q4,2015,Q4,2016-03-15,2015-12-31,-14779000.0,32489000.0,3874000.0,-0.80748,11934000.0,0.8556678855667885,445229000.0,244052000.0,29886000.0,14177000.0,201177000.0,0.0,-7419000.0,210128657.20000002,374359657.20000005,13.333340617759394,2.108062354517881,0.420008579854412,0.7662301476734467,0.008987314755528336,13.333340617759394,-0.06055676659072657,6.46768620763951,-3.5545141281548145,0.8609995296084442,-0.3599025644495568,0.0,0.02531306329596628,0.07297143717053471,1.8463708824151794,-0.033194154019616874,-4.843906343937299,0.3673243251562067,-9.0748,-2.515375461210144,1.2412800935168078,-0.128825000985314,0.019390108482104724,-11.349439775910364,-0.3157894736842105,-2.515375461210144,1.2412800935168078,-0.128825000985314,Asset Management,Financial Services,WHF
2015Q3,2015,Q3,2015-11-06,2015-09-30,1428000.0,2279000.0,5662000.0,0.1,11707000.0,5.1369021500658185,409100000.0,221352000.0,33012000.0,14248000.0,187748000.0,0.0,-4994000.0,174400455.48000002,331169455.48,14.773684351389058,2.3169567658618755,0.424101686629186,0.783819436914959,0.014339550008610822,14.773684351389058,0.0064512631464816225,76.52499143483985,30.532292626050424,0.7878874167841267,3.7247899159663866,0.0,0.030498773557446214,0.00557076509410902,1.362085906793936,0.003490589098020044,11.734655865966896,5.1369021500658185,-0.736842105263158,-0.872258862503252,-0.7770878635808178,-0.26463625476421354,-0.03741160993257688,-0.7516521739130435,-0.03805640502888209,-0.872258862503252,-0.7770878635808178,-0.26463625476421354,Asset Management,Financial Services,WHF
2015Q2,2015,Q2,2015-08-07,2015-06-30,5750000.0,6719000.0,5886000.0,0.38,12162000.0,1.8100907873195415,422291000.0,225243000.0,34795000.0,11548000.0,197048000.0,0.0,-5336000.0,189682969.62,355794969.62,15.033381150203862,3.0130758572913057,0.4392705504024476,0.8235550050390024,0.014330128571880714,15.033381150203862,0.025527985331397645,28.230833400803693,8.247085635652175,0.8421259245348358,0.9250434782608695,0.0,0.02804152639878941,0.015910829262285958,1.9423276757880152,0.013616203044819804,14.72008145429148,1.8100907873195415,0.1875,-0.48934058342044323,-0.4108785171421901,-0.22468259773095425,0.07905243545381954,0.20469306515818145,0.10348706411698538,-0.48934058342044323,-0.4108785171421901,-0.22468259773095425,Asset Management,Financial Services,WHF
2015Q1,2015,Q1,2015-05-08,2015-03-31,4773000.0,5587000.0,5334000.0,0.32,11271000.0,2.0173617325935207,421177000.0,224812000.0,29888000.0,10865000.0,196365000.0,0.0,-5903000.0,186087083.94,359700083.94,15.004614940928823,2.7508513575701796,0.44043240727770033,0.8251338896500187,0.012999863518493244,15.004614940928823,0.021231073074391045,33.307156602827995,9.746861719044626,0.8277453336120848,1.1143934632306725,0.0,0.02858339164321046,0.013265206789544539,1.7820524620340543,0.01133252765464401,16.73144074267218,2.0173617325935207,0.3333333333333334,-0.470864574331438,-0.4030833310727298,0.0,0.023426859166439662,0.3280467445742905,0.0721608040201005,-0.470864574331438,-0.4030833310727298,0.0,Asset Management,Financial Services,WHF
2014Q4,2014,Q4,2014-12-31,2014-12-31,3594000.0,4598000.0,4975000.0,0.24,11013000.0,2.3951718138321008,426842000.0,225358000.0,23342000.0,10984000.0,201484000.0,0.0,-5918000.0,173051998.35000002,351904998.35,15.041056588873538,2.125091041514931,0.44630097319382817,0.8453216659714765,0.011963218213909556,15.041056588873538,0.015947958359587854,37.63636327751197,12.037562489565945,0.7678981813381376,1.479966611018364,0.0,0.030736426338413326,0.010772135825434235,1.3063546977421705,0.008419977415530805,-2.546942355581721,2.3951718138321008,-0.22580645161290325,-0.5498035805275107,-0.6124948137885116,-0.017246102485477095,0.18866702644360497,-0.2123602892833662,0.23052188968587684,-0.5498035805275107,-0.6124948137885116,-0.017246102485477095,Asset Management,Financial Services,WHF
2014Q3,2014,Q3,2014-11-10,2014-09-30,4563000.0,5498000.0,4043000.0,0.31,9265000.0,1.6851582393597673,402018000.0,227083000.0,32833000.0,56935000.0,174935000.0,0.0,-4785000.0,198522855.25,304111855.25,15.156188168918652,0.5766751558795117,0.29351919565790585,0.5196337902881325,0.011716021942547155,15.156188168918652,0.020093974449870752,36.10819484357948,10.876772696142888,0.874230370613388,1.165680473372781,0.0,0.026792884845937656,0.013676004557009885,0.2502151576359006,0.01135023804904258,9.537948267992697,1.6851582393597673,-0.08823529411764713,-0.5918187602257277,-0.46223302938452676,-0.24559703386742338,0.027389665114216012,-0.09049232609128961,-0.2483733035880275,-0.5918187602257277,-0.46223302938452676,-0.24559703386742338,Asset Management,Financial Services,WHF
2014Q2,2014,Q2,2014-08-07,2014-06-30,5017000.0,5996000.0,5379000.0,0.34,9018000.0,1.5040026684456305,363886000.0,227839000.0,16779000.0,9047000.0,136047000.0,0.0,-3509000.0,214254855.10000002,334528855.1,15.206645835303641,1.8546479495965513,0.34901040435740865,0.5574111543677772,0.015158987597191967,15.206645835303641,0.02201993512963101,35.732964492995336,10.676442849312338,0.9403783158282822,1.0601953358580825,0.0,0.024825575119487686,0.016477688067141907,0.9673925058030286,0.01378728502882771,-3.847138818860878,1.5040026684456305,-0.20930232558139528,-0.5544385577426719,-0.47427111010337425,-0.2157468084887116,0.09309090909090909,-0.21240188383045525,0.3481203007518797,-0.5544385577426719,-0.47427111010337425,-0.2157468084887116,Asset Management,Financial Services,WHF
2014Q1,2014,Q1,2014-05-12,2014-03-31,6370000.0,7681000.0,3990000.0,0.43,8250000.0,1.0740788959770864,333013000.0,228141000.0,46151000.0,19872000.0,104872000.0,0.0,-2183000.0,210806982.96,270069982.96000004,15.226933306137575,2.3224134460547505,0.2552452907243861,0.37257660832555306,0.01274186388879131,15.226933306137575,0.027921329353338506,27.445252305689365,8.273429472527473,0.9240205967362288,0.8208791208791208,0.0,0.02480468116652562,0.023065165624164823,1.391304347826087,0.01912838237546282,-5.706894690164867,1.0740788959770864,0.01654846335697401,-0.2938148581559225,-0.17935270990316912,0.0,-0.04236796285548462,0.0055248618784530384,-0.04293595586471576,-0.2938148581559225,-0.17935270990316912,0.0,Asset Management,Financial Services,WHF
2013Q4,2013,Q4,2013-12-31,2013-12-31,6335000.0,7157000.0,4169000.0,0.423,8615000.0,1.2037166410507196,374153000.0,227002000.0,101714000.0,37151000.0,147151000.0,0.0,-854000.0,226303316.16,243398316.16,15.156650278933324,2.737853624397728,0.2939973754052487,0.4845772283944635,0.012370846463819207,15.156650278933324,0.027907243107990237,31.619856945647616,8.930675460142067,0.996922124738989,0.8389897395422258,0.0,0.02348617815322782,0.019128538325230586,9.876692417431563,0.01693157611992955,20.63305216630197,1.2037166410507196,0.05749999999999991,-0.2061494245127152,-0.39659660347505904,-0.009693431649947177,-0.22540909908289877,0.05232558139534884,-0.3363578478191659,-0.2061494245127152,-0.39659660347505904,-0.009693431649947177,Asset Management,Financial Services,WHF
2013Q3,2013,Q3,2013-11-13,2013-09-30,6020000.0,6685000.0,6282000.0,0.4,11122000.0,1.663724756918474,353078000.0,225982000.0,349090000.0,42096000.0,127096000.0,0.0,363000.0,226149785.7,248895785.7,15.088796964533229,8.292711896617256,0.24074000645749663,0.3761361524369198,0.020200526075464176,15.088796964533229,0.0266392898549442,33.82943690351533,9.391602396179403,1.0007424737368462,0.8524916943521594,0.0,0.022692924444367494,0.01893349344903959,6.625831432915241,0.017050056927930938,66.31958524926686,1.663724756918474,0.904761904761905,-0.4612659019281638,-0.345866784993946,-0.24895144751767548,0.1709833649189303,0.9008525418377012,0.29525773195876287,-0.4612659019281638,-0.345866784993946,-0.24895144751767548,Asset Management,Financial Services,WHF
2013Q2,2013,Q2,2013-08-14,2013-06-30,3167000.0,4054000.0,4850000.0,0.21,9498000.0,2.342871238283177,348411000.0,225098000.0,345326000.0,33313000.0,123313000.0,0.0,0.0,236456859.20000002,277621859.20000005,15.041003301967228,10.366103323027046,0.3802979814070164,0.5886325067304019,0.013562715675143597,15.041003301967228,0.014069427538227795,58.32680296003947,18.665681970318914,1.050461839732028,1.6776128828544363,0.0,0.022469214967903117,0.011635683144332411,10.00153093386966,0.009089839298988838,-23.991158603896107,2.342871238283177,-0.10256410256410264,-0.7184137992353516,-0.6441362359550562,-0.22428950007409126,0.13314244810307801,-0.09720638540478906,0.20977799950112247,-0.7184137992353516,-0.6441362359550562,-0.22428950007409126,Asset Management,Financial Services,WHF
2013Q1,2013,Q1,2013-05-15,2013-03-31,3508000.0,4490000.0,4009000.0,0.234,8382000.0,1.866815144766147,378395000.0,227244000.0,375329000.0,9901000.0,151151000.0,0.0,0.0,228076109.76,232684109.76,15.184398592400825,37.90819109180891,0.3732871734563089,0.6215785675309359,0.010879417303945248,15.184398592400825,0.015437151255918748,50.79646097104677,16.253998700114025,1.0036617457886676,0.4606613454960091,0.0,0.007085354102630411,0.01186590731907134,37.77153822846177,0.009270735606971552,-12.76664482283795,1.866815144766147,-0.558490566037736,-0.6106548279689233,-0.5197347309872713,0.0,-0.26769177005067274,-0.5600702282417858,-0.7079478400233117,-0.6106548279689233,-0.5197347309872713,0.0,Asset Management,Financial Services,WHF
2012Q4,2012,Q4,2012-12-31,2012-12-31,7974000.0,11852000.0,13727000.0,0.53,11446000.0,0.9657441781977725,373282000.0,229049000.0,189610000.0,2983000.0,144233000.0,0.0,1164000.0,221640891.44,206767891.44,15.305008331092642,63.563526651022464,0.3784002443193082,0.6166802736532357,0.037070043397362674,15.305008331092642,0.03481351151936922,18.700716456294295,6.948861657888137,0.967657101493567,0.0,0.0,0.0,0.0317507943056456,52.831713040563194,0.021361865827979918,3.7549705458611458,0.9657441781977725,-0.2896489793730147,0.0,0.0,0.0,0.12083822953388171,-0.2858678130037614,0.3528136394993594,0.0,0.0,0.0,Asset Management,Financial Services,WHF
2012Q3,2012,Q3,2012-09-30,2012-09-30,11166000.0,10212000.0,10147000.0,0.74611,10212000.0,1.0,356645000.0,300664000.0,353068000.0,4731000.0,55981000.0,0.0,0.0,208022173.6,205814173.6,20.090308295865245,74.6286197421264,0.14370031824363164,0.17045605725993135,0.028833749154623004,20.090308295865245,0.0371378016656467,20.370365609087347,4.657490900949311,0.6918758933560386,0.0,0.0,0.0,0.028633515120077387,74.12428662016487,0.031308443970895425,-14.335481607056716,1.0,-0.007201385987369594,0.0,0.0,0.0,-0.09962969493916417,-0.00720192051213657,0.08454467721248397,0.0,0.0,0.0,Asset Management,Financial Services,WHF
2012Q2,2012,Q2,2012-06-30,2012-06-30,11247000.0,11392000.0,9356000.0,0.751522,11342000.0,0.9956109550561798,290522000.0,290183000.0,15694000.0,339000.0,339000.0,0.0,0.0,208022173.6,197925173.6,19.38996997385475,46.29498525073746,0.0,0.0,0.032241723326314774,19.38996997385475,0.038758300796394,18.26037338483146,4.623948021694674,0.7168654731669325,0.0,0.0,0.0,0.03921217670262493,46.29498525073746,0.03871307508553569,-9.078387605830496,0.9956109550561798,0.2482800317583707,0.0,0.0,0.0,0.22576461688101157,0.24827968923418425,0.061975028376844495,0.0,0.0,0.0,Asset Management,Financial Services,WHF
2012Q1,2012,Q1,2012-03-31,2012-03-31,9010000.0,9349000.0,8810000.0,0.602046,9253000.0,0.9897315220879238,,,,,,,,208022173.6,,,0.0,0.0,0.0,0.0,,0.0,22.25074057118408,5.771980399556049,0.0,0.0,0.0,0.0,0.0,0.0,0.0,21.209438580750408,0.9897315220879238,0.0,0.0,0.0,0.0,0.0,0.0,0.0,0.0,0.0,0.0,Asset Management,Financial Services,WHF
