Quarters,Year,Quarter,FillingDate,Date,NetIncome,Revenue,OperatingIncome,EPSDiluted,GrossProfit,GrossProfitRatio,TotalAssets,CommonStockEquity,CurrentAssets,CurrentLiability,TotalLiability,Inventory,RetainedEarnings,MarketCap,EnterpriseValue,bookValuePerShare,currentRatio,debtToAssets,debtToEquity,roic,shareholdersEquityPerShare,roe,priceToSalesRatio,peRatio,pbRatio,payoutRatio,inventoryTurnover,dividendYield,assetTurnover,quickRatio,returnOnAssets,priceToFreeCashFlowsRatio,grossProfitMargin,epsdilutedGrowth,fiveYNetIncomeGrowthPerShare,fiveYRevenueGrowthPerShare,fiveYShareholdersEquityGrowthPerShare,grossProfitGrowth,netIncomeGrowth,operatingIncomeGrowth,threeYNetIncomeGrowthPerShare,threeYRevenueGrowthPerShare,threeYShareholdersEquityGrowthPerShare,Industry,Sector,Symbol
2023Q1,2023,Q1,2023-05-12,2023-03-31,-7632000.0,1677000.0,-5342000.0,-0.29,1582000.0,0.9433512224,21821000.0,-7339000.0,21662000.0,4020000.0,29160000.0,918000.0,-209252000.0,220970880.0,227720880.0,-0.2763281750065891,5.388557213930349,1.1521011869300215,-3.425534814007358,-0.3784416486994927,-0.2763281750065891,1.0399236953263387,131.76558139534885,-7.238301886792453,-30.109126584003267,0.0,0.10348583877995643,0.0,0.0768525732092938,4.9932835820895525,-0.3497548233353192,-39.621818181818185,0.9433512224209899,0.03333333333333337,-2.377582140955332,0.0,-1.198446333841384,0.09178743961352658,0.02053388090349076,0.12925835370823147,-0.49433321352787296,0.0,-1.6497843481776502,Biotechnology,Healthcare,FENC
2022Q4,2022,Q4,2023-03-29,2022-12-31,-7792000.0,1535000.0,-6135000.0,-0.3,1449000.0,0.9439739414,26939000.0,-2569000.0,26728000.0,4609000.0,29508000.0,576000.0,-203200000.0,252240000.0,253365000.0,-0.09777354900095148,5.799088739422868,0.9242733583280746,-9.692098092643052,-0.3122055638437086,-0.09777354900095148,3.0330868042039705,164.3257328990228,-8.092915811088295,-98.18606461658233,0.0,0.14930555555555555,0.0,0.05698058576784588,5.493382512475591,-0.289246074464531,-37.083210820346956,0.9439739413680782,0.03225806451612906,-0.9443173355382066,0.0,-1.0548631036626037,0.0,0.045098039215686274,0.22331940751993923,-0.6475314880380382,0.0,-1.1651286641943013,Biotechnology,Healthcare,FENC
2022Q3,2022,Q3,2022-11-14,2022-09-30,-8160000.0,0.0,-7899000.0,-0.31,0.0,0.0,30417000.0,2802000.0,30153000.0,2927000.0,27615000.0,0.0,-196343000.0,211474800.0,206410800.0,0.10732342576987897,10.301674069012641,0.811651379162968,8.810849393290507,-0.28986294300209914,0.10732342576987897,-2.91220556745182,0.0,-6.479007352941176,75.47280513918629,0.0,0.0,0.0,0.0,10.164673727365903,-0.2682710326462176,-42.21053892215569,0.0,-0.631578947368421,-1.0916256804545017,0.0,-0.8092943416552387,0.0,-0.6132858837485172,-0.5769614693551607,-2.4375083369730177,0.0,-0.857665186034028,Biotechnology,Healthcare,FENC
2022Q2,2022,Q2,2022-08-12,2022-06-30,-5058000.0,0.0,-5009000.0,-0.19,0.0,0.0,15568000.0,8541000.0,15554000.0,3037000.0,7027000.0,0.0,-188254000.0,145370160.0,135445160.0,0.3278443113772455,5.121501481725387,0.32052929085303183,0.5842407212270226,-0.3691651685684025,0.3278443113772455,-0.5922023182297155,0.0,-7.185160142348754,17.02027397260274,0.0,0.0,0.0,0.0,4.911096476786303,-0.3248972250770812,-42.882053097345135,0.0,-0.2666666666666667,-0.7242672640662644,0.0,-0.519292647270806,0.0,-0.33526927138331575,-0.4125775521714608,0.18333792652132713,0.0,-0.6041035191089053,Biotechnology,Healthcare,FENC
2022Q1,2022,Q1,2022-05-12,2022-03-31,-3788000.0,0.0,-3546000.0,-0.15,0.0,0.0,19149000.0,12524000.0,19128000.0,2136000.0,6625000.0,0.0,-183182000.0,145706400.0,132436400.0,0.481340558822399,8.955056179775282,0.26053579821400596,0.39835515809645483,-0.20751819983819073,0.481340558822399,-0.3024592781858831,0.0,-9.616314677930307,11.634174385180453,0.0,0.0,0.0,0.0,8.548220973782772,-0.19781711838738314,-51.01764705882353,0.0,0.11764705882352951,-1.4643035720127024,0.0,1.295326544569727,0.0,0.15615950100245043,0.18762886597938144,-0.1030378614584976,0.0,-0.5013666688362777,Biotechnology,Healthcare,FENC
2021Q4,2021,Q4,2022-02-28,2021-12-31,-4489000.0,0.0,-4365000.0,-0.17,0.0,0.0,22414000.0,15772000.0,22387000.0,1654000.0,6642000.0,0.0,-179486000.0,114426400.00000001,98314400.00000001,0.6064754287472122,13.535066505441355,0.2225394842509146,0.3162566573674867,-0.21320480211419418,0.6064754287472122,-0.2846183109307634,0.0,-6.372599688126532,7.255034237889932,0.0,0.0,0.0,0.0,12.75695284159613,-0.20027661283126616,-35.26237288135594,0.0,-0.06250000000000006,-0.9277496632616379,0.0,1.1685318901843595,0.0,-0.07264038231780168,-0.04601006470165349,-0.15076006172477427,0.0,-0.4339221291987958,Biotechnology,Healthcare,FENC
2021Q3,2021,Q3,2021-11-10,2021-09-30,-4185000.0,0.0,-4173000.0,-0.16,0.0,0.0,26014000.0,19013000.0,25979000.0,2014000.0,7001000.0,0.0,-175059000.0,244985940.0,225637940.0,0.7310724035836506,12.899205561072492,0.19170446682555548,0.26229421974438544,-0.173875,0.7310724035836506,-0.22011255456792722,0.0,-14.634763440860215,12.8851806658602,0.0,0.0,0.0,0.0,12.08291956305859,-0.160874913508111,-82.82148073022313,0.0,-0.06666666666666674,-3.3733211116774102,0.0,1.363512038410366,0.0,-0.04598850287428143,-0.06454081632653061,-0.11032982515564442,0.0,-0.39336885466666593,Biotechnology,Healthcare,FENC
2021Q2,2021,Q2,2021-08-10,2021-06-30,-4001000.0,0.0,-3920000.0,-0.15,0.0,0.0,28115000.0,22281000.0,28074000.0,848000.0,5834000.0,0.0,-170874000.0,189561870.0,167254870.0,0.8568626696919586,33.1061320754717,0.17734305530855415,0.22377810690723038,-0.14376352367330472,0.8568626696919586,-0.17957003725146986,0.0,-11.844655711072232,8.507781069072305,0.0,0.0,0.0,0.0,32.18514150943396,-0.14230837631157744,-42.82916177135111,0.0,0.16666666666666666,-1.723060906911931,0.0,1.359548976308417,0.0,0.15465877878723855,0.20373755839934998,-0.10537905731521782,0.0,-0.35934373752966775,Biotechnology,Healthcare,FENC
2021Q1,2021,Q1,2021-05-13,2021-03-31,-4733000.0,0.0,-4923000.0,-0.18,0.0,0.0,27825000.0,24933000.0,27825000.0,2892000.0,2892000.0,0.0,-166873000.0,161478630.0,134727630.0,0.9588509018190209,9.62136929460581,0.0,0.0,-0.19744916375887378,0.9588509018190209,-0.18982874102594954,0.0,-8.52940154236214,6.4765022259655876,0.0,0.0,0.0,0.0,9.25,-0.17009883198562445,-44.94256331756193,0.0,-0.28571428571428553,-3.7419881955012517,0.0,42.1759118012499,-1.0,-0.46170475602223593,-0.47130902570233113,-1.139401644786669,0.0,-0.31139687018179657,Biotechnology,Healthcare,FENC
2020Q4,2020,Q4,2021-03-30,2020-12-31,-3238000.0,170000.0,-3346000.0,-0.14,170000.0,1.0,31417000.0,29070000.0,31417000.0,2347000.0,2347000.0,0.0,-162140000.0,176594800.0,146250800.0,1.2263752953088087,13.386024712398807,0.0,0.0,-0.11510147918816649,1.2263752953088087,-0.11138630890952872,1038.7929411764705,-13.634558369363805,6.074812521499828,0.0,0.0,0.0,0.005411083171531337,12.928845334469536,-0.10306521946716746,-53.77429963459196,1.0,0.4166666666666666,-1.7388584205197433,0.0,23.22986372684028,0.0,0.47774193548387095,0.42891278375149344,0.10439577201791532,0.0,-0.31185115357601917,Biotechnology,Healthcare,FENC
2020Q3,2020,Q3,2020-11-16,2020-09-30,-6200000.0,0.0,-5859000.0,-0.24,0.0,0.0,34070000.0,31185000.0,34070000.0,2885000.0,2885000.0,0.0,-158902000.0,155123880.0,121957880.0,1.2182592390030471,11.809358752166379,0.0,0.0,-0.18787878787878787,1.2182592390030471,-0.19881353214686548,0.0,-6.254995161290322,4.974310726310726,0.0,0.0,0.0,0.0,11.496013864818025,-0.18197828001174055,-28.4840029379361,0.0,-0.14285714285714285,-20.520926749231553,0.0,12.066099335686264,0.0,-0.27966976264189886,-0.20928792569659443,-0.6208882177763677,0.0,1.1647550713375436,Biotechnology,Healthcare,FENC
2020Q2,2020,Q2,2020-08-05,2020-06-30,-4845000.0,0.0,-4845000.0,-0.21,0.0,0.0,39316000.0,36126000.0,38899000.0,3190000.0,3190000.0,0.0,-152702000.0,195331550.0,156602550.0,1.544308126362587,12.194043887147336,0.0,0.0,-0.13411393456236506,1.544308126362587,-0.13411393456236506,0.0,-10.079027347781217,5.406952056690472,0.0,0.0,0.0,0.0,12.140752351097179,-0.12323227184861126,-62.68663350449294,0.0,-0.1052631578947368,-11.965528198865874,0.0,14.040339036426994,0.0,-0.2663355985363304,-0.2633637548891786,-0.8393936720477394,0.0,1.264368315873317,Biotechnology,Healthcare,FENC
2020Q1,2020,Q1,2020-05-14,2020-03-31,-3826000.0,0.0,-3835000.0,-0.19,0.0,0.0,10368000.0,8461000.0,10123000.0,1907000.0,1907000.0,0.0,-147857000.0,118182240.00000001,108281240.00000001,0.4252613590671492,5.308337703198742,0.0,0.0,-0.4532561162983099,0.4252613590671492,-0.45219241224441553,0.0,-7.722310507056979,13.967880865145965,0.0,0.0,0.0,0.0,5.191924488725747,-0.3690200617283951,-31.523670312083226,0.0,-0.05555555555555561,-12.521700980692824,0.0,4.459923381243483,0.0,-0.059833795013850416,-0.0498220640569395,-2.255022768520375,0.0,1.027906578732302,Biotechnology,Healthcare,FENC
2019Q4,2019,Q4,2020-02-14,2019-12-31,-3610000.0,0.0,-3653000.0,-0.18,0.0,0.0,14146000.0,11875000.0,13884000.0,2271000.0,2271000.0,0.0,-144031000.0,130160558.44,116510558.44,0.5921052500364488,6.113606340819023,0.0,0.0,-0.30762105263157896,0.5921052500364488,-0.304,0.0,-9.01388908864266,10.960889131789473,0.0,0.0,0.0,0.0,6.0105680317040955,-0.25519581507139827,-81.86198644025157,0.0,-1.0,-2.2801008361854285,0.0,8.534536579298182,0.0,-0.9955776672194583,-0.9608158883521203,-1.0102361759242706,0.0,1.1171494444580585,Biotechnology,Healthcare,FENC
2019Q3,2019,Q3,2019-11-12,2019-09-30,-1809000.0,0.0,-1863000.0,-0.09,0.0,0.0,15907000.0,15002000.0,15627000.0,905000.0,905000.0,0.0,-140421000.0,95699759.99999999,80459759.99999999,0.754020908725372,17.26740331491713,0.0,0.0,-0.12418344220770564,0.754020908725372,-0.12058392214371418,0.0,-13.225505804311773,6.379133448873483,0.0,0.0,0.0,0.0,16.83977900552486,-0.11372351794807317,-42.81868456375838,0.0,0.625,-3.3594466224366712,0.0,3.3034077388292733,0.0,0.6175475687103594,0.6129233326407646,-1.4710353399430025,0.0,1.4377031416446089,Biotechnology,Healthcare,FENC
2019Q2,2019,Q2,2019-08-09,2019-06-30,-4730000.0,0.0,-4813000.0,-0.24,0.0,0.0,17829000.0,16476000.0,17532000.0,1353000.0,1353000.0,0.0,-138612000.0,77594400.0,60119400.0,0.8281061519903499,12.957871396895786,0.0,0.0,-0.2921218742413207,0.8281061519903499,-0.2870842437484826,0.0,-4.101183932346723,4.709541150764748,0.0,0.0,0.0,0.0,12.915742793791575,-0.26529810982107804,-28.154716981132076,0.0,-0.846153846153846,-2.120998036456239,0.0,2.7504347126310575,0.0,-0.8012185833968012,-0.7958955223880597,-3.207340185539391,0.0,1.280361944004374,Biotechnology,Healthcare,FENC
2019Q1,2019,Q1,2019-05-10,2019-03-31,-2626000.0,0.0,-2680000.0,-0.13,0.0,0.0,20657000.0,19206000.0,20343000.0,1451000.0,1451000.0,0.0,-133882000.0,97490400.0,77259400.0,0.965319662243667,14.019986216402481,0.0,0.0,-0.13953972716859314,0.965319662243667,-0.13672810580027075,0.0,-9.281264280274181,5.076038737894408,0.0,0.0,0.0,0.0,13.942798070296348,-0.12712397734424166,-39.32650262202501,0.0,0.13333333333333328,0.5963002258267726,0.0,3.1759389890884377,0.0,0.11997319034852547,0.13687600644122383,-2.438558121278266,0.0,42.46719236325187,Biotechnology,Healthcare,FENC
2018Q4,2018,Q4,2019-03-15,2018-12-31,-2984000.0,0.0,-3105000.0,-0.15,0.0,0.0,22950000.0,21313000.0,22950000.0,1637000.0,1637000.0,0.0,-131256000.0,126919464.53999999,104138464.53999999,1.0713639589705757,14.01954795357361,0.0,0.0,-0.145685731713039,1.0713639589705757,-0.14000844554966452,0.0,-10.633333155160857,5.955025784263126,0.0,0.0,0.0,0.0,13.916310323762982,-0.13002178649237472,-43.317223392491464,0.0,-0.07142857142857129,-2.3122398509708315,0.0,8.156654548311872,0.0,-0.08548563113859585,-0.09023876404494383,-2.0075000503937677,0.0,20.167258364551866,Biotechnology,Healthcare,FENC
2018Q3,2018,Q3,2018-11-13,2018-09-30,-2749000.0,0.0,-2848000.0,-0.14,0.0,0.0,24935000.0,22859000.0,24935000.0,2076000.0,2076000.0,0.0,-128272000.0,151933680.0,127409680.0,1.2051349641501476,12.011078998073218,0.0,0.0,-0.12458987707248786,1.2051349641501476,-0.12025897895795967,0.0,-13.817177155329212,6.646558467124546,0.0,0.0,0.0,0.0,11.8131021194605,-0.11024664126729497,-95.01793621013134,0.0,0.0,0.3098659596504669,0.0,3.455682228748517,0.0,-0.062620796289138,-0.06866791744840525,-11.877409706720432,0.0,11.925338589987208,Biotechnology,Healthcare,FENC
2018Q2,2018,Q2,2018-08-13,2018-06-30,-2587000.0,0.0,-2665000.0,-0.14,0.0,0.0,25704000.0,24857000.0,25704000.0,847000.0,847000.0,0.0,-125523000.0,194027400.0,168387400.0,1.3374764595103579,30.34710743801653,0.0,0.0,-0.10721325984632095,1.3374764595103579,-0.10407531077764814,0.0,-18.750231928875145,7.805744860602647,0.0,0.0,0.0,0.0,30.271546635183,-0.10064581388110799,-123.58433121019108,0.0,-0.5555555555555558,-1.176678599673698,0.0,5.617565068820801,0.0,-0.6498724489795918,-0.4879955332216639,-7.713973137016146,0.0,12.02596228102264,Biotechnology,Healthcare,FENC
2018Q1,2018,Q1,2018-05-14,2018-03-31,-1568000.0,0.0,-1791000.0,-0.09,0.0,0.0,26836000.0,25663000.0,26836000.0,1173000.0,1173000.0,0.0,-122936000.0,222910850.0,196191850.0,1.392457948996202,22.878090366581414,0.0,0.0,-0.0697891906636013,1.392457948996202,-0.06109963761056774,0.0,-35.54063297193878,8.686079180142618,0.0,0.0,0.0,0.0,22.77834612105712,-0.05842897600238486,-129.07403011001736,0.0,0.4,0.8263220516483593,0.0,2.2881566274860017,0.0,0.31528384279475985,0.2878727634194831,-6.097510507003136,0.0,16.87774400618005,Biotechnology,Healthcare,FENC
2017Q4,2017,Q4,2018-03-28,2017-12-31,-2290000.0,0.0,-2515000.0,-0.15,0.0,0.0,28401000.0,26757000.0,28401000.0,1644000.0,1644000.0,0.0,-121368000.0,150440280.0,122180280.0,1.7821366724390568,17.275547445255473,0.0,0.0,-0.09399409500317674,1.7821366724390568,-0.08558508053967186,0.0,-16.423611353711788,5.622464401838771,0.0,0.0,0.0,0.0,17.18978102189781,-0.08063096369846132,-113.96990909090908,0.0,0.0,0.803552834228728,0.0,4.01492477220978,0.0,0.026360544217687076,-0.1505032021957914,-2.084702788444522,0.0,27.69734273025437,Biotechnology,Healthcare,FENC
2017Q3,2017,Q3,2017-11-13,2017-09-30,-2352000.0,0.0,-2186000.0,-0.15,0.0,0.0,9888000.0,8858000.0,9888000.0,1030000.0,1030000.0,0.0,-119078000.0,174556600.0,164868600.0,0.5627700127064803,9.6,0.0,0.0,-0.24678256942876495,0.5627700127064803,-0.26552269135244977,0.0,-18.55406037414966,19.706096184240234,0.0,0.0,0.0,0.0,9.405825242718446,-0.23786407766990292,-182.20939457202505,0.0,-0.3636363636363636,-0.6401879720856587,0.0,2.6755329140392754,0.0,-0.4718397997496871,-0.47802569303583503,-4.877662007623888,0.0,2.7191682451358745,Biotechnology,Healthcare,FENC
2017Q2,2017,Q2,2017-08-14,2017-06-30,-1598000.0,0.0,-1479000.0,-0.11,0.0,0.0,10259000.0,9679000.0,10259000.0,580000.0,580000.0,0.0,-116726000.0,90119200.0,79887200.0,0.6820039458850057,17.68793103448276,0.0,0.0,-0.15280504184316562,0.6820039458850057,-0.1650997003822709,0.0,-14.09874843554443,9.310796569893583,0.0,0.0,0.0,0.0,17.641379310344828,-0.15576566916853493,-130.98720930232557,0.0,-0.8333333333333334,-0.5685236568166241,0.0,1.7967134240372347,0.0,-0.9826302729528535,-0.9182879377431906,-0.478193538143555,0.0,2.441606704839911,Biotechnology,Healthcare,FENC
2017Q1,2017,Q1,2017-05-12,2017-03-31,-806000.0,0.0,-771000.0,-0.06,0.0,0.0,3288000.0,2861000.0,3288000.0,427000.0,427000.0,0.0,-115128000.0,42293300.0,39042300.0,0.2097046104229275,7.70023419203747,0.0,0.0,-0.2694861936385879,0.2097046104229275,-0.28171967843411394,0.0,-13.118269230769231,14.782698357217756,0.0,0.0,0.0,0.0,7.613583138173302,-0.2451338199513382,-62.65674074074074,0.0,0.329608938547486,-1.1824776673903292,0.0,-0.32231946987854476,0.0,0.29483814523184604,0.32722513089005234,0.8193014283497456,0.0,1.472697755840043,Biotechnology,Healthcare,FENC
2016Q4,2016,Q4,2017-03-29,2016-12-31,-1143000.0,0.0,-1146000.0,-0.0895,0.0,0.0,3972000.0,3570000.0,3972000.0,402000.0,402000.0,0.0,-114322000.0,27297952.5,23371952.5,0.2796709753231492,9.880597014925373,0.0,0.0,-0.32100840336134456,0.2796709753231492,-0.32016806722689073,0.0,-5.9706807742782155,7.646485294117648,0.0,0.0,0.0,0.0,9.766169154228855,-0.2877643504531722,-44.6775,0.0,-1.2374999999999998,-1.2039970292941533,0.0,19.631505581668623,0.0,-1.2768924302788844,-1.0319148936170213,-1.7833347040226937,0.0,2.8681873147015238,Biotechnology,Healthcare,FENC
2016Q3,2016,Q3,2016-11-14,2016-09-30,-502000.0,0.0,-564000.0,-0.04,0.0,0.0,4580000.0,4220000.0,4580000.0,360000.0,360000.0,0.0,-113179000.0,29196020.0,24659020.0,0.3093161328153632,12.722222222222221,0.0,0.0,-0.13364928909952606,0.3093161328153632,-0.11895734597156397,0.0,-14.539850597609563,6.918488151658768,0.0,0.0,0.0,0.0,12.602777777777778,-0.10960698689956332,-53.66915441176471,0.0,0.3333333333333333,0.9294481993021243,0.0,1.5080814155276403,0.0,0.30662983425414364,0.20226308345120225,0.8247838681890555,0.0,1.6302880200273295,Biotechnology,Healthcare,FENC
2016Q2,2016,Q2,2016-08-12,2016-06-30,-724000.0,0.0,-707000.0,-0.06,0.0,0.0,5104000.0,4653000.0,5104000.0,451000.0,451000.0,0.0,-112677000.0,28829250.0,23748250.0,0.36314680402715993,11.317073170731707,0.0,0.0,-0.15194498173221577,0.36314680402715993,-0.15559853857726197,0.0,-9.954851519337018,6.195841392649903,0.0,0.0,0.0,0.0,11.266075388026607,-0.14184952978056425,-61.33882978723404,0.0,-0.4999999999999999,-0.36167675071384925,0.0,5.452374132768117,0.0,-0.7238095238095238,-0.5572687224669604,-1.0717195944678888,0.0,2.253744681041798,Biotechnology,Healthcare,FENC
2016Q1,2016,Q1,2016-05-12,2016-03-31,-420000.0,0.0,-454000.0,-0.04,0.0,0.0,588000.0,243000.0,588000.0,345000.0,345000.0,0.0,-111953000.0,19905686.4,19360686.4,0.022208005849022116,1.7043478260869565,0.0,0.0,-1.868312757201646,0.022208005849022116,-1.728395061728395,0.0,-11.848622857142857,81.9164049382716,0.0,0.0,0.0,0.0,1.5797101449275361,-0.7142857142857143,-39.89115511022044,0.0,0.19839679358717432,-1.0563563283245967,0.0,1.5341690088408737,0.0,0.2222222222222222,0.17604355716878403,0.9216432278934853,0.0,1.020544526991489,Biotechnology,Healthcare,FENC
2015Q4,2015,Q4,2016-03-28,2015-12-31,-540000.0,0.0,-551000.0,-0.0499,0.0,0.0,1019000.0,548000.0,1019000.0,471000.0,471000.0,0.0,-111533000.0,18884453.4,17942453.4,0.050614205227671565,2.1634819532908707,0.0,0.0,-1.0054744525547445,0.050614205227671565,-0.9854014598540146,0.0,-8.7428025,34.46068138686131,0.0,0.0,0.0,0.0,2.0,-0.5299313052011776,-44.53880518867924,0.0,-3.9899999999999998,0.9476586370925186,0.0,1.0710129634243963,0.0,-3.3902439024390243,-0.6301775147928994,0.9357619543523314,0.0,1.0856264412974392,Biotechnology,Healthcare,FENC
2015Q3,2015,Q3,2015-11-12,2015-09-30,-123000.0,0.0,-338000.0,-0.01,0.0,0.0,1450000.0,1019000.0,1450000.0,431000.0,431000.0,0.0,-110993000.0,21967289.999999996,20601289.999999996,0.09323817366639217,3.3642691415313224,0.0,0.0,-0.33169774288518156,0.09323817366639217,-0.12070657507360157,0.0,-44.64896341463414,21.557693817468103,0.0,0.0,0.0,0.0,3.1693735498839906,-0.08482758620689655,-43.15774066797642,0.0,0.5,-1.0586392675898952,0.0,-0.4872614402961739,0.0,0.28901734104046245,0.3843351548269581,0.8764662233243702,0.0,-0.391047908704983,Biotechnology,Healthcare,FENC
2015Q2,2015,Q2,2015-08-11,2015-06-30,-173000.0,0.0,-549000.0,-0.02,0.0,0.0,1871000.0,1112000.0,1871000.0,759000.0,759000.0,0.0,-110870000.0,27616499.999999996,25762499.999999996,0.10267774699907664,2.4650856389986826,0.0,0.0,-0.493705035971223,0.10267774699907664,-0.15557553956834533,0.0,-39.90823699421965,24.834982014388487,0.0,0.0,0.0,0.0,2.4426877470355732,-0.09246392303580973,-54.04403131115459,0.0,-3.0,0.9808919306368603,0.0,1.6628765334388602,0.0,-1.9774011299435028,-0.21460176991150443,0.7774766716362509,0.0,-0.5789463754354358,Biotechnology,Healthcare,FENC
2015Q1,2015,Q1,2015-05-15,2015-03-31,177000.0,0.0,-452000.0,0.01,0.0,0.0,1949000.0,826000.0,1949000.0,1123000.0,1123000.0,0.0,-110697000.0,25770150.0,23854150.0,0.07788778877887789,1.7355298308103295,0.0,0.0,-0.5472154963680388,0.07788778877887789,0.21428571428571427,0.0,36.398516949152544,31.198728813559324,0.0,0.0,0.0,0.0,1.7061442564559217,0.09081580297588507,-61.65107655502392,0.0,-0.9285714285714285,1.1401344053609108,0.0,4.983739108910892,0.0,-0.872478386167147,0.42857142857142855,-0.9484478061791972,0.0,-0.7482981519423618,Biotechnology,Healthcare,FENC
2014Q4,2014,Q4,2015-03-31,2014-12-31,1388000.0,0.0,-791000.0,0.14,0.0,0.0,2372000.0,613000.0,2372000.0,1759000.0,1759000.0,0.0,-110874000.0,26552990.0,24245990.0,0.06210110424475737,1.3484934621944287,0.0,0.0,-1.2903752039151712,0.06210110424475737,2.264274061990212,0.0,4.782599063400577,43.31646003262642,0.0,0.0,0.0,0.0,1.3115406480955087,0.5851602023608768,-56.73715811965812,0.0,3.6666666666666674,1.087474772389917,0.0,-0.529958118596895,0.0,2.6526315789473682,-0.2778675282714055,-0.6796485116827249,0.0,5.137136751595583,Biotechnology,Healthcare,FENC
2014Q3,2014,Q3,2014-11-13,2014-09-30,380000.0,0.0,-619000.0,0.03,0.0,0.0,673000.0,-3228000.0,673000.0,3901000.0,3901000.0,0.0,-112262000.0,33024489.000000004,32431489.000000004,-0.327350167325829,0.17251986670084593,0.0,0.0,0.19175960346964063,-0.327350167325829,-0.11771995043370508,0.0,21.726637500000002,-10.230634758364314,0.0,0.0,0.0,0.0,0.15201230453729814,0.5646359583952452,-74.54737923250565,0.0,1.375,4.383435177539224,0.0,-3.675395481231673,0.0,1.5066666666666666,0.33440860215053764,1.0738885089254635,0.0,0.46229595309405647,Biotechnology,Healthcare,FENC
2014Q2,2014,Q2,2014-08-11,2014-06-30,-750000.0,0.0,-930000.0,-0.08,0.0,0.0,1049000.0,-4658000.0,1049000.0,5707000.0,5707000.0,0.0,-112642000.0,30424109.099999998,29409109.099999998,-0.4730859974466763,0.18380935693008585,0.0,0.0,0.1996565049377415,-0.4730859974466763,0.16101331043366252,0.0,-10.1413697,-6.531582030914555,0.0,0.0,0.0,0.0,0.17785176099526898,-0.7149666348903718,-74.20514414634145,0.0,0.7575757575757576,0.7504472836041262,0.0,-4.6164070536906054,0.0,0.765184721352536,-0.7318435754189944,-0.8356427162312988,0.0,-4.8002874712036565,Biotechnology,Healthcare,FENC
2014Q1,2014,Q1,2014-05-15,2014-03-31,-3194000.0,0.0,-537000.0,-0.33,0.0,0.0,1395000.0,-4334000.0,1395000.0,5729000.0,5729000.0,0.0,-111892000.0,30187208.07,28849208.07,-0.4436336069551595,0.24349799266887764,0.0,0.0,0.12390401476695893,-0.4436336069551595,0.7369635440701431,0.0,-2.3628058915153414,-6.965207215043839,0.0,0.0,0.0,0.0,0.2335486123232676,-2.289605734767025,-79.86033880952381,0.0,-4.0,0.552674188996824,0.0,-2.2304045959758487,0.0,-3.874887488748875,-0.29086538461538464,-1.4800213496349721,0.0,-9.670716034874157,Biotechnology,Healthcare,FENC
2013Q4,2013,Q4,2014-03-31,2013-12-31,1111000.0,0.0,-416000.0,0.11,0.0,0.0,1752000.0,-1455000.0,1752000.0,3207000.0,3207000.0,0.0,-108698000.0,30032708.07,28369708.07,-0.14970178478480445,0.5463049579045838,0.0,0.0,0.2859106529209622,-0.14970178478480445,-0.763573883161512,0.0,6.758035119261926,-20.641036474226805,0.0,0.0,0.0,0.0,0.5185531649516683,0.6341324200913242,-67.48923161797752,0.0,1.523809523809524,1.1345862843497965,0.0,-1.1506827163945719,0.0,1.629105322763307,-7.1568627450980395,1.119960273623353,0.0,0.7899647476499709,Biotechnology,Healthcare,FENC
2013Q3,2013,Q3,2013-11-18,2013-09-30,-1766000.0,0.0,-51000.0,-0.21,0.0,0.0,640000.0,-4127000.0,640000.0,4767000.0,4767000.0,0.0,-109810000.0,25985401.349999998,25447401.349999998,-0.49075362847916915,0.1342563457100902,0.0,0.0,0.012357644778289314,-0.49075362847916915,0.42791373879331235,0.0,-3.6785675750283127,-6.296438417736854,0.0,0.0,0.0,0.0,0.11285924061254458,-2.759375,-55.405973027718545,0.0,-1.2727272727272727,0.8010691350101707,0.0,-1.2926054237649651,0.0,-1.2672922657787196,0.9449838187702265,-2.094166972657436,0.0,-3.6987691708351806,Biotechnology,Healthcare,FENC
2013Q2,2013,Q2,2013-08-09,2013-06-30,6607000.0,0.0,-927000.0,0.77,0.0,0.0,1030000.0,-2429000.0,1030000.0,3459000.0,3459000.0,0.0,-108044000.0,25912712.189999998,24905712.189999998,-0.2896497265499092,0.2977739230991616,0.0,0.0,0.38163853437628653,-0.2896497265499092,-2.720049403046521,0.0,0.9805022018313909,-10.668057715109098,0.0,0.0,0.0,0.0,0.2911246024862677,6.414563106796116,-29.148157694038243,0.0,2.5714285714285716,1.7033999218462657,0.0,-1.1088668123699248,0.0,2.608325219084713,-0.7262569832402235,1.9424299458913374,0.0,-0.8699476007069407,Biotechnology,Healthcare,FENC
2013Q1,2013,Q1,2013-05-13,2013-03-31,-4108000.0,0.0,-537000.0,-0.49,0.0,0.0,1938000.0,-9065000.0,1938000.0,11003000.0,11003000.0,0.0,-114651000.0,25912712.189999998,24016712.189999998,-1.0809694405825143,0.17613378169590113,0.0,0.0,0.0592388306674021,-1.0809694405825143,0.4531715388858246,0.0,-1.576966418573515,-2.858545194704909,0.0,0.0,0.0,0.0,0.1723166409161138,-2.1197110423116614,-63.66759751842751,0.0,0.3717948717948718,0.6502424910197606,0.0,-1.2972017979562736,0.0,0.3690677315312548,0.5218165627782725,-3.1129954061501373,0.0,-84.04561239393173,Biotechnology,Healthcare,FENC
2012Q4,2012,Q4,2013-04-01,2012-12-31,-6511000.0,0.0,-1123000.0,-0.78,0.0,0.0,2365000.0,-4957000.0,2365000.0,7322000.0,7322000.0,0.0,-110543000.0,25912712.189999998,23609712.189999998,-0.5911048557051873,0.3229991805517618,0.0,0.0,0.45309663102683073,-0.5911048557051873,1.3134960661690538,0.0,-0.9949589997696207,-5.227498928787573,0.0,0.0,0.0,0.0,0.31453154875717015,-2.753065539112051,-46.52192493716337,0.0,-7.666666666666668,0.27890945964735153,0.0,-1.1167196032452382,0.0,-7.522251308900524,-0.7825396825396825,-12.526201956282236,0.0,-5.474059549522954,Biotechnology,Healthcare,FENC
2012Q3,2012,Q3,2012-11-14,2012-09-30,-764000.0,0.0,-630000.0,-0.09,0.0,0.0,2930000.0,1284000.0,2930000.0,1646000.0,1646000.0,0.0,-104031000.0,25912712.189999998,23052712.189999998,0.1531124943969055,1.7800729040097205,0.0,0.0,-0.9813084112149533,0.1531124943969055,-0.5950155763239875,0.0,-8.479290638089005,20.181240023364488,0.0,0.0,0.0,0.0,1.7375455650060754,-0.26075085324232083,-35.69244103305785,0.0,-0.28571428571428553,0.9125658875379338,0.0,-0.9717068273695633,0.0,-0.2691029900332226,0.496,-6.998972231529601,0.0,0.25137090650043237,Biotechnology,Healthcare,FENC
2012Q2,2012,Q2,2012-08-13,2012-06-30,-602000.0,0.0,-1250000.0,-0.07,0.0,0.0,3600000.0,2045000.0,3600000.0,1555000.0,1555000.0,0.0,-103267000.0,25912712.189999998,22326712.189999998,0.24385907401999357,2.315112540192926,0.0,0.0,-1.2224938875305624,0.24385907401999357,-0.2943765281173594,0.0,-10.76109310215947,12.671252904645478,0.0,0.0,0.0,0.0,2.3061093247588422,-0.16722222222222222,-22.870884545454544,0.0,-1.21875,0.9313631583365632,0.0,-0.9619362321182858,0.0,-1.221731123388582,-1.0292207792207793,0.76481884018809,0.0,0.8641297357184338,Biotechnology,Healthcare,FENC
2012Q1,2012,Q1,2012-05-15,2012-03-31,2715000.0,0.0,-616000.0,0.32,0.0,0.0,4757000.0,2595000.0,4757000.0,2162000.0,2162000.0,0.0,-102665000.0,25912712.189999998,21193712.189999998,0.3094446440498207,2.200277520814061,0.0,0.0,-0.4747591522157996,0.3094446440498207,1.046242774566474,0.0,2.386069262430939,9.985630901734105,0.0,0.0,0.0,0.0,2.182701202590194,0.5707378599957956,-44.831681989619376,0.0,-0.2727272727272727,1.1610613618049856,0.0,-0.9704906112925781,0.0,-0.2262752921060131,0.3170731707317073,1.442964535148641,0.0,-0.141764496039423,Biotechnology,Healthcare,FENC
2011Q4,2011,Q4,2012-03-27,2011-12-31,3509000.0,0.0,-902000.0,0.44,0.0,0.0,5351000.0,-120000.0,5351000.0,5471000.0,5471000.0,0.0,-105380000.0,24702464.25,19405464.25,-0.01501064817855166,0.9780661670626942,0.0,0.0,7.516666666666667,-0.01501064817855166,-29.241666666666667,0.0,1.7599361819606725,-205.85386875,0.0,0.0,0.0,0.0,0.9681959422409065,0.6557652775182209,-32.206602672750975,0.0,1.846153846153846,1.0784744496903875,0.0,-1.002260522477051,0.0,2.116094147582697,0.04449152542372881,1.5168021690386617,0.0,-1.0151090065201211,Biotechnology,Healthcare,FENC
2011Q3,2011,Q3,2011-11-14,2011-09-30,-3144000.0,0.0,-944000.0,-0.52,0.0,0.0,6271000.0,-3670000.0,6271000.0,9941000.0,9941000.0,0.0,-108886000.0,18627530.43,12453530.43,-0.6087924560164039,0.6308218489085605,0.0,0.0,0.2572207084468665,-0.6087924560164039,0.8566757493188011,0.0,-1.4811967581106869,-5.0756213705722075,0.0,0.0,0.0,0.0,0.6210642792475606,-0.5013554457024398,-29.288569858490565,0.0,-12.0,0.8738794226075595,0.0,-1.0532160955763674,0.0,-8.03448275862069,-0.6503496503496503,0.5059531249870339,0.0,-1.3629845287739017,Biotechnology,Healthcare,FENC
2011Q2,2011,Q2,2011-08-15,2011-06-30,-348000.0,0.0,-572000.0,-0.04,0.0,0.0,6830000.0,-684000.0,6830000.0,7514000.0,7514000.0,0.0,-105742000.0,25913376.54,19103376.54,-0.0815625087196761,0.9089699228107533,0.0,0.0,0.8362573099415205,-0.0815625087196761,0.5087719298245614,0.0,-18.61593142241379,-37.885053421052625,0.0,0.0,0.0,0.0,0.906308224647325,-0.050951683748169836,-33.43661489032258,0.0,-1.0714285714285714,0.9888337601019904,0.0,-1.0049382320511646,0.0,-1.0745341614906831,0.4397649363369246,0.9629518847868175,0.0,-1.0306558215641033,Biotechnology,Healthcare,FENC
2011Q1,2011,Q1,2011-05-13,2011-03-31,4669000.0,0.0,-1021000.0,0.56,0.0,0.0,7637000.0,-285000.0,7637000.0,7922000.0,7922000.0,0.0,-105396000.0,21182268.27,16159268.27,-0.04157486765698488,0.9640242363039636,0.0,0.0,3.5824561403508772,-0.04157486765698488,-16.38245614035088,0.0,1.1341972729706575,-74.32374831578947,0.0,0.0,0.0,0.0,0.9556930068164605,0.611365719523373,-20.21208804389313,0.0,1.5894736842105264,1.1975684143046474,0.0,-1.002546735308498,0.0,1.7092511013215859,-0.2512254901960784,1.4862962197582634,0.0,-1.0114305964198131,Biotechnology,Healthcare,FENC
2010Q4,2010,Q4,2011-03-31,2010-12-31,-6583000.0,0.0,-816000.0,-0.95,0.0,0.0,5993000.0,-4924000.0,5993000.0,10917000.0,10917000.0,0.0,-108813000.0,21347240.279999997,15400240.279999997,-0.7127459943501419,0.5489603370889439,0.0,0.0,0.3314378554021121,-0.7127459943501419,1.3369212022745736,0.0,-0.8106957420628892,-4.335345304630382,0.0,0.0,0.0,0.0,0.5447467252908308,-1.0984481895544802,-32.591206534351144,0.0,-5.999999999999999,0.8736849767690007,0.0,-1.0334487427272274,0.0,-4.8860684769775675,0.11014176663031625,0.11501259282924636,0.0,-1.1407388703920123,Biotechnology,Healthcare,FENC
2010Q3,2010,Q3,2010-11-15,2010-09-30,1694000.0,0.0,-917000.0,0.19,0.0,0.0,6603000.0,1605000.0,6603000.0,306000.0,4998000.0,0.0,-102231000.0,27273177.39,20671177.39,0.18184349880034276,21.57843137254902,0.0,0.0,-1.1426791277258568,0.18184349880034276,1.0554517133956387,0.0,4.024967147284534,16.992633887850467,0.0,0.0,0.0,0.0,21.57843137254902,0.2565500530062093,-49.587595254545455,0.0,1.2261904761904763,1.0431448309957772,0.0,-0.9932878319385376,0.0,1.659400544959128,0.6441598758246022,1.1841951062257476,0.0,-0.966397716113593,Biotechnology,Healthcare,FENC
2010Q2,2010,Q2,2010-11-02,2010-06-30,-2569000.0,0.0,-2577000.0,-0.84,0.0,0.0,7156000.0,-476000.0,7156000.0,370000.0,7632000.0,0.0,-103926000.0,9495585.45,2343585.4499999993,-0.15489724227588306,19.34054054054054,0.0,0.0,10.827731092436975,-0.15489724227588306,5.397058823529412,0.0,-0.924054637018295,-19.948708928571428,0.0,0.0,0.0,0.0,19.32972972972973,-0.35899944102850756,-24.59996230569948,0.0,-6.0,0.8416133710220123,0.0,-1.0059788029357972,0.0,-6.01912568306011,-6.040983606557377,0.20068855910757427,0.0,-1.0241777866958663,Biotechnology,Healthcare,FENC
2010Q1,2010,Q1,2010-05-14,2010-03-31,-366000.0,0.0,-366000.0,-0.12,0.0,0.0,470000.0,40000.0,470000.0,423000.0,430000.0,0.0,-101357000.0,9495585.45,9147585.45,0.013016574981166642,1.1111111111111112,0.0,0.0,-18.3,0.013016574981166642,-9.15,0.0,-6.486055635245902,237.38963625,0.0,0.0,0.0,0.0,0.9243498817966903,-0.7787234042553192,-28.176811424332342,0.0,-2.7804154302670625,0.9665648416077294,0.0,-0.9995704199778342,0.0,-2.7681159420289854,-10.891891891891891,0.9407492648259446,0.0,-0.9987587079687935,Biotechnology,Healthcare,FENC
2009Q4,2009,Q4,2010-03-31,2009-12-31,207000.0,0.0,37000.0,0.0674,0.0,0.0,833000.0,406000.0,833000.0,420000.0,427000.0,0.0,-100991000.0,9495585.45,8810585.45,0.13211823605884143,1.9833333333333334,0.0,0.0,0.18226600985221675,0.13211823605884143,0.5098522167487685,0.0,11.468098369565217,23.388141502463053,0.0,0.0,0.0,0.0,1.7952380952380953,0.24849939975990396,-51.88844508196721,0.0,7.739999999999999,1.0089293837733124,0.0,-0.9937997702932915,0.0,6.914285714285715,1.1088235294117648,1.0120429751227187,0.0,-0.9801037078021658,Biotechnology,Healthcare,FENC
2009Q3,2009,Q3,2009-11-16,2009-09-30,-35000.0,0.0,-340000.0,-0.01,0.0,0.0,927000.0,376000.0,927000.0,337000.0,551000.0,0.0,-101198000.0,9495585.45,8627585.45,0.12235580482296644,2.750741839762611,0.0,0.0,-1.8085106382978724,0.12235580482296644,-0.09308510638297872,0.0,-67.82561035714285,25.254216622340426,0.0,0.0,0.0,0.0,2.5756676557863503,-0.037756202804746494,-14.130335491071428,0.0,0.9677419354838709,0.9965734488383224,0.0,-0.9967450431606195,0.0,0.9626865671641791,0.6462018730489074,0.9972457396346149,0.0,-0.9893045681834026,Biotechnology,Healthcare,FENC
2009Q2,2009,Q2,2009-10-29,2009-06-30,-938000.0,0.0,-961000.0,-0.31,0.0,0.0,1699000.0,402000.0,1699000.0,745000.0,1297000.0,0.0,-101163000.0,9495585.45,7955585.449999999,0.13081657856072476,2.280536912751678,0.0,0.0,-4.781094527363184,0.13081657856072476,-2.3333333333333335,0.0,-2.530806356609808,23.620859328358208,0.0,0.0,0.0,0.0,2.0671140939597317,-0.5520894643908181,-6.202211267145656,0.0,0.5753424657534246,0.0,0.0,0.0,0.0,0.5823686553873553,0.5076844262295082,0.917864140160442,0.0,-0.992079662197585,Biotechnology,Healthcare,FENC
2009Q1,2009,Q1,2009-05-15,2009-03-31,-2246000.0,0.0,-1952000.0,-0.73,0.0,0.0,3247000.0,1108000.0,3247000.0,1593000.0,2139000.0,0.0,-100225000.0,9495585.45,6448585.449999999,0.360559126978316,2.0382925298179537,0.0,0.0,-3.523465703971119,0.360559126978316,-2.027075812274368,0.0,-1.0569440616651824,8.57002296931408,0.0,0.0,0.0,0.0,1.9127432517263026,-0.6917154296273483,-4.1249285186794085,0.0,0.1411764705882353,-0.13785259518578266,0.0,-0.9509064745428019,0.0,0.13946360153256704,0.2606060606060606,0.7879910916227346,0.0,-0.9779133714374522,Biotechnology,Healthcare,FENC
2008Q4,2008,Q4,2009-03-30,2008-12-31,-2610000.0,0.0,-2640000.0,-0.85,0.0,0.0,6060000.0,3053000.0,5639000.0,2430000.0,3007000.0,0.0,-97979000.0,9495585.45,4146585.4499999993,0.993490085437544,2.320576131687243,0.0,0.0,-1.729446446118572,0.993490085437544,-0.8548968227972487,0.0,-0.9095388362068965,3.110247445135932,0.0,0.0,0.0,0.0,2.2584362139917697,-0.4306930693069307,-3.6228864746280043,0.0,0.19811320754716988,0.1103083279926402,0.0,-0.9277438935742274,0.0,0.19543773119605426,0.19975750227341618,0.8874121176408436,0.0,-0.9533761051857607,Biotechnology,Healthcare,FENC
2008Q3,2008,Q3,2008-11-12,2008-09-30,-3244000.0,0.0,-3299000.0,-1.06,0.0,0.0,8658000.0,5154000.0,8201000.0,2904000.0,3504000.0,0.0,-95369000.0,9495585.45,1613585.4499999993,1.6771856863233219,2.8240358126721765,0.0,0.0,-1.2801707411719052,1.6771856863233219,-0.6294140473418703,0.0,-0.731780629623921,1.8423720314318976,0.0,0.0,0.0,0.0,2.7768595041322315,-0.3746823746823747,-3.9270411290322578,0.0,0.05357142857142862,-0.28716345980757707,0.0,-0.7642276448431174,0.0,0.05752469494479954,0.06038165764739391,0.7626931893204216,0.0,-0.9380920831860946,Biotechnology,Healthcare,FENC
2008Q2,2008,Q2,2008-08-13,2008-06-30,-3442000.0,0.0,-3511000.0,-1.12,0.0,0.0,11195000.0,8176000.0,10701000.0,2403000.0,3019000.0,0.0,-92125000.0,9495585.45,-882414.5500000007,2.6605879261504617,4.453183520599251,0.0,0.0,-0.4294275929549902,2.6605879261504617,-0.42098825831702547,0.0,-0.6896851721382916,1.1613974376223093,0.0,0.0,0.0,0.0,4.397003745318352,-0.3074586869138008,-3.2519128253424654,0.0,0.19999999999999987,-0.027875486006177258,0.0,-0.6653993073559724,0.0,0.20027881040892193,0.20852119026149685,0.7877902775623846,0.0,-0.8973052672204241,Biotechnology,Healthcare,FENC
2008Q1,2008,Q1,2008-05-13,2008-03-31,-4304000.0,0.0,-4436000.0,-1.4,0.0,0.0,14203000.0,11177000.0,13637000.0,2389000.0,3026000.0,0.0,-88683000.0,9495585.45,-3802414.5500000007,3.6371564641124894,5.708246128087065,0.0,0.0,-0.7937729265455847,3.6371564641124894,-0.38507649637648744,0.0,-0.551555846305762,0.849564771405565,0.0,0.0,0.0,0.0,5.650899958141482,-0.30303457016123353,-3.3154977129888263,0.0,-0.2962962962962961,-0.5900644084075654,0.0,-0.5199885176482812,0.0,-0.4308510638297872,-0.3949685534591195,0.6068171537695832,0.0,-0.8799646023063326,Biotechnology,Healthcare,FENC
2007Q4,2007,Q4,2008-03-28,2007-12-31,-3008000.0,0.0,-3180000.0,-1.08,0.0,0.0,17209000.0,14148000.0,16561000.0,2402000.0,3061000.0,0.0,-84379000.0,8632424.85,-7529575.15,5.0643151558973605,6.894671107410491,0.0,0.0,-0.4495335029686175,5.0643151558973605,-0.21260955612100652,0.0,-0.7174555227726064,0.610151600932994,0.0,0.0,0.0,0.0,6.8055786844296415,-0.17479225986402463,-3.9707566007359705,0.0,-0.03846153846153849,-0.39813422841319995,0.0,-0.536360898469319,0.0,0.060587133041848845,0.0798611111111111,0.8572691292469119,0.0,-0.7623347222124237,Biotechnology,Healthcare,FENC
2007Q3,2007,Q3,2007-11-09,2007-09-30,-3202000.0,0.0,-3456000.0,-1.04,0.0,0.0,19460000.0,16630000.0,18784000.0,2109000.0,2830000.0,0.0,-81371000.0,9495585.45,-3811414.5500000007,5.411641048420032,8.906590801327644,0.0,0.0,-0.41563439567047505,5.411641048420032,-0.1925435959110042,0.0,-0.7413792512492192,0.5709913078773301,0.0,0.0,0.0,0.0,8.796586059743955,-0.16454265159301132,-4.252389364084191,0.0,0.009523809523809532,0.10068815393888417,0.0,0.1096332783112791,0.0,-0.007234979553318654,-0.004943297470194824,0.686519519437386,0.0,-0.8560374142582535,Biotechnology,Healthcare,FENC
2007Q2,2007,Q2,2007-08-10,2007-06-30,-3179000.0,0.0,-3439000.0,-1.05,0.0,0.0,21665000.0,19473000.0,20967000.0,1483000.0,2192000.0,0.0,-78169000.0,9392132.25,-11218867.75,6.406593135440571,14.138233310856371,0.0,0.0,-0.17660350228521543,6.406593135440571,-0.1632516818158476,0.0,-0.7386074433784209,0.4823156293329225,0.0,0.0,0.0,0.0,14.04248145650708,-0.14673436418186014,-3.7049831360946746,0.0,0.4776119402985074,0.3024696444390993,0.0,0.014121614772808804,0.0,0.19884072580645162,0.16427703523693804,0.0,0.0,0.0,Biotechnology,Healthcare,FENC
2007Q1,2007,Q1,2007-05-14,2007-03-31,-3968000.0,0.0,-4115000.0,-2.01,0.0,0.0,23436000.0,20700000.0,22739000.0,2050000.0,2736000.0,0.0,-74990000.0,6099666.18,-16368333.82,10.486311564020705,11.09219512195122,0.0,0.0,-0.39758454106280194,10.486311564020705,-0.19169082125603865,0.0,-0.38430356476814514,0.29466986376811594,0.0,0.0,0.0,0.0,11.020487804878048,-0.1693121693121693,-0.9480363972645321,0.0,0.6404293381037567,-1.190701205861079,0.0,0.43137957892742634,0.0,0.3789402197092883,0.23457311407836742,-2.129418131360558,0.0,0.4278102125295018,Biotechnology,Healthcare,FENC
