Quarters,Year,Quarter,FillingDate,Date,NetIncome,Revenue,OperatingIncome,EPSDiluted,GrossProfit,GrossProfitRatio,TotalAssets,CommonStockEquity,CurrentAssets,CurrentLiability,TotalLiability,Inventory,RetainedEarnings,MarketCap,EnterpriseValue,bookValuePerShare,currentRatio,debtToAssets,debtToEquity,roic,shareholdersEquityPerShare,roe,priceToSalesRatio,peRatio,pbRatio,payoutRatio,inventoryTurnover,dividendYield,assetTurnover,quickRatio,returnOnAssets,priceToFreeCashFlowsRatio,grossProfitMargin,epsdilutedGrowth,fiveYNetIncomeGrowthPerShare,fiveYRevenueGrowthPerShare,fiveYShareholdersEquityGrowthPerShare,grossProfitGrowth,netIncomeGrowth,operatingIncomeGrowth,threeYNetIncomeGrowthPerShare,threeYRevenueGrowthPerShare,threeYShareholdersEquityGrowthPerShare,Industry,Sector,Symbol
2023Q1,2023,Q1,2023-05-09,2023-03-31,-507117.0,0.0,-951534.0,-0.0528,0.0,0.0,57137272.0,51922674.0,244259.0,2411473.0,5214598.0,0.0,-4188766.0,100933728.0,102178696.0,5.401445956697448,0.1012903731453763,0.022752223802354442,0.025037231325952126,-0.02253730337494032,5.401445956697448,-0.009766773567940664,0.0,-49.7586000863706,1.943923920405178,0.0,0.0,0.0,0.0,0.022820906557941972,-0.008875414983060444,-116.46759324967546,0.0,0.9999965080589107,0.0,0.0,0.0,1.0,-3.1922890145034364,-604592.0913077851,0.0,0.0,0.0,Shell Companies,Financial Services,GENQ
2022Q4,2022,Q4,2023-03-10,2022-12-31,-120964.227,0.0,-1.573841999983415,-15120.53,-971093.0,0.0,89099189.0,85137418.0,255388.0,1158646.0,3961771.0,0.0,-3160634.0,81.28,151827.28,10642177.25,0.2204193515534512,0.002805861678494066,0.0029364291973242597,-1.843181337842713e-08,10642177.25,-0.0014208115519782382,0.0,-0.00016798354773101638,9.546918606340633e-07,-322690.44301833137,0.0,480241141.7322835,0.0,0.08480070703217377,-0.0013576355560318287,-0.00024338462736220532,0.0,-303017.6332665331,0.0,0.0,14498962083.547283,-3.3413610271633196,-1.2163970629275553,0.999994249419038,0.0,0.0,14498962083.547283,Shell Companies,Financial Services,GENQ
2022Q3,2022,Q3,2022-11-04,2022-09-30,558992.0,0.0,-273684.0,0.0499,-223684.0,0.0,88475555.0,85485382.0,311144.0,187048.0,2990173.0,0.0,-2335280.0,111681008.82000001,111498797.82000001,7.63146095782196,1.6634446773020828,0.0,0.0,-0.01254524625632035,7.63146095782196,0.006539036112630344,0.0,49.94749872091193,1.3064339914864043,0.0,0.0,0.0,0.0,0.9741403276164406,0.006318038920467919,-614.2765694767586,0.0,7.565789473684211,7525.346068357801,0.0,5597.05994914421,-0.2788373582144164,7.788167290037403,-0.21684925659813617,7525.346068357801,0.0,5597.05994914421,Shell Companies,Financial Services,GENQ
2022Q2,2022,Q2,2022-08-11,2022-06-30,-82348.0,0.0,-224912.0,-0.0076,-174912.0,0.0,88293660.0,85342728.0,545587.0,147807.0,2950932.0,0.0,-2201280.0,107165625.0,106801605.0,7.915847234782609,3.6912121888679157,0.0,0.0,-0.0014126127822509397,7.915847234782609,-0.0009649093945063486,0.0,-325.3437393743624,1.2557089222645894,0.0,0.0,0.0,0.0,2.462806227039315,-0.0009326603971338373,-1141.4319873890954,0.0,0.44525547445255476,-766.7857004830918,0.0,0.0,0.0,0.0053388090349075976,0.2904849934068153,-766.7857004830918,0.0,0.0,Shell Companies,Financial Services,GENQ
2022Q1,2022,Q1,2022-05-11,2022-03-31,-82790.0,0.0,-316994.0,-0.0137,0.0,0.0,88375716.0,85496358.0,661425.0,76233.0,2879358.0,0.0,-2047650.0,59709375.0,59251468.0,14.175561948186528,8.676360631222698,0.0,0.0,-0.0019082648251306119,14.175561948186528,-0.0009683453416811041,0.0,-180.30370515762772,0.6983850119089283,-471482.06305109314,0.0,653.7331867901815,0.0,6.006676898456049,-0.0009367958048566192,-130.17540398182626,0.0,0.0,0.0,0.0,0.0,0.0,0.0,0.0,0.0,0.0,0.0,Shell Companies,Financial Services,GENQ
2021Q4,2021,Q4,2022-04-14,2021-12-31,0.0,0.0,0.0,0.0,0.0,0.0,182369.0,8222.0,9650.0,0.0,174147.0,0.0,-16778.0,110896820.10000001,110887170.10000001,0.0007339957983159518,0.0,0.0,0.0,,0.0007339957983159518,0.0,0.0,0.0,13487.81562880078,0.0,0.0,,0.0,0.0,0.0,0.0,0.0,1.0,0.0,0.0,0.0,0.0,1.0,1.0,0.0,0.0,0.0,Shell Companies,Financial Services,GENQ
2021Q3,2021,Q3,2021-09-30,2021-09-30,-40.0,0.0,-40.0,-7e-06,0.0,0.0,117200.0,8222.0,9830.0,108978.0,108978.0,0.0,-16778.0,59709375.0,59808523.0,0.0013632331606217617,0.09020169208464093,0.9298464163822525,13.254439309170518,-0.00034129692832764505,0.0013632331606217617,-0.004864996351252737,0.0,-373183.59375,7262.147287764534,,0.0,,0.0,0.09020169208464093,-0.00034129692832764505,0.0,0.0,0.30000000000000004,0.0,0.0,0.0,0.0,0.3333333333333333,0.3333333333333333,0.0,0.0,0.0,Shell Companies,Financial Services,GENQ
2021Q2,2021,Q2,2021-06-30,2021-06-30,-60.0,0.0,-60.0,-1e-05,0.0,0.0,,,,,,,,59709375.0,,,0.0,0.0,0.0,0.0,,0.0,0.0,-248789.0625,0.0,,0.0,,0.0,0.0,0.0,0.0,0.0,0.0,0.0,0.0,0.0,0.0,0.0,0.0,0.0,0.0,0.0,Shell Companies,Financial Services,GENQ
2021Q1,2021,Q1,2021-03-31,2021-03-31,,,,,,,64925.0,13317.0,14925.0,51608.0,51608.0,0.0,-11683.0,0.0,-14925.0,0.0,0.28919934893814914,0.0,0.0,,0.0,,0.0,0.0,0.0,0.0,0.0,,,0.28919934893814914,,0.0,0.0,0.0,0.0,0.0,0.0,0.0,0.0,0.0,0.0,0.0,0.0,Shell Companies,Financial Services,GENQ
