Quarters,Year,Quarter,FillingDate,Date,NetIncome,Revenue,OperatingIncome,EPSDiluted,GrossProfit,GrossProfitRatio,TotalAssets,CommonStockEquity,CurrentAssets,CurrentLiability,TotalLiability,Inventory,RetainedEarnings,MarketCap,EnterpriseValue,bookValuePerShare,currentRatio,debtToAssets,debtToEquity,roic,shareholdersEquityPerShare,roe,priceToSalesRatio,peRatio,pbRatio,payoutRatio,inventoryTurnover,dividendYield,assetTurnover,quickRatio,returnOnAssets,priceToFreeCashFlowsRatio,grossProfitMargin,epsdilutedGrowth,fiveYNetIncomeGrowthPerShare,fiveYRevenueGrowthPerShare,fiveYShareholdersEquityGrowthPerShare,grossProfitGrowth,netIncomeGrowth,operatingIncomeGrowth,threeYNetIncomeGrowthPerShare,threeYRevenueGrowthPerShare,threeYShareholdersEquityGrowthPerShare,Industry,Sector,Symbol
2023Q1,2023,Q1,2023-05-10,2023-03-31,105700000.0,842900000.0,152200000.0,1.84,361600000.0,0.4289951358,4336000000.0,2015200000.0,1695800000.0,974500000.0,2318300000.0,492900000.0,2901900000.0,6412750000.0,7091750000.0,35.667256637168144,1.740174448435095,0.2742619926199262,0.5901151250496228,0.03733333073422058,35.667256637168144,0.052451369591107584,7.6079606121722625,15.167336802270578,3.182190353314807,0.25165562913907286,0.9764658145668492,0.004147986433277455,0.19439575645756457,1.0361210877373013,0.02437730627306273,-76.61589008363202,0.4289951358405505,-0.016042780748663114,0.6257139544769486,0.11455320864290898,0.47379237350424847,0.07491082045184304,-0.00937207122774133,0.177107501933488,0.7516374499746349,0.0994018590836343,0.4924812768755245,Specialty Industrial Machinery,Industrials,CR
2022Q4,2022,Q4,2023-03-01,2022-12-31,106700000.0,824100000.0,129300000.0,1.87,336400000.0,0.408202888,4397000000.0,1907100000.0,1698600000.0,1477900000.0,2487400000.0,439800000.0,2822800000.0,5645290000.0,6230690000.0,33.93416370106762,1.149333513769538,0.28269274505344555,0.6517749462534739,0.03746053576702959,33.93416370106762,0.05594882281998846,6.850248756218906,13.227014995313965,2.960143673640606,0.24742268041237114,1.108913142337426,0.00467646480517387,0.1874232431203093,0.7661546789363286,0.024266545371844438,27.564892578125,0.40820288799902926,2.7641509433962264,4.929458008357409,0.21957973035056016,0.4984309573620402,0.020940819423368742,2.7993254637436764,-0.05689277899343545,2.003244249476938,0.04177935943060501,0.37007718003224754,Specialty Industrial Machinery,Industrials,CR
2022Q3,2022,Q3,2022-11-01,2022-09-30,-59300000.0,815100000.0,137100000.0,-1.06,329500000.0,0.4042448779,4132400000.0,1708300000.0,1482300000.0,1075800000.0,2421600000.0,435700000.0,2752000000.0,4910994000.0,5734194000.0,30.45098039215686,1.3778583379810374,0.3053431419998064,0.7386290464204179,0.07770860813213282,30.45098039215686,-0.034712872446291634,6.02502024291498,-20.704021922428332,2.8747842884739216,-0.4451939291736931,1.1145283451916457,0.005375693800481124,0.19724615235698384,0.8602900167317346,-0.014350014519407608,-11.196976744186047,0.4042448779290885,-1.2150101419878296,-1.922198524837821,0.24227618910763046,0.3137795180431682,0.002738892270237371,-1.2114081996434938,0.10209003215434084,-1.87479255024894,0.12879024457121968,0.07632331283028665,Specialty Industrial Machinery,Industrials,CR
2022Q2,2022,Q2,2022-08-03,2022-06-30,280500000.0,864300000.0,124400000.0,4.93,328600000.0,0.3801920629,4521400000.0,1886900000.0,1728400000.0,845300000.0,2634500000.0,442900000.0,2837700000.0,4912116000.0,5223816000.0,33.63458110516934,2.0447178516503017,0.21283230857698943,0.5099899305739573,0.03206277188397522,33.63458110516934,0.14865652657798506,5.683346060395696,4.378,2.6032730934336743,0.09411764705882353,1.2095281101828854,0.00537446591244995,0.19115760605122306,1.366023896841358,0.06203830671915778,53.21902491874323,0.3801920629411084,2.00609756097561,3.299132947976878,0.3048851504367518,0.5178290297744222,0.003971891231286282,1.961985216473073,-0.0688622754491018,2.291208791208791,0.09653562859640911,0.20497093791844706,Specialty Industrial Machinery,Industrials,CR
2022Q1,2022,Q1,2022-05-04,2022-03-31,94700000.0,801100000.0,133600000.0,1.64,327300000.0,0.4085632256,4353200000.0,1726200000.0,1652300000.0,797800000.0,2627000000.0,471300000.0,2605900000.0,6182788000.0,6822288000.0,30.231173380035028,2.0710704437202305,0.2174722043554167,0.5484300776271579,0.03717152956611072,30.231173380035028,0.054860386977175296,7.717872924728498,16.322038014783526,3.5817332869887615,0.2819429778247096,1.00530447697857,0.004318440160005486,0.18402554442708813,1.0426171972925544,0.02175411191766976,-90.92335294117647,0.4085632255648483,0.41379310344827586,0.558616268064757,0.23547000166965137,0.4694332634721944,0.13645833333333332,0.37445573294629897,0.42127659574468085,0.20361569720980055,0.008753619440864134,0.13656743878165142,Specialty Industrial Machinery,Industrials,CR
2021Q4,2021,Q4,2022-02-28,2021-12-31,68900000.0,770500000.0,94000000.0,1.16,288000000.0,0.3737832576,4486600000.0,1832300000.0,1744200000.0,795200000.0,2651500000.0,440900000.0,2527300000.0,5941032000.0,6406632000.0,31.375,2.1934104627766597,0.2104488922569429,0.5153086284996998,0.028162048267870537,31.375,0.03760301260710582,7.710619078520441,21.556719883889695,3.242390438247012,0.36429608127721336,1.094352460875482,0.0042248552103405605,0.17173360674007043,1.2131539235412474,0.015356840369099095,40.94439696760855,0.3737832576249189,-0.40816326530612246,2.0839362157534245,0.1383380737494848,0.6271388251896278,-0.11220715166461159,-0.4090909090909091,-0.31982633863965265,-0.21302943976902758,-0.06512701861884788,0.22478185277522628,Specialty Industrial Machinery,Industrials,CR
2021Q3,2021,Q3,2021-11-02,2021-09-30,116600000.0,833500000.0,138200000.0,1.96,324400000.0,0.3892021595680864,4474500000.0,1807600000.0,1761500000.0,765200000.0,2664100000.0,445800000.0,2480600000.0,5565347000.0,5979447000.0,30.793867120954005,2.302012545739676,0.19329534026148174,0.478479752157557,0.04360446278257757,30.793867120954005,0.06450542155344102,6.677080983803239,11.93256217838765,3.0788598141181676,0.2169811320754717,1.1419919246298789,0.00454598787820418,0.18627779640183262,1.2779665446941977,0.02605877751704101,51.105114784205696,0.3892021595680864,-0.15879828326180262,0.8299641846302434,0.1965717895220411,0.3729450701743841,0.015018773466833541,-0.1569052783803326,0.009495982468955442,0.22253991113296678,-0.009465624481193221,0.20439849785177808,Specialty Industrial Machinery,Industrials,CR
2021Q2,2021,Q2,2021-08-04,2021-06-30,138300000.0,796400000.0,136900000.0,2.33,319600000.0,0.401305876443998,4423200000.0,1725200000.0,1672300000.0,758800000.0,2695100000.0,456900000.0,2389300000.0,5403645000.0,5898145000.0,29.49059829059829,2.2038745387453873,0.19922228251039972,0.5107813586830512,0.04250771458460395,29.49059829059829,0.08016461859494552,6.785089151180311,9.767977223427332,3.1321846742406683,0.1822125813449024,1.0435543882687677,0.004663518791482416,0.18005064206909024,1.13297311544544,0.03126695604991861,36.6348813559322,0.401305876443998,0.2663043478260869,1.0209263854425146,0.1144022254384511,0.36658602681971253,-0.0009377930603313535,0.275830258302583,-0.06489071038251366,0.7489085883137928,-0.04496309018048149,0.21966658673274533,Specialty Industrial Machinery,Industrials,CR
2021Q1,2021,Q1,2021-05-05,2021-03-31,108400000.0,833500000.0,146400000.0,1.84,319900000.0,0.38380323935212957,4586500000.0,1595000000.0,1642400000.0,1034600000.0,2988500000.0,436900000.0,2276200000.0,5465562000.0,6100762000.0,27.40549828178694,1.587473419679103,0.2646026381772594,0.7608777429467085,0.04087185228859178,27.40549828178694,0.06796238244514106,6.557362927414517,12.605078413284133,3.4266846394984327,0.23062730627306274,1.1755550469214924,0.004574095033593984,0.18172898724517605,1.0402087763386816,0.02363457974490352,120.65258278145696,0.38380323935212957,1.3,0.970909090909091,0.2628787878787879,0.3147049126277612,0.35092905405405406,1.3162393162393162,1.4855687606112054,0.6185416948033434,0.0699311209646935,0.1324115776735052,Specialty Industrial Machinery,Industrials,CR
2020Q4,2020,Q4,2021-02-23,2020-12-31,46800000.0,726400000.0,58900000.0,0.8,236800000.0,0.32599118942731276,4588900000.0,1528900000.0,1573700000.0,1056600000.0,3057800000.0,438200000.0,2192800000.0,4512046000.0,5289546000.0,26.31497418244406,1.4893999621427219,0.2895029309856393,0.8689253711818955,0.018656326571520016,26.31497418244406,0.030610242658120217,6.2115170704845815,24.10280982905983,2.9511714304401857,0.5341880341880342,1.117298037425833,0.00554072365396984,0.15829501623482753,0.944633730834753,0.010198522521737235,51.33158134243458,0.32599118942731276,-0.17525773195876282,-0.28220858895705525,0.06745040411462155,0.3418465859224152,-0.07608271556769411,-0.17314487632508835,-0.30624263839811544,2.667148434454593,0.039839479532724584,0.1619903853978421,Specialty Industrial Machinery,Industrials,CR
2020Q3,2020,Q3,2020-10-28,2020-09-30,56600000.0,734800000.0,84900000.0,0.97,256300000.0,0.34880239520958084,4623000000.0,1506500000.0,1622100000.0,1143100000.0,3113900000.0,456000000.0,2171100000.0,2912553000.0,3715353000.0,25.929432013769365,1.4190359548595923,0.29145576465498596,0.8943909724527049,0.022150458687177816,25.929432013769365,0.03757052771324262,3.963735710397387,12.86463339222615,1.9333242615333555,0.4416961130742049,1.049342105263158,0.008583534788894828,0.1589444083928185,0.8732394366197183,0.012243132165260653,23.41280546623794,0.34880239520958084,2.88,-0.005272407732864708,0.09688013136289003,0.37041753843354863,0.1330680813439434,2.824324324324324,1.7836065573770492,-0.15009009645620605,0.08134218148639974,0.11870147546898502,Specialty Industrial Machinery,Industrials,CR
2020Q2,2020,Q2,2020-07-29,2020-06-30,14800000.0,677900000.0,30500000.0,0.25,226200000.0,0.33367753355952207,4630300000.0,1421100000.0,1629300000.0,1227200000.0,3206700000.0,475100000.0,2139400000.0,3448680000.0,4307180000.0,24.501724137931035,1.3276564537157758,0.3132842364425631,1.0207585673070156,0.008251372562998058,24.501724137931035,0.010414467665892619,5.087299011653636,58.254729729729725,2.4267679966223348,1.6824324324324325,0.9507472111134498,0.007220153797974878,0.1464052005269637,0.8564211212516297,0.0031963371703777293,32.4124060150376,0.33367753355952207,-0.7619047619047619,-0.7347670250896057,-0.04682227221597293,0.3149810308133616,-0.21212121212121213,-0.7643312101910829,-0.6557562076749436,-0.7805959736894558,-0.01006135722174505,0.10569024361539371,Specialty Industrial Machinery,Industrials,CR
2020Q1,2020,Q1,2020-04-30,2020-03-31,62800000.0,797900000.0,88600000.0,1.05,287100000.0,0.3598195262564231,4464600000.0,1405200000.0,1446200000.0,1057600000.0,3057100000.0,489500000.0,2149500000.0,2891784000.0,3833984000.0,23.897959183673468,1.3674357034795763,0.2788603682300766,0.88599487617421,0.02591001688550708,23.897959183673468,0.04469114716766297,3.624243639553829,11.51187898089172,2.0579163108454313,0.40605095541401276,1.0435137895812052,0.008818085998124342,0.17871701832191014,0.8135400907715582,0.014066209738834386,-66.78484988452657,0.3598195262564231,1.5548401347046164,0.21433230826577224,0.1614631562701686,0.37282126613746147,-0.012723521320495186,1.5577264653641207,1.654357459379616,0.0037086149832358506,0.1949582179174016,0.1615975242556038,Specialty Industrial Machinery,Industrials,CR
2019Q4,2019,Q4,2020-02-25,2019-12-31,-112600000.0,837500000.0,-135400000.0,-1.892437,290800000.0,0.3472238805970149,4423700000.0,1473700000.0,1499900000.0,916700000.0,2947400000.0,457300000.0,2112200000.0,5139610000.0,5852610000.0,24.768067226890757,1.63619504745282,0.25022040373443044,0.7511026667571419,-0.03872397209494515,24.768067226890757,-0.0764063242179548,6.13684776119403,-11.411212255772647,3.4875551333378567,-0.20515097690941386,1.1954952984911438,0.004494504446835461,0.1893211564979542,1.0506163412239555,-0.0254538056378145,25.071268292682927,0.3472238805970149,-2.590283193277311,-2.9703402545106847,0.12746365075651506,0.3678444603275186,0.046419575386829795,-2.553103448275862,-2.2387923147301008,-0.738676470588235,0.21444909585257424,0.2844966951324542,Specialty Industrial Machinery,Industrials,CR
2019Q3,2019,Q3,2019-10-30,2019-09-30,72500000.0,772300000.0,109300000.0,1.19,277900000.0,0.3598342612974233,4158500000.0,1697500000.0,1456900000.0,649000000.0,2458500000.0,445500000.0,2247900000.0,4837800000.0,5391300000.0,28.291666666666668,2.2448382126348227,0.22659612841168691,0.5551104565537556,0.0320808722047521,28.291666666666668,0.042709867452135494,6.264146057231645,16.682068965517242,2.8499558173784973,0.32275862068965516,1.1097643097643097,0.004836909338955724,0.18571600336659852,1.4468412942989215,0.017434170975111216,46.65188042430087,0.3598342612974233,-0.2066666666666667,1.5377194700665975,0.04349943567134479,0.3230012100902177,-0.09360730593607305,-0.2032967032967033,-0.10993485342019543,0.11318897637795278,0.08469101123595497,0.2613844219190612,Specialty Industrial Machinery,Industrials,CR
2019Q2,2019,Q2,2019-07-30,2019-06-30,91000000.0,841600000.0,122800000.0,1.5,306600000.0,0.3643060836501901,4141800000.0,1672000000.0,1379900000.0,634600000.0,2467400000.0,430600000.0,2198800000.0,5016026000.0,5657126000.0,27.913188647746242,2.174440592499212,0.2289101356897967,0.5670454545454545,0.035991797910248216,27.913188647746242,0.05442583732057416,5.960106939163498,13.780291208791208,3.0000155502392345,0.256043956043956,1.2424523920111472,0.004645111488656558,0.20319667777294895,1.3649543019224708,0.02197112366603892,36.720541727672035,0.3643060836501901,0.10294117647058816,0.49848359144117393,0.10294024379348012,0.24994470286676124,0.004916420845624385,0.10436893203883495,0.08003518029903255,0.2986698260541763,0.1501261814715999,0.2934893078162356,Specialty Industrial Machinery,Industrials,CR
2019Q1,2019,Q1,2019-05-01,2019-03-31,82400000.0,831700000.0,113700000.0,1.36,305100000.0,0.3668390044487195,4142300000.0,1590600000.0,1371300000.0,703700000.0,2549300000.0,440600000.0,2131100000.0,5157750000.0,5904250000.0,26.598662207357858,1.9486997299985789,0.24220843492745575,0.6307682635483466,0.03463862829370234,26.598662207357858,0.051804350559537284,6.201454851508958,15.648513349514564,3.242644285175406,0.28398058252427183,1.1951883794825238,0.004536862003780719,0.20078217415445526,1.2030694898394203,0.019892330347874368,-42.90973377703827,0.3668390044487195,-0.06849315068493142,0.6562061965926462,0.13533486830278435,0.2462266181283088,0.03388681802778719,-0.07623318385650224,0.0326975476839237,0.45809668592277286,0.2264350866524779,0.27599912666355697,Specialty Industrial Machinery,Industrials,CR
2018Q4,2018,Q4,2019-02-26,2018-12-31,89200000.0,839700000.0,110100000.0,1.46,295100000.0,0.3514350363224961,4042700000.0,1524200000.0,1362900000.0,740200000.0,2515600000.0,411500000.0,2072100000.0,4294710000.0000005,4900510000.0,25.616806722689077,1.8412591191569847,0.23479357854898952,0.6227529195643616,0.03799007648274189,25.616806722689077,0.058522503608450335,5.114576634512327,12.036743273542601,2.8176814066395486,0.23318385650224216,1.3234507897934387,0.00484316752469899,0.20770772008805996,1.182383139691975,0.022064461869542633,27.147345132743364,0.3514350363224961,-0.08176100628930824,0.7541670061981257,0.20449692031060204,0.23712994297882825,-0.05112540192926045,-0.08041237113402062,-0.11138014527845036,0.33590761457957413,0.20491161343302927,0.30624580532581647,Specialty Industrial Machinery,Industrials,CR
2018Q3,2018,Q3,2018-11-02,2018-09-30,97000000.0,855800000.0,123900000.0,1.59,311000000.0,0.3634026641738724,4110000000.0,1526400000.0,1403200000.0,834600000.0,2580500000.0,412000000.0,2003700000.0,5891793000.0,6611993000.0,25.5678391959799,1.6812844476395878,0.2539659367396594,0.6838312368972747,0.039735467462449006,25.5678391959799,0.06354821802935011,6.8845442860481425,15.185033505154639,3.8599272798742135,0.2154639175257732,1.3223300970873786,0.0035473072458587734,0.20822384428223845,1.0946561226935059,0.023600973236009733,99.18843434343434,0.3634026641738724,0.20454545454545456,0.6521496468473659,0.3062651726485471,0.35088706178126805,0.0183366077275704,0.20198265179677818,0.09646017699115045,0.6590568542772446,0.24326613912474254,0.35130670179790063,Specialty Industrial Machinery,Industrials,CR
2018Q2,2018,Q2,2018-08-03,2018-06-30,80700000.0,851000000.0,113000000.0,1.32,305400000.0,0.35887191539365454,4120500000.0,1443500000.0,1373800000.0,861300000.0,2673900000.0,411500000.0,1927600000.0,4783761000.0,5574061000.0,24.179229480737018,1.5950307674445605,0.2690207499089916,0.767925181849671,0.0340640137942988,24.179229480737018,0.05590578455143748,5.621340775558167,14.819581784386617,3.314001385521302,0.2589838909541512,1.3258809234507898,0.004368947361709751,0.20652833394005582,1.027748751886683,0.019585001820167456,117.53712530712531,0.35887191539365454,0.16814159292035416,0.42649794513259515,0.2723866434531154,0.3775717561115099,0.0989564591579705,0.17467248908296942,0.19830328738069988,0.4050539435528898,0.16249601965583452,0.2976730914062616,Specialty Industrial Machinery,Industrials,CR
2018Q1,2018,Q1,2018-05-02,2018-03-31,68700000.0,799100000.0,94300000.0,1.13,277900000.0,0.3477662370166437,4490500000.0,1444800000.0,1636900000.0,912000000.0,3042400000.0,406500000.0,1867700000.0,5536578000.0,6305478000.0,24.201005025125628,1.7948464912280702,0.3142634450506625,0.9767441860465116,0.02687619479071249,24.201005025125628,0.04754983388704319,6.928517081716931,20.147663755458513,3.8320722591362126,0.3042212518195051,1.2821648216482164,0.003774894889948268,0.1779534572987418,1.2728070175438597,0.015298964480570092,118.55627408993576,0.3477662370166437,3.3387455631099106,0.1445411202332022,0.22595106905586618,0.4427894399450661,0.07463263727764888,3.3937282229965158,0.0374037403740374,0.30839127142562134,0.14567410811669823,0.3902297725526983,Specialty Industrial Machinery,Industrials,CR
2017Q4,2017,Q4,2018-02-27,2017-12-31,-28700000.0,714200000.0,90900000.0,-0.483165,258600000.0,0.36208345001400166,3593500000.0,1345200000.0,1518500000.0,837500000.0,2245000000.0,349300000.0,1813300000.0,5299668000.0,5336968000.0,22.646464646464647,1.8131343283582089,0.20690134965910673,0.5527059173357122,-0.015032233488273337,22.646464646464647,-0.021335117454653583,7.420425651078129,-46.16435540069686,3.939687778768956,-0.6829268292682927,1.3043229315774405,0.003698344877452701,0.19874773897314596,1.3726567164179104,-0.00798664254904689,41.21048211508554,0.36208345001400166,-1.4275796460176993,-1.603458710022552,0.08836564509902203,0.40576388779589423,0.01650943396226415,-1.4208211143695015,-0.13757115749525617,-1.5030547535172882,-0.03690727991289943,0.25067656385549636,Specialty Industrial Machinery,Industrials,CR
2017Q3,2017,Q3,2017-11-07,2017-09-30,68200000.0,695900000.0,105400000.0,1.13,254400000.0,0.3655697657709441,3607100000.0,1379100000.0,1422800000.0,535200000.0,2216800000.0,376200000.0,1861600000.0,4759405000.0,4933105000.0,23.1781512605042,2.6584454409566516,0.20678661528651826,0.540859981147125,0.035026804123711335,23.1781512605042,0.04945254151258067,6.839208219571778,17.44649926686217,3.4510949169748386,0.2859237536656892,1.1735778841042,0.004097150799312099,0.19292506445621135,1.9198430493273542,0.018907155332538603,52.70658914728682,0.3655697657709441,-0.008771929824561412,0.1461783572072155,0.03423953242426316,0.4326505921061514,-0.01471727343144849,-0.014450867052023121,-0.03302752293577982,1.4072670116516992,-0.05182761005223229,0.08387825031992323,Specialty Industrial Machinery,Industrials,CR
2017Q2,2017,Q2,2017-08-03,2017-06-30,69200000.0,702500000.0,109000000.0,1.14,258200000.0,0.3675444839857651,3533800000.0,1318500000.0,1352300000.0,487200000.0,2202700000.0,367700000.0,1813000000.0,4723110000.0,4959510000.0,22.159663865546218,2.775656814449918,0.21101929933782332,0.5655669321198331,0.03670394965538025,22.159663865546218,0.05248388320060675,6.723288256227758,17.06325867052023,3.582184300341297,0.2846820809248555,1.208322001631765,0.004170980561536784,0.19879449883977587,1.9780377668308702,0.019582319316316713,84.7955116696589,0.3675444839857651,0.08571428571428558,0.07379339191320533,0.036938472107337875,0.42896783248042475,0.058630586305863056,0.09667194928684628,0.12836438923395446,0.14716674950798447,-0.07316496541663947,-0.007696511652964288,Specialty Industrial Machinery,Industrials,CR
2017Q1,2017,Q1,2017-05-05,2017-03-31,63100000.0,673400000.0,96600000.0,1.05,243900000.0,0.36219186219186217,3451000000.0,1220000000.0,1318500000.0,484100000.0,2218700000.0,356900000.0,1763400000.0,4437419000.0,4678119000.0,20.57335581787521,2.723610824209874,0.21602434077079108,0.6110655737704918,0.03539312526752001,20.57335581787521,0.051721311475409835,6.589573804573805,17.58089936608558,3.63722868852459,0.31061806656101426,1.2034183244606331,0.004416982033925577,0.195131845841785,1.94567238173931,0.0182845552013909,-727.4457377049181,0.36219186219186217,1.963302752293578,0.1923383103155332,-0.0007631479678215194,0.34240350740028164,-0.015341138473960436,1.9859375,2.054585152838428,0.27897790936712275,-0.0730060979788308,-0.036076948359884765,Specialty Industrial Machinery,Industrials,CR
2016Q4,2016,Q4,2017-02-28,2016-12-31,-64000000.0,681500000.0,-91600000.0,-1.09,247700000.0,0.36346294937637563,3428000000.0,1133800000.0,1315700000.0,520800000.0,2282300000.0,342500000.0,1719900000.0,4240656000.0000005,4476256000.0,19.282312925170068,2.526305683563748,0.21741540256709452,0.6573469747750926,-0.03061738891458498,19.282312925170068,-0.05644734521079556,6.222532648569333,-16.5650625,3.7402152055036164,-0.303125,1.2665693430656935,0.004574763904452518,0.198803967327888,1.7743855606758832,-0.01866977829638273,31.021623994147774,0.36346294937637563,-2.018691588785047,0.49645217835873645,0.0622581782888103,0.37204805701063126,0.011020408163265306,-2.0078740157480315,-1.882466281310212,-2.273578437128684,-0.010793319733062166,-0.06878609235525109,Specialty Industrial Machinery,Industrials,CR
2016Q3,2016,Q3,2016-11-03,2016-09-30,63500000.0,694200000.0,103800000.0,1.07,245000000.0,0.3529242293287237,3409200000.0,1312100000.0,1309900000.0,556600000.0,2085200000.0,372300000.0,1803300000.0,3686085000.0,4028985000.0,22.429059829059828,2.353395616241466,0.2285580194767101,0.5938571755201585,0.03328103647441657,22.429059829059828,0.048395701547138174,5.3098314606741575,14.512145669291339,2.80930188247847,0.30393700787401573,1.2065538544184797,0.005235907473647515,0.2036254839845125,1.5873158462091268,0.01862607063240643,35.20616045845272,0.3529242293287237,-0.06956521739130422,0.19926470349005548,0.04455227743271223,0.21300399125089778,-0.06879513492968453,-0.0689149560117302,0.011695906432748537,0.10374776697788718,0.08133968089639722,0.18504839219103483,Specialty Industrial Machinery,Industrials,CR
2016Q2,2016,Q2,2016-08-03,2016-06-30,68200000.0,712200000.0,102600000.0,1.15,263100000.0,0.36941870261162596,3432400000.0,1258100000.0,1308500000.0,601600000.0,2162600000.0,389400000.0,1759200000.0,3306776000.0,3743776000.0,21.57975986277873,2.175033244680851,0.2464456357067941,0.6723630871949765,0.035635419713366485,21.57975986277873,0.054208727446148956,4.643044088739118,12.121612903225806,2.6283888403147606,0.2829912023460411,1.1533127889060093,0.005836500567319952,0.2074932991492833,1.4371675531914894,0.01986947908169211,61.010627306273065,0.36941870261162596,0.23655913978494608,0.349236353515557,0.10388064164792403,0.1613407105901781,0.1248396750748183,0.24,0.2,0.23449054128119232,0.09042873418616261,0.22947125814393932,Specialty Industrial Machinery,Industrials,CR
2016Q1,2016,Q1,2016-05-06,2016-03-31,55000000.0,660000000.0,85500000.0,0.93,233900000.0,0.3543939393939394,3395000000.0,1213200000.0,1254700000.0,575600000.0,2170100000.0,401900000.0,1710100000.0,3134652000.0,3603552000.0,20.84536082474227,2.1798123697011813,0.2423858615611193,0.6782888229475766,0.030260584953341534,20.84536082474227,0.04533465215957798,4.749472727272727,14.248418181818183,2.583788328387735,0.3490909090909091,1.0602139835780044,0.006125081827265036,0.19440353460972018,1.3980194579569145,0.016200294550810016,-108.09144827586206,0.3543939393939394,-0.1621621621621622,0.13732750600773666,0.08257377304200147,0.16737062626703317,-0.021338912133891212,-0.15644171779141106,-0.17391304347826086,-0.06008474309695539,0.03864536656443049,0.24273625986020786,Specialty Industrial Machinery,Industrials,CR
2015Q4,2015,Q4,2016-02-23,2015-12-31,65200000.0,680500000.0,103500000.0,1.11,239000000.0,0.35121234386480527,3341600000.0,1139400000.0,1203500000.0,572800000.0,2190800000.0,376900000.0,1674300000.0,2779504000.0,3214904000.0,19.611015490533564,2.101082402234637,0.23907708881972708,0.70115850447604,0.03710660311280984,19.611015490533564,0.057223099877128314,4.0845025716385015,10.65760736196319,2.4394453220993504,0.294478527607362,1.17139824887238,0.006907707274391402,0.20364496049796504,1.3645251396648044,0.01951161120421355,27.196712328767124,0.35121234386480527,0.14432989690721662,0.6618794229857964,0.1902208162372774,0.16139651956133824,0.0033585222502099076,0.14586994727592267,0.11051502145922747,0.40159833092777736,0.06021372194781779,0.2173404462891163,Specialty Industrial Machinery,Industrials,CR
2015Q3,2015,Q3,2015-11-06,2015-09-30,56900000.0,669900000.0,93200000.0,0.97,238200000.0,0.3555754590237349,3402700000.0,1099300000.0,1240300000.0,652300000.0,2292300000.0,401600000.0,1628300000.0,2708041000.0,3219741000.0,18.920826161790018,1.901425724359957,0.24889058688688395,0.7703993450377513,0.0324935302947021,18.920826161790018,0.05176021104339125,4.042455590386625,11.898246924428822,2.4634230874192666,0.335676625659051,1.0749501992031874,0.007053068989723568,0.19687307138448878,1.2046604323164187,0.01672201487054398,43.961704545454545,0.3555754590237349,0.02105263157894739,0.38283922579966706,0.20517287102661838,0.16602852075063856,-0.009563409563409564,0.01971326164874552,0.03325942350332594,-0.02068833257380877,0.019588923341641,0.16950366313367324,Specialty Industrial Machinery,Industrials,CR
2015Q2,2015,Q2,2015-08-05,2015-06-30,55800000.0,711200000.0,90200000.0,0.95,240500000.0,0.33816085489313835,3428100000.0,1080700000.0,1224400000.0,655800000.0,2336300000.0,387900000.0,1590500000.0,3406340000.0,3951940000.0,18.632758620689657,1.8670326318999695,0.25433913829818267,0.8067918941426853,0.031645714211117205,18.632758620689657,0.051633200703247895,4.7895669291338585,15.26137992831541,3.151975571388914,0.34408602150537637,1.2134570765661252,0.005636548318723322,0.20746185933899244,1.1875571820677036,0.016277238120241535,71.41174004192872,0.33816085489313835,0.0919540229885057,0.4154122197161702,0.30667135906408866,0.23569800904249824,0.015625,0.09197651663405088,0.04883720930232558,-0.11174470787048214,0.07692976220598716,0.20153504407326656,Specialty Industrial Machinery,Industrials,CR
2015Q1,2015,Q1,2015-05-08,2015-03-31,51100000.0,678800000.0,86000000.0,0.87,236800000.0,0.34885091337654683,3387300000.0,1011400000.0,1182700000.0,661600000.0,2365000000.0,377600000.0,1553900000.0,3626021000.0,4205821000.0,17.407917383820998,1.7876360338573156,0.25881970891270334,0.8668182717025905,0.030703460721615207,17.407917383820998,0.05052402610243227,5.341810548025928,17.73982876712329,3.5851502867312637,0.37377690802348335,1.1705508474576272,0.005267481903717602,0.20039559531190032,1.1390568319226118,0.015085761520975408,-166.3312385321101,0.34885091337654683,-0.08421052631578943,0.5521374176975095,0.29216942689191044,0.1355047724218907,-0.04907236366556903,-0.09094143599231481,-0.04008215110892835,-0.014470564694611459,0.028053521573798843,0.13585987426863572,Specialty Industrial Machinery,Industrials,CR
2014Q4,2014,Q4,2015-02-25,2014-12-31,56212000.0,730658000.0,89591000.0,0.95,249020000.0,0.3408160863221918,3450785000.0,1059752000.0,1195184000.0,640025000.0,2380184000.0,369719000.0,1521990000.0,3435476200.0,3939229200.0,18.107371082937497,1.8674020546072418,0.24632627068913304,0.8020923763295563,0.03165963324425165,18.107371082937497,0.05304259864572088,4.701893635599692,15.279104995374652,3.2417737357419476,0.340229844161389,1.3027136825535068,0.005566913838611369,0.21173674975404147,1.2149806648177806,0.0162896268530204,24.726863254568617,0.3408160863221918,1.0212765957446808,0.18166384783397235,0.34348749208629464,0.19896463611476248,-0.008370433494476788,1.0019231454111615,0.8769195315609746,1.4443429236647505,0.1442129272364869,0.28844415129704987,Specialty Industrial Machinery,Industrials,CR
2014Q3,2014,Q3,2014-11-07,2014-09-30,28079000.0,727413000.0,47733000.0,0.47,251122000.0,0.3452261645035214,3554105000.0,1261063000.0,1226084000.0,657910000.0,2282275000.0,409044000.0,1484903000.0,3727556910.0,4289900910.0,21.384460158382932,1.8636044443768904,0.24310367870392124,0.685148957665081,0.01629172864924041,21.384460158382932,0.022266135791788357,5.124402382140545,33.1881202143951,2.95588476547167,0.6932583069197621,1.1644004068022022,0.005222187204648205,0.20466840456317414,1.165797753492119,0.007900441883399618,65.74406345902854,0.3452261645035214,-0.53,-0.2069784236517774,0.30968710689998596,0.46987715020368087,-0.041756816057085075,-0.5296413555120023,-0.5108321377331421,-0.4739338751066645,0.08578541335613854,0.15651015782909977,Specialty Industrial Machinery,Industrials,CR
2014Q2,2014,Q2,2014-08-06,2014-06-30,59697000.0,750096000.0,97580000.0,1.0,262065000.0,0.34937527996416456,3632763000.0,1314948000.0,1261093000.0,698790000.0,2307036000.0,401510000.0,1476291000.0,4378539880.0,4967345880.0,22.331538814258785,1.804680948496687,0.24857057837243993,0.6867176496713178,0.030412222020758464,22.331538814258785,0.04539875341078126,5.837305998165568,18.336515570296662,3.3298197951553976,0.2961120324304404,1.2154890289158427,0.004037190589662963,0.20648085217780515,1.1512357074371413,0.0164329464927935,82.79047554219373,0.34937527996416456,0.2195121951219513,1.13444515481908,0.3651825028769819,0.6331680676430647,0.03136216233234683,0.22621395119546464,0.19897771115425258,0.16932380877178674,0.1511068113828593,0.20179859831785762,Specialty Industrial Machinery,Industrials,CR
2014Q1,2014,Q1,2014-05-08,2014-03-31,48684000.0,716830000.0,81386000.0,0.82,254096000.0,0.3544717715497398,3553345000.0,1248928000.0,1170085000.0,680973000.0,2293900000.0,389301000.0,1434270000.0,4163413400.0000005,4806124400.0,21.343359081276915,1.718254615087529,0.25130827431617253,0.71500118501627,0.025877332577477808,21.343359081276915,0.03898062978810628,5.808090342201081,21.379782885547616,3.333589606446489,0.36184372689179195,1.1886278226873292,0.00423114360923179,0.20173385922278866,1.0723435437234663,0.013700893102133342,-147.101487474826,0.3544717715497398,-0.023809523809523832,1.0862076020992981,0.289871978568147,0.7083022299938376,0.12010085915424662,-0.020560898080714603,-0.020873184875061658,0.0012844238419248138,0.16944039702864017,0.19525925537249406,Specialty Industrial Machinery,Industrials,CR
2013Q4,2013,Q4,2014-02-25,2013-12-31,49706000.0,681449000.0,83121000.0,0.84,226851000.0,0.33289505157392557,3559607000.0,1204319000.0,1149092000.0,668902000.0,2344934000.0,368886000.0,1403202000.0,3911327250.0,4515680250.0,20.706641907807636,1.7178779552161603,0.24581252930449907,0.726548364677465,0.024855900282665367,20.706641907807636,0.04127311783671934,5.7397211676882645,19.67230942944514,3.247750180807577,0.3519494628415081,1.2323536268657527,0.004472650556150729,0.19143939204524543,1.0927863872435724,0.013963901071101388,28.345415905730935,0.33289505157392557,-0.13402061855670103,7.010775030690337,0.16221729661748288,0.6399236641868568,0.04927427635778314,-0.12996446762703262,-0.06615061398285567,0.26562486230520366,0.19063059427683937,0.22628131394517795,Specialty Industrial Machinery,Industrials,CR
2013Q3,2013,Q3,2013-11-05,2013-09-30,57131000.0,637515000.0,89009000.0,0.97,216198000.0,0.33912613820851273,2858145000.0,1099509000.0,1220198000.0,592728000.0,1748669000.0,361026000.0,1370949000.0,3582595310.0,3503083310.0,18.92670373366843,2.0586137317622923,0.11332245214990842,0.29457876197466326,0.04372841103868544,18.92670373366843,0.05196046598981909,5.619625122546136,15.67710748105232,3.2583592403518296,0.30526334214349476,1.1669990526998055,0.004867979353213634,0.22305201450591206,1.382546463133174,0.019988838914750652,48.758050954720524,0.33912613820851273,0.043010752688171956,0.6301909681789055,0.021302119425541142,0.22005444535575053,-0.029287763614567103,0.04113059007909028,0.0018346352114895438,0.3886205164914622,0.14704935392339283,0.1663907362471706,Specialty Industrial Machinery,Industrials,CR
2013Q2,2013,Q2,2013-08-02,2013-06-30,54874000.0,648746000.0,88846000.0,0.93,222721000.0,0.34331001655501536,2872400000.0,1016405000.0,1231153000.0,462674000.0,1846455000.0,358471000.0,1331258000.0,3514436520.0,3507121520.0,17.552065345030048,2.660951339387992,0.1439921320150397,0.40692735671312125,0.04171844551256086,17.552065345030048,0.05398832158440779,5.417276592071473,16.01139209826147,3.4577127424599445,0.29511243940664067,1.1884503906871127,0.004607851047484562,0.22585503411781088,1.8025931865633253,0.019103885252750315,144.1406168484948,0.34331001655501536,-0.060606060606060545,-0.041184494222506356,-0.03544680304030141,0.08190874178948561,0.022819537822844335,-0.050474987454794,0.02239355581127733,0.39413486563438316,0.19381971016913974,0.16402797046670914,Specialty Industrial Machinery,Industrials,CR
2013Q1,2013,Q1,2013-05-06,2013-03-31,57791000.0,627571000.0,86900000.0,0.99,217752000.0,0.34697588001994994,2850103000.0,964139000.0,1185116000.0,458675000.0,1876810000.0,359623000.0,1292618000.0,3186060970.0,3201685970.0,16.773760851789348,2.583781544666703,0.14043843327767452,0.4151517571636455,0.04573296392210637,16.773760851789348,0.059940527247627155,5.07681357169149,13.782686620754097,3.3045660117472693,0.27935145610908274,1.139579504091785,0.005067071895990741,0.2201923930468478,1.7236888864664524,0.020276811048583157,-123.12803253980522,0.34697588001994994,0.2531645569620252,0.24779654565477985,-0.0343738713307378,0.1061027528459177,0.028568189547670333,0.26612479186749627,0.14067442867831406,0.7743382159609482,0.20755639687165447,0.09413924013520218,Specialty Industrial Machinery,Industrials,CR
2012Q4,2012,Q4,2013-02-26,2012-12-31,45644000.0,629788000.0,76183000.0,0.79,211704000.0,0.3361512127890655,2889878000.0,918383000.0,1180521000.0,511888000.0,1962502000.0,352725000.0,1250972000.0,2638330240.0,2614598240.0,16.109721442604545,2.306209561466571,0.1384885451911811,0.43578223900050417,0.038012782955908715,16.109721442604545,0.049700397328783306,4.189235488767649,14.450586276399966,2.8727995182837662,0.35001314521076154,1.1852973279467007,0.006055345065521442,0.21792892295107266,1.5452579470509173,0.01579443838113581,18.053567083393208,0.3361512127890655,-0.202020202020202,0.06289605270015941,-0.004023345293778246,0.0931559628685447,-0.036978069716557566,-0.20098030634573305,-0.12012612029936247,-0.01494235506155118,0.18884956446660367,0.06669191341326067,Specialty Industrial Machinery,Industrials,CR
2012Q3,2012,Q3,2012-11-05,2012-09-30,57125000.0,645981000.0,86584000.0,0.99,219833000.0,0.34030877069139803,2872512000.0,924165000.0,1132477000.0,521264000.0,1939760000.0,366845000.0,1221304000.0,2322049950.0,2441675950.0,16.178509532062392,2.1725593940882164,0.13930733796760467,0.43299843642639574,0.045866485273166384,16.178509532062392,0.06181255511732212,3.594610290395538,10.16214420131291,2.5125923942153183,0.2787396061269147,1.1616568305415094,0.00685730296197978,0.22488365583851347,1.3439811688511003,0.019886775059599404,40.74701159913665,0.34030877069139803,-0.07476635514018698,1.3040675129149142,0.019742772432246827,0.20179750372512487,-0.007933535206754787,-0.0869057894568588,0.24802167865430907,0.6655476595480492,0.20069782221757634,0.11204217031444591,Specialty Industrial Machinery,Industrials,CR
2012Q2,2012,Q2,2012-08-03,2012-06-30,62562000.0,657686000.0,69377000.0,1.07,221591000.0,0.3369252196336854,2861528000.0,895742000.0,1114051000.0,519941000.0,1957025000.0,363933000.0,1180100000.0,2101381560.0000002,2249187560.0,15.507461652989855,2.1426488774687895,0.13982215096270245,0.44667437722022635,0.036581210145610166,15.507461652989855,0.06984377197898502,3.1951137168800923,8.397196221348423,2.3459674325866153,0.2395223937853649,1.1982837500309123,0.007131022887628269,0.2298373456419088,1.3169955821910564,0.021863144445904426,40.183989750258164,0.3369252196336854,0.21590909090909097,0.41537551883432916,0.02968420663024741,-0.04963546383484213,0.005367318790606512,0.21098679880763424,-0.12799145299145298,1.2802938895854072,0.2202256993080393,0.13410416507846834,Specialty Industrial Machinery,Industrials,CR
2012Q1,2012,Q1,2012-05-04,2012-03-31,51662000.0,657879000.0,79560000.0,0.88,220408000.0,0.3350281738739191,2850413000.0,887193000.0,1049210000.0,487807000.0,1954557000.0,368495000.0,1132524000.0,2807616500.0,3011508500.0,15.32576137089948,2.150871143710525,0.14024353663837485,0.4505806515605962,0.04392596932812148,15.32576137089948,0.058230847177558887,4.267679162885576,13.586468293910418,3.164606235621787,0.2920908985327707,1.1871830011262026,0.005374665663918131,0.23080129090065193,1.264071651288317,0.01812439109700945,-56.18379292403746,0.3350281738739191,1.4071184137969615,0.23112481151066822,0.08918513561165095,0.00018509695709928046,0.07070579491190315,1.4128699182443718,1.4129661830733695,1.2377989655743418,0.19661665408848153,0.22665941319554728,Specialty Industrial Machinery,Industrials,CR
2011Q4,2011,Q4,2012-02-27,2011-12-31,-125129000.0,631618000.0,-192655000.0,-2.1615332792067576,205853000.0,0.3259137643322388,2843531000.0,813553000.0,1032232000.0,533095000.0,2021475000.0,360689000.0,1095953000.0,2703995190.0,2858932190.0,14.053671682012126,1.9363002841894972,0.14067931736984757,0.49170244593775697,-0.09940009548599978,14.053671682012126,-0.15380559103094696,4.281061005227843,-5.402415087629567,3.3236865821894828,-0.12015599900902268,1.1804213602300042,0.005560290955990938,0.22212453460152184,1.145544415160525,-0.04400479544622513,34.76287141314409,0.3259137643322388,-3.428689077760402,-4.426458775413608,0.12942302985117204,-0.07886484335205943,-0.0769710204063331,-3.381594975256947,-3.346132300647864,-14.20251531337656,0.08229160973634628,0.1130220372118533,Specialty Industrial Machinery,Industrials,CR
2011Q3,2011,Q3,2011-11-07,2011-09-30,52540000.0,659456000.0,82116000.0,0.89,223019000.0,0.3381863232725155,2734189000.0,1073337000.0,1057777000.0,538953000.0,1652761000.0,363751000.0,1236117000.0,2071733119.9999998,2260171120.0,18.490507855567806,1.9626516597922268,0.1461570505916014,0.37231642997492864,0.03843633667936053,18.490507855567806,0.048950143338019655,3.1415789984472045,9.857885039969545,1.9301795428649156,0.28736200989722116,1.199823505639847,0.007287618204414282,0.24118888635716113,1.1577020630741457,0.01921593569427717,51.31863066633638,0.3381863232725155,0.047058823529411806,0.2013000029620938,0.22289422033853032,0.2643503162722206,0.010360980736821122,0.04169558062533458,0.02718186708029471,0.5003523706139886,0.05727069078126653,0.19193635740915113,Specialty Industrial Machinery,Industrials,CR
2011Q2,2011,Q2,2011-08-08,2011-06-30,50437000.0,643773000.0,79943000.0,0.85,220732000.0,0.3428724099954487,2770137000.0,1080957000.0,1071868000.0,521534000.0,1680872000.0,362113000.0,1198675000.0,2874327930.0,3042251930.0,18.58176473621783,2.0552217113361735,0.1441405244578156,0.36938472113136783,0.03707673527012243,18.58176473621783,0.046659580353335055,4.464815905606479,14.247119822749172,2.659058528692631,0.2653805737851181,1.1682568700930374,0.004656740749828083,0.23239753124123463,1.2315841344955458,0.018207402738564915,135.42181060070672,0.3428724099954487,0.049382716049382616,0.18938719715430058,0.20935505902062138,0.31413570895203347,0.0354740348078998,0.040646212887119074,0.09721383475157837,-0.12272696356575705,-0.047200863993918825,0.14537937905308376,Specialty Industrial Machinery,Industrials,CR
2011Q1,2011,Q1,2011-05-06,2011-03-31,48467000.0,611020000.0,72860000.0,0.81,213170000.0,0.3488756505515368,2749658000.0,1041580000.0,1045940000.0,506004000.0,1700001000.0,347813000.0,1161653000.0,2824921900.0,2991455900.0,17.85667752442997,2.067058758428787,0.1453620777565792,0.383740087175253,0.03486130772591629,17.85667752442997,0.046532191478331,4.623288763051946,14.571367631584376,2.7121506749361544,0.2780035900715951,1.1438617877997659,0.004769689385041052,0.22221672658927039,1.2300673512462352,0.017626555738931897,-116.23279707044108,0.3488756505515368,0.19953539148979393,0.3489990076341026,0.15772574405858922,0.37275405750503465,0.13012591119946984,0.23050167563724994,0.35682228719343007,0.031209572068387065,-0.07355680568758266,0.17751292277109315,Specialty Industrial Machinery,Industrials,CR
2010Q4,2010,Q4,2011-02-28,2010-12-31,39388000.0,574006000.0,53699000.0,0.6752614435110578,188625000.0,0.32861154761448486,2706697000.0,984944000.0,988661000.0,498554000.0,1713667000.0,319077000.0,1126630000.0,2395613100.0,2522392100.0,16.88571918395337,1.9830570008464479,0.1476781479419381,0.4058301791776994,0.0317499734768568,16.88571918395337,0.039990090807193096,4.173498360644314,15.205221768051183,2.432232796991504,0.3391896008936732,1.207799371311627,0.00557686047049918,0.21206880563284328,1.2192440538036,0.01455205366540843,35.8683780263217,0.32861154761448486,-0.035340794984203124,0.1607316571951535,0.18005499983590284,0.3610450865283418,0.005769343563876018,-0.05105162984556822,-0.14599468821069037,-0.10357315169248664,-0.11281326821567657,0.1458127739220599,Specialty Industrial Machinery,Industrials,CR
2010Q3,2010,Q3,2010-11-05,2010-09-30,41507000.0,560714000.0,62879000.0,0.7,187543000.0,0.3344717627881594,2695505000.0,951016000.0,1070912000.0,485441000.0,1736369000.0,315291000.0,1100602000.0,2223587520.0,2308138520.0,16.226726726726728,2.20606005673192,0.14843786229296552,0.4207237312516298,0.033403306157546,16.226726726726728,0.04364490187336491,3.9656358143367205,13.392846507817957,2.3381178865550103,0.324114004866649,1.1835764420804906,0.006050132895151346,0.20801816357231762,1.4039708224068423,0.015398598778336527,-226.89668571428572,0.3344717627881594,0.04477611940298495,0.060048149576906136,0.09801836970848374,0.33678205944549344,-0.018279372889784595,0.036612472215978624,-0.03713401935562906,1.2153372984561104,-0.13728689018369836,0.20537924925424098,Specialty Industrial Machinery,Industrials,CR
2010Q2,2010,Q2,2010-08-05,2010-06-30,40041000.0,552814000.0,65304000.0,0.67,191035000.0,0.3455683104986487,2666863000.0,888273000.0,1038410000.0,475703000.0,1770855000.0,299219000.0,1072548000.0,1779640890.0,1843789890.0,15.078731602980868,2.1828956302566938,0.1498682159526005,0.4499495087658862,0.034942542086371285,15.078731602980868,0.04507735797440652,3.219239907093525,11.111366411927774,2.0034841653410607,0.2950725506355985,1.2090776321022394,0.006638979844973106,0.20728998827461328,1.4003800690767139,0.015014269574402585,41.56582716337732,0.3455683104986487,0.1964285714285714,0.13569427144252103,0.06418297154235159,0.3074707870828468,0.07310976294798337,0.20482036468676657,0.22567567567567567,-0.11176773985513437,-0.15135694977823072,-0.07590990153679184,Specialty Industrial Machinery,Industrials,CR
2010Q1,2010,Q1,2010-05-05,2010-03-31,33234000.0,530291000.0,53280000.0,0.56,178020000.0,0.33570247279323995,2705565000.0,899137000.0,1035936000.0,471072000.0,1798689000.0,296708000.0,1044322000.0,2082075000.0,2161972000.0,15.330554134697357,2.1991033217852047,0.1476515995734717,0.44429380617191816,0.029117602031327412,15.330554134697357,0.03696210922251003,3.926287642068223,15.662235963170247,2.315637105357693,0.35334296202683996,1.1872649203931138,0.005640046588139236,0.19600009609822716,1.4154906256368454,0.012283571084043444,163.9558232931727,0.33570247279323995,-0.3110276688133246,0.34771393476183976,0.06016732488116532,0.35010390210649617,-0.0917439617963082,-0.3028465943655472,-0.23271889400921658,-0.21829747389350074,-0.1334413343885288,0.0004978808252452302,Specialty Industrial Machinery,Industrials,CR
2009Q4,2009,Q4,2010-02-25,2009-12-31,47671000.0,545004000.0,69440000.0,0.8128047740835465,196002000.0,0.3596340577316864,2712898000.0,885762000.0,1046346000.0,466782000.0,1819196000.0,284552000.0,1022838000.0,1795863000.0,1822784000.0,15.102506393861892,2.2416160006169905,0.14730926116647217,0.45117650113687424,0.04118022178531571,15.102506393861892,0.0538191974819421,3.2951372833960852,9.418005705775,2.027478035860649,0.24551614188919887,1.2264963873035508,0.0065172009223420715,0.2008936568938456,1.4792279907965602,0.01757198390798327,31.95372050816697,0.3596340577316864,0.3546746234725775,0.04214504416849439,0.13772865295070968,0.3529119106803118,0.05816615198566091,0.35783866924917396,0.25223161956972573,0.28845670693476505,-0.03810013960940923,-0.010119923984538783,Specialty Industrial Machinery,Industrials,CR
2009Q3,2009,Q3,2009-11-05,2009-09-30,35108000.0,550710000.0,55453000.0,0.6,185228000.0,0.336343992300848,2732385000.0,850678000.0,1026150000.0,466340000.0,1873331000.0,303243000.0,986924000.0,1509162320.0,1603839320.0,14.548467642632371,2.2004331603551055,0.14623305280917587,0.46970181431752084,0.031829505866566424,14.548467642632371,0.04127061003105758,2.7403938915218538,10.746570012532755,1.7740700006347878,0.33311495955337816,1.2052446387880347,0.007749332093051462,0.20154919603203794,1.402963503023545,0.012848848167443461,19.815941911001982,0.336343992300848,0.2765957446808511,1.172643225050059,0.16425158043386248,0.4664282769925183,0.052706957500255745,0.2643785788886088,0.2189615756616548,-0.20309452322502683,0.01383047868890809,-0.0051998674714847275,Specialty Industrial Machinery,Industrials,CR
2009Q2,2009,Q2,2009-08-06,2009-06-30,27767000.0,545491000.0,45492000.0,0.47,175954000.0,0.32256077552150264,2713467000.0,799354000.0,988531000.0,465844000.0,1905850000.0,333660000.0,963452000.0,1304220290.0,1471487290.0,13.673754255118972,2.122021535106173,0.14750170169749624,0.5007055697475712,0.02655627423200074,13.673754255118972,0.03473679996597252,2.390910739132268,11.742538715021427,1.6315928737455494,0.42121943314005833,1.1075256248876102,0.008967810184888321,0.20103100572072555,1.262409733730605,0.010233033974616237,56.96031314145958,0.32256077552150264,0.17499999999999988,-0.09963468333152992,0.15326228810539638,0.026103417223367533,0.016317312524187166,0.19115439063103257,0.2008235666772252,-0.34841203844436464,0.019714831449462625,-0.03296758961419647,Specialty Industrial Machinery,Industrials,CR
2009Q1,2009,Q1,2009-05-08,2009-03-31,23311000.0,555139000.0,37884000.0,0.4,173129000.0,0.31186603715465855,2700067000.0,730306000.0,989587000.0,498816000.0,1961845000.0,352056000.0,947381000.0,986686640.0,1182401640.0,12.49390108292132,1.9838718084423916,0.15037774988546582,0.5559724279959359,0.02316489772066578,12.49390108292132,0.03191949675889285,1.7773686229935206,10.581770837801896,1.3510591998422579,0.5013941915833726,1.0850830549685277,0.011845706150434955,0.20560193506309288,1.1431289293045932,0.008633489465261417,182.38200369685768,0.31186603715465855,3.8132836000481296,0.0707530210271163,0.26141615253542244,-0.05065898526550353,-0.04244398599580759,3.8048369630610033,3.020587764680783,-0.35254205153742446,0.04963227070416208,-0.03951598038424595,Specialty Industrial Machinery,Industrials,CR
2008Q4,2008,Q4,2009-02-25,2008-12-31,-8311000.0,589279000.0,-18749000.0,-0.14218260824936274,180803000.0,0.30682070801776407,2774488000.0,738062000.0,1021240000.0,538664000.0,2028667000.0,349926000.0,935460000.0,1007729719.9999999,2030486720.0,12.626588883376387,1.8958757221570404,0.45219045820345954,1.6998531288699323,-0.0033408167250628083,12.626588883376387,-0.011260571605095507,1.7101062824230966,-30.313130790518585,1.3653727193650398,-1.4056070268319094,1.1673210907449003,0.011592394039941584,0.2123919800698363,1.1276101614364427,-0.00299550763960774,20.37876076845298,0.30682070801776407,-1.236971013748938,-1.2514813968691536,0.40167618517379994,-0.043768963763780845,-0.13199005261742905,-1.2303364558505625,-1.3432751107693435,-1.244402899178575,0.20890438459582072,0.017745028927414076,Specialty Industrial Machinery,Industrials,CR
2008Q3,2008,Q3,2008-11-06,2008-09-30,36082000.0,642678000.0,54618000.0,0.6,208296000.0,0.3241063176271788,2865121000.0,927848000.0,1104268000.0,517710000.0,1929462000.0,368530000.0,951636000.0,1776984810.0,1898009810.0,15.5129992810687,2.132985648335941,0.1394202897539057,0.43051879187108233,0.02872207775745929,15.5129992810687,0.03888783507643493,2.7649690980553245,12.31212800011086,1.915168012433071,0.33160578681891245,1.1786883021735002,0.006733315857663409,0.22431094533180274,1.2969596878561356,0.012593534444095032,64.12792529772645,0.3241063176271788,-0.3814432989690722,0.27165518303344616,0.49836454453505025,0.2643871317655536,-0.12419955010826833,-0.38853395244793165,-0.36690197169384847,-0.09703547761911245,0.23321124828230308,0.2779841231298449,Specialty Industrial Machinery,Industrials,CR
2008Q2,2008,Q2,2008-08-04,2008-06-30,59009000.0,693482000.0,86271000.0,0.97,237835000.0,0.34295771195214875,2937729000.0,968641000.0,1152806000.0,512188000.0,1960762000.0,358328000.0,926120000.0,2300510710.0,2381000710.0,16.2232401560956,2.2507477723023577,0.13685333126370744,0.41505366797399657,0.04415858875523269,16.2232401560956,0.06091937054078859,3.3173329805243683,9.746439992204579,2.3749879573546857,0.18236201257435306,1.271591949275524,0.004677656988608412,0.23606057604360375,1.431099518145681,0.02008660431237871,67.5686759479543,0.34295771195214875,0.2278481012658227,1.2530053438326072,0.6961812833453646,0.3731953787451133,0.050800355222522166,0.21974864607879616,0.14495215596756428,0.6513197491892532,0.3171306783888108,0.4067106660172359,Specialty Industrial Machinery,Industrials,CR
2008Q1,2008,Q1,2008-05-06,2008-03-31,48378000.0,678868000.0,75349000.0,0.79,226337000.0,0.33340354825975005,2907652000.0,910491000.0,1104418000.0,515290000.0,1988692000.0,344563000.0,876075000.0,2422614000.0,2535844000.0,15.164740173217854,2.143294067418347,0.1403049608412561,0.4480637370385869,0.03869111194878422,15.164740173217854,0.05313396837530519,3.5686083303381513,12.519192608210343,2.660777536516012,0.22313861672661128,1.3133476316377557,0.004455930660022604,0.23347635824369628,1.3625725319722874,0.016638167153428265,69.12077377385945,0.33340354825975005,0.04874521856413205,1.9014495509298364,0.7840241337235849,0.36474390383785915,0.0708297455598346,0.06967077188405156,0.16342160117347332,0.9164184633771367,0.32578416936462956,0.3355012938478331,Specialty Industrial Machinery,Industrials,CR
2007Q4,2007,Q4,2008-02-28,2007-12-31,45227000.0,665963000.0,64765000.0,0.7532811459027315,211366000.0,0.31738399881074475,2877292000.0,884803000.0,1037622000.0,493552000.0,1984095000.0,327719000.0,845864000.0,2575716000.0,2691195000.0,14.736892071952031,2.1023559827535903,0.13861957701894698,0.45077717864880656,0.034205812316262976,14.736892071952031,0.05111533301763217,3.86765631123651,14.23771198620293,2.9110615583355846,0.23930395560174234,1.387154849123792,0.004201938412464729,0.23145478456826765,1.341593185723085,0.01571859929405844,35.401138019186895,0.31738399881074475,1.2289608346208911,1.8737702370017428,0.7942483088608969,0.3486714506071078,-0.032605611240789055,1.2296369636963695,1.2071704353889903,-0.03417371784850655,0.35805212617216725,0.32015946827590436,Specialty Industrial Machinery,Industrials,CR
2007Q3,2007,Q3,2007-11-05,2007-09-30,-196950000.0,664093000.0,-312617000.0,-3.29,218490000.0,0.3290051242822918,2915297000.0,806154000.0,988938000.0,527832000.0,2101156000.0,343079000.0,809527000.0,2889403000.0,3150443000.0,13.461926391022644,1.873584776974492,0.1451954980916181,0.5250708921620435,-0.1579408317375358,13.461926391022644,-0.24430815948317566,4.3509011539046485,-3.667685960903783,3.584182426682743,-0.05478040111703478,1.29883496220987,0.00373398933966636,0.22779600157376761,1.107479273708301,-0.0675574392591904,45.16103469834323,0.3290051242822918,-5.386666666666667,-10.60702587128395,0.7185504304351775,0.15484033536798916,0.04729081984814786,-5.306235788000699,-5.354179143975375,0.05433659563816894,0.37084995837338924,0.3569091953532748,Specialty Industrial Machinery,Industrials,CR
2007Q2,2007,Q2,2007-08-06,2007-06-30,45736000.0,660897000.0,71797000.0,0.75,208624000.0,0.3156679482582006,2486663000.0,975241000.0,940203000.0,482809000.0,1503418000.0,331384000.0,1015376000.0,2716410150.0,2980463150.0,16.317382502049625,1.9473601362029291,0.16050747527911904,0.40926089038504326,0.03575861205943206,16.317382502049625,0.04689712594117762,4.110186836980649,14.848315058159875,2.785373205187231,0.1965410180164422,1.3648003524611931,0.003309146816433446,0.2657766653543323,1.1261824033934744,0.01839252041792555,142.96895526315788,0.3156679482582006,0.056338028169014134,0.7229746177777883,0.6887855447868727,0.4279151141524177,0.01999667536937624,0.047909267957383435,0.04967908887556836,0.45056736016221793,0.3666717163647118,0.22448609453587287,Specialty Industrial Machinery,Industrials,CR
2007Q1,2007,Q1,2007-05-07,2007-03-31,43645000.0,628217000.0,68399000.0,0.71,204534000.0,0.3255785819231253,2442957000.0,922578000.0,904193000.0,480776000.0,1512583000.0,327623000.0,976481000.0,2433647780.0,2703151780.0,15.32292514408145,1.8806949598149658,0.1651379864647638,0.4372800998939927,0.03481963333326689,15.32292514408145,0.04730765311984461,3.87389672676798,13.940014778325123,2.63787753447405,0.20735479436361554,1.2932028581631936,0.0037186975347763755,0.2571543420535032,1.0670728156147562,0.017865643971629465,81.32218739557575,0.3255785819231253,0.12549075878047483,1.083876080279297,0.6789445263335687,0.3811275850661749,0.12383171151172821,0.14909694065610027,0.2792750668636729,0.9462933249634363,0.38583563666837517,0.1643025831913913,Specialty Industrial Machinery,Industrials,CR
