Quarters,Year,Quarter,FillingDate,Date,NetIncome,Revenue,OperatingIncome,EPSDiluted,GrossProfit,GrossProfitRatio,TotalAssets,CommonStockEquity,CurrentAssets,CurrentLiability,TotalLiability,Inventory,RetainedEarnings,MarketCap,EnterpriseValue,bookValuePerShare,currentRatio,debtToAssets,debtToEquity,roic,shareholdersEquityPerShare,roe,priceToSalesRatio,peRatio,pbRatio,payoutRatio,inventoryTurnover,dividendYield,assetTurnover,quickRatio,returnOnAssets,priceToFreeCashFlowsRatio,grossProfitMargin,epsdilutedGrowth,fiveYNetIncomeGrowthPerShare,fiveYRevenueGrowthPerShare,fiveYShareholdersEquityGrowthPerShare,grossProfitGrowth,netIncomeGrowth,operatingIncomeGrowth,threeYNetIncomeGrowthPerShare,threeYRevenueGrowthPerShare,threeYShareholdersEquityGrowthPerShare,Industry,Sector,Symbol
2023Q1,2023,Q1,2023-05-15,2023-03-31,-5054710.0,36627763.0,807321870.0,-0.47,-626006237.0,-17.0910311121,330397483.0,33282004.0,178481109000.0,10739429000.0,297115479.0,0.0,-22000674.0,14375538.5332,29050804.5332,3.094010707346987,16.61923636722213,0.07619918520989459,0.7564454051504831,11.073998814474354,3.094010707346987,-0.1518751695360652,0.392476563015874,-0.7109971953484968,0.43193127833287925,0.0,0.0,0.0,0.11085969138572402,0.02388392483436503,-0.01529887562733037,-3.750585991309924,-17.091031112110233,-0.27027027027027023,-0.8447340982178398,0.4135855936923836,-0.6255367337640327,-19.423809829328352,-0.2796662904662303,70.54655389446243,0.06714697442543763,0.38227675366590075,-0.5649441470148386,Insurance—Property & Casualty,Financial Services,KINS
2022Q4,2022,Q4,2023-03-31,2022-12-31,-3950022.0,37091110.0,11283868.0,-0.37,33978110.0,0.916071533,320332531.0,36169432.0,180553895.0,17271292.0,284163099.0,0.0,-16945964.0,14293681.200000001,27493976.200000003,3.4161062162209133,10.45398890829939,0.07853877007577478,0.6955741798765323,0.14726736057372672,3.4161062162209133,-0.10920884795757921,0.38536676847902374,-0.9046583284852591,0.3951867753964176,-0.21550917944254488,0.0,0.059555406902457,0.11578939511454114,14.302285897314457,-0.012331004870685457,2.4655364343139126,0.9160715330439019,0.026315789473684233,-3.0608096873048942,0.4497281822081011,-0.6146046238168182,-0.02158295547623672,0.011906831588087015,3.7503222233705054,-3.7719084498838504,0.010743895598935831,-0.5814999866752869,Insurance—Property & Casualty,Financial Services,KINS
2022Q3,2022,Q3,2022-11-14,2022-09-30,-3997621.0,35537635.0,-4102744.0,-0.38,34727635.0,0.9772072621,315707946.0,38870113.0,232674314.0,19215984.0,276837833.0,0.0,-12995942.0,28317495.5,43162215.5,3.651258656684522,12.108373633117097,0.09488492887030471,0.7706673247901286,-0.05226682736457626,3.651258656684522,-0.10284562331990134,0.7968311763008428,-1.7708967095680155,0.7285159037227394,-0.10651334881420725,0.0,0.01503664051081071,0.11256490516079694,12.108373633117097,-0.01266240223171323,5.670521473793145,0.9772072621039639,0.2549019607843137,-1.9794798667198996,0.4411238426289926,-0.5864408923485519,1.0545315412961662,0.2568951444330909,0.35143680018817886,-1.3464042059615797,-0.06775024459080002,-0.5462157482154402,Insurance—Property & Casualty,Financial Services,KINS
2022Q2,2022,Q2,2022-08-15,2022-06-30,-5379619.0,28979250.0,-6325897.0,-0.51,-636835750.0,-21.9755773528,306633264.0,47089424.0,221344351.0,17043156.0,259543840.0,0.0,-8572521.0,41939637.32,58651390.32,4.423794348634582,12.987286568285827,0.09754936763807856,0.6352144167233814,-0.06516125811838049,4.423794348634582,-0.11424261634629466,1.4472299082964535,-1.9490059296020776,0.8906381466887342,-0.07914612540404813,0.0,0.010152114496158451,0.09450784830702516,12.987286568285827,-0.017544146808547163,15.557964982776285,-21.97557735276103,0.41379310344827586,-3.1384943346969805,0.3311912584656366,-0.47971027285653267,-23.304969004032916,0.4151018990746648,0.43564142145380813,-4.320690291685708,-0.15257722721668246,-0.45646184382602695,Insurance—Property & Casualty,Financial Services,KINS
2022Q1,2022,Q1,2022-05-16,2022-03-31,-9197532.0,28551295.0,-11209003.0,-0.87,28551295.0,1.0,307898142.0,58460194.0,218102280.0,10574196.0,249437948.0,0.0,-2767126.0,56553994.0,80587944.0,5.499315080735058,20.625897231335603,0.09700557400570478,0.5109089442980638,-0.1000540340513841,5.499315080735058,-0.15732982343507104,1.9807856000927453,-1.537205687351781,0.967393197497771,-0.04626132314625271,0.0,0.00752360655553346,0.09272967616673698,20.625897231335603,-0.029871995784891744,-2.983874812525121,1.0,-5.142857142857143,-6.685605654472094,0.2570682428012915,-0.39676534430408994,-0.3386252265945567,-5.1287121246128295,-4.2300582355512635,-0.26891780886915495,-0.17207307571780028,-0.29381501058254983,Insurance—Property & Casualty,Financial Services,KINS
2021Q4,2021,Q4,2022-04-04,2021-12-31,2227700.0,43169616.0,3470217.0,0.21,43169616.0,1.0,331312275.0,75672194.0,234981482.0,20665964.0,255640081.0,0.0,6855896.0,52623889.109000005,58157082.109000005,7.190771714583958,11.370458305259799,0.09001716281112736,0.39411822789226914,0.024315400279752507,7.190771714583958,0.029438818702679614,1.2190029466326502,5.9056301464514975,0.6954191008258596,0.18824392871571577,0.0,0.007968833301761433,0.1302988728685045,11.370458305259799,0.006723867988289899,-8.340626342195586,1.0,1.2079207920792079,-0.00493644275766274,0.9575181107859428,0.2259906382279376,0.0,1.2097988701543991,0.0,3.581722092796349,0.48521804637875027,-0.1297562623098421,Insurance—Property & Casualty,Financial Services,KINS
2021Q3,2021,Q3,2021-11-15,2021-09-30,-10618265.0,38957974.0,0.0,-1.01,0.0,0.0,320226541.0,77831257.0,0.0,0.0,242395284.0,0.0,5047547.0,69876139.6,63547797.599999994,7.395937289014174,0.0,0.09299587069517763,0.382619363323401,0.0,7.395937289014174,-0.1364267443348628,1.7936286830521524,-1.6451873163836086,0.8977901975809025,-0.039603927760326195,0.0,0.006018148718679359,0.12165754243337375,0.0,-0.033158603802300075,4.995315710599683,0.0,-9.416666666666666,-3.306687870629368,0.47706190111229524,0.03253428380250357,0.0,-9.023710083643088,0.0,-3.739766049356164,0.28026668246477626,-0.1353605328599369,Insurance—Property & Casualty,Financial Services,KINS
2021Q2,2021,Q2,2021-08-16,2021-06-30,1323361.0,39600449.0,0.0,0.12,0.0,0.0,312700169.0,89964646.0,0.0,0.0,222735523.0,0.0,16086337.0,83232481.8,69908435.8,8.430894088754663,0.0,0.09509333204101977,0.33052651593827204,0.0,8.430894088754663,0.014709789443288645,2.1018065173958003,15.723691759089167,0.9251687801894979,0.32270484017588547,0.0,0.005130869472643792,0.12664031850906995,0.0,0.004232044402892536,7.0478698759669465,0.0,5.0,-0.6599084273869217,0.5294884871929769,0.22163924765546034,0.0,5.2538532997746685,0.0,-0.520322330339498,0.43679018442371764,0.01337861566163017,Insurance—Property & Casualty,Financial Services,KINS
2021Q1,2021,Q1,2021-05-17,2021-03-31,-311097.0,39503202.0,0.0,-0.03,0.0,0.0,306884214.0,89012681.0,0.0,0.0,217871533.0,0.0,15190031.0,91175584.91999999,98687280.91999999,8.337410682991427,0.0,0.09675198216614687,0.3335665847431334,0.0,8.337410682991427,-0.0034949739352306444,2.308055557622898,-73.26941831647363,1.0242988290623443,-1.3732597871403454,0.0,0.004685651321840734,0.12872347353780797,0.0,-0.0010137276073770285,254.15789025913202,0.0,-1.1071428571428572,-1.3943707919903832,0.46888906223625826,0.3207536797587685,0.0,-1.1024606267120163,0.0,0.8856067699739035,0.5360699150982258,0.009063746576583554,Insurance—Property & Casualty,Financial Services,KINS
2020Q4,2020,Q4,2021-03-31,2020-12-31,3036259.0,35604343.0,0.0,0.28,0.0,0.0,317582267.0,92800402.0,0.0,0.0,224781865.0,0.0,15928345.0,70975962.05,81159831.05,8.694812376974324,0.0,0.09335411350281721,0.319477182868238,0.0,8.694812376974324,0.03271816645794271,1.9934636077963859,5.844030602297103,0.7648238641250714,0.1405519094385558,0.0,0.006012627200450889,0.11211061416096006,0.0,0.00956054325287627,-38.19489115612579,0.0,3.3333333333333335,0.12458923624472008,0.4068853661441925,0.40615418697830036,0.0,3.472813587261047,0.0,0.5714402339556707,0.38051270497826023,-0.019076025518550296,Insurance—Property & Casualty,Financial Services,KINS
2020Q3,2020,Q3,2020-11-09,2020-09-30,-1227856.0,34822471.0,0.0,-0.12,0.0,0.0,327359655.0,89313425.0,0.0,0.0,238046230.0,0.0,13318838.0,62864423.529999994,68079886.53,8.368104624374022,0.0,0.09043132086634194,0.3314570681843183,0.0,8.368104624374022,-0.013747720457478817,1.8052832474180247,-12.79963276027482,0.7038630925865847,-0.3477525051797605,0.0,0.0067922359901420705,0.10637374052706648,0.0,-0.003750785966584673,-101.2988145520993,0.0,-1.2790697674418605,-1.3597084811427964,0.4365487575586331,0.3941298180728946,0.0,-1.2664508190851507,0.0,-1.3000715995530057,0.40849700293959146,-0.052188243400831655,Insurance—Property & Casualty,Financial Services,KINS
2020Q2,2020,Q2,2020-08-11,2020-06-30,4608190.0,35110424.0,0.0,0.43,0.0,0.0,309300478.0,89621478.0,0.0,0.0,219679000.0,0.0,14973684.0,47441424.68,56847213.68,8.349811065581179,0.0,0.09556894703538092,0.32982630569872995,0.0,8.349811065581179,0.0514183664768394,1.3512062594288237,2.5737558933116906,0.5293532949769028,0.09275659206760138,0.0,0.009009847467337906,0.11351558273375834,0.0,0.014898748394433455,10.300652039485225,0.0,1.8599999999999999,0.3241407011986081,0.5443519689708036,0.4579731187183397,0.0,1.8464397819111447,0.0,0.816686370391634,0.5994931525317766,-0.017964991444137966,Insurance—Property & Casualty,Financial Services,KINS
2020Q1,2020,Q1,2020-05-11,2020-03-31,-5444203.0,26623594.0,0.0,-0.5,0.0,0.0,292534255.0,76862719.0,0.0,0.0,215671536.0,0.0,10792934.0,55228067.510000005,59156754.510000005,7.111755159980611,0.0,0.10089579423784062,0.3840024967110518,0.0,7.111755159980611,-0.07083021614158615,2.074403159468252,-2.536095159842497,0.718528673309098,-0.12416142454643958,0.0,0.012239428799090348,0.09101017588521386,0.0,-0.018610480335029482,-3.520284028595166,0.0,-4.715007503683095,-10.637703186888968,0.23361691138692225,0.2720234201043829,0.0,-4.742700322214958,0.0,-4.310186320424741,0.15295518762006413,-0.21989245708920335,Insurance—Property & Casualty,Financial Services,KINS
2019Q4,2019,Q4,2020-03-16,2019-12-31,1454619.0,37459099.0,0.0,0.13458923017094718,0.0,0.0,321202812.0,88221581.0,0.0,0.0,232981231.0,0.0,16913097.0,83760767.75,80840713.75,8.162738608016161,0.0,0.09175334056539954,0.33406146960798627,0.0,8.162738608016161,0.016488244526019092,2.2360593283356867,14.395654076771994,0.9494362581192011,0.46341344365775505,0.0,0.008047801113905143,0.11662132957914453,0.0,0.004528662096519877,8.71335869123556,0.0,1.84118268856842,-0.4431313854981616,0.6900081107773631,0.47025063315189364,0.0,1.8431782058728399,0.0,-0.3673474691191898,0.6538907104855091,0.39170613571739127,Insurance—Property & Casualty,Financial Services,KINS
2019Q3,2019,Q3,2019-11-12,2019-09-30,-1725162.0,38600003.0,0.0,-0.16,0.0,0.0,298420321.0,86735618.0,0.0,0.0,211684703.0,0.0,16132568.0,91842541.32,95630877.32,8.046243655053077,0.0,0.09861052994444035,0.33927683549796117,0.0,8.046243655053077,-0.019889891140223385,2.3793402637818444,-13.309263321357648,1.0588791944734859,-0.3906456321203458,0.0,0.0073378522666515435,0.12934776985244245,0.0,-0.0057809803106538445,11.686380694185397,0.0,-2.066666666666667,-1.6197811242380795,0.8637485179526154,0.5049740165731514,0.0,-2.0523258792958314,0.0,-1.3658656884057099,0.42871695319168623,0.12332245461454794,Insurance—Property & Casualty,Financial Services,KINS
2019Q2,2019,Q2,2019-08-09,2019-06-30,1639380.0,34605370.0,0.0,0.15,0.0,0.0,289468844.0,87669762.0,0.0,0.0,201799082.0,0.0,18531657.0,95975998.47,106463534.47,8.138884636497599,0.0,0.10150778437488768,0.33515935631261323,0.0,8.138884636497599,0.01869949184988092,2.7734423434859967,14.63602070142371,1.0947445992838443,0.6571917432199978,0.0,0.011225587825864271,0.11954782256290077,0.0,0.005663407423563691,14.127114367276718,0.0,1.2205882352941178,-0.1811213701118423,1.1337509579889027,0.5712160096923761,1.0,1.2234952332523084,1.0,-0.5826403321282454,0.3240454895196577,0.1793269847082341,Insurance—Property & Casualty,Financial Services,KINS
2019Q1,2019,Q1,2019-05-10,2019-03-31,-7335190.0,34898548.0,-8798587.0,-0.68,-1089092.0,-0.03120737286834971,277387935.0,83775171.0,56133865.0,8652753.0,193612764.0,0.0,17969664.0,153837154.9,167411970.9,7.787357651529215,6.487399443853303,0.10576990668321605,0.3502146954734357,-0.06164864417528352,7.787357651529215,-0.08755804270456219,4.408124799346953,-5.243120999592376,1.8363096495499842,-0.14668495294600412,0.0,0.006994162110573458,0.1258113407131424,27.306338687814154,-0.02644379612256748,93.02041050913049,-0.03120737286834971,-7.500000000000001,-16.145773234283663,1.3334155864041866,0.5628282145652442,-1.1770543314170596,-7.336892664292769,-9.92183551060333,-10.228173958092952,0.2878329746679093,0.23361816574981684,Insurance—Property & Casualty,Financial Services,KINS
2018Q4,2018,Q4,2019-03-18,2018-12-31,-879847.0,29637933.0,-805596.0,-0.08,6151174.0,0.20754396063990022,266752079.0,88665642.0,61467117.0,8767642.0,178086437.0,0.0,26380816.0,189822898.8,197979746.8,8.262939913443152,7.010678241652658,0.1098220156702134,0.3304013859167681,-0.004760784598655565,8.262939913443152,-0.009923201142557564,6.4047279815363645,-53.93633745412555,2.140884501800596,-1.221440773225345,0.0,0.00566149293259028,0.11110666170290653,26.21197922999137,-0.003298369794523701,55.650594770941,0.20754396063990022,-1.2222222222222223,-7.548566327336924,0.8365630603605952,0.6814406733185362,-0.4405418595822528,-1.2236673589697311,-1.1722276417758435,-1.3241388889376136,0.16485675439923217,0.3363103253162369,Insurance—Property & Casualty,Financial Services,KINS
2018Q3,2018,Q3,2018-11-08,2018-09-30,3933730.0,30885909.0,4677507.0,0.36,10994878.0,0.35598362994594074,263372701.0,91365757.0,68396684.0,7832189.0,172006944.0,0.0,28335344.0,198565906.10999998,197923436.10999998,8.553781743826072,8.732767301708373,0.11106392533826047,0.32015502263063395,0.03614091656074227,8.553781743826072,0.04305475190229092,6.429012858582209,12.61944173278288,2.173307731801533,0.2720201945735981,0.0,0.0053889110218509504,0.11727073034801735,29.191571985813926,0.01493598229833243,17.195773383663997,0.35598362994594074,0.43999999999999995,-0.15558420778687282,0.06590241225003238,0.9138297084190795,0.06200825429598938,0.4266616907790492,0.16676640186742211,0.1515217337223091,0.2731674401361404,0.4250637057788397,Insurance—Property & Casualty,Financial Services,KINS
2018Q2,2018,Q2,2018-08-09,2018-06-30,2757297.0,27546186.0,4008949.0,0.25,10352912.0,0.37583831024737874,255389799.0,88726808.0,61617567.0,9467082.0,166662991.0,0.0,25471668.0,180235221.39999998,190054411.39999998,8.319589498393126,6.508612368626363,0.11436306819756728,0.3291807927993983,0.026350744317316942,8.319589498393126,0.031076256005963834,6.543019109796179,16.341658279829847,2.0313502250638833,0.3867497770461434,0.0,0.005916623797039927,0.10785938243367348,23.40193990080576,0.010796425741342942,36.70960866487051,0.37583831024737874,2.0,13.53169764383343,0.27086144912290233,1.0441132226569931,2.9281163397066012,2.0144826916326886,2.3134620929165846,-0.20261180903364298,0.21942243547847448,0.45269608523582777,Insurance—Property & Casualty,Financial Services,KINS
2018Q1,2018,Q1,2018-05-10,2018-03-31,-2717934.0,25701870.0,-3052200.0,-0.25,2635592.0,0.1025447564710272,254411670.0,88161036.0,76555521.0,7519327.0,166250634.0,0.0,23780755.0,179255865.6,176824814.6,8.262521283989717,10.181166612384326,0.1146296315731114,0.330793708004974,-0.020151745226475393,8.262521283989717,-0.03082919760607169,6.974428926766807,-16.488246734468166,2.0332776670183415,-0.39308349650874524,0.0,0.005960056015037312,0.10102472893637308,29.56450849923138,-0.010683212762999434,-589.2000473316767,0.1025447564710272,-2.3809841829951663,-6.122195409700945,0.23042312939826873,0.9092328945860968,-0.698019487174669,-2.407095287203509,-2.3051415015071,-5.873634951597944,0.20629411274995338,0.47785185877722364,Insurance—Property & Casualty,Financial Services,KINS
2017Q4,2017,Q4,2018-03-15,2017-12-31,1931592.0,25783212.0,2338597.0,0.18103031379967296,8727689.0,0.3385027823531064,254548063.0,94577746.0,92118461.0,10051620.0,159970317.0,0.0,27152822.0,200595849.6,181341181.6,8.863900366560724,9.164538750967505,0.11442618991761883,0.3079684834104632,0.016028057094219315,8.863900366560724,0.020423324531333196,7.780095420229256,25.962502640309133,2.120962468274514,0.44029898653545885,0.0,0.004239758707350643,0.10129015202916708,22.523027631366883,0.00758831938155428,31.95867043444776,0.3385027823531064,-0.5236044373692816,1.472038065629237,0.6569519849682545,1.0910042254514312,-0.2751598787028853,-0.525864149059346,-0.6177432043739414,-0.25097944389447824,0.17826596905854417,0.5965420126687714,Insurance—Property & Casualty,Financial Services,KINS
2017Q3,2017,Q3,2017-11-09,2017-09-30,4073921.0,24614653.0,6117869.0,0.38,12040847.0,0.48917394854195184,215406795.0,93817685.0,64246378.0,8686984.0,121589110.0,0.0,26254620.0,173207744.6,147327438.6,8.828867722003697,7.39570580537503,0.0,0.0,0.04342380650300633,8.828867722003697,0.04342380650300633,7.036773770485409,10.629056417637946,1.8462163567561916,0.20873256992464997,0.0,0.0049094802427212016,0.11427055028602974,21.78630074603568,0.01891268564670859,13.453789433686037,0.48917394854195184,0.6521739130434782,0.6042170165582709,0.03978765601130202,0.8660099153269715,0.31338986402680785,0.6228226508051332,0.6378595678024932,0.48472376625552194,0.20564176971492013,0.6513564698022191,Insurance—Property & Casualty,Financial Services,KINS
2017Q2,2017,Q2,2017-08-10,2017-06-30,2510392.0,21724251.0,3735283.0,0.23,9167763.0,0.4220059416547894,210691323.0,90318404.0,62027385.0,7402713.0,120372919.0,0.0,23031059.0,162524188.8,148166723.8,8.502559473780927,8.379007128872887,0.0,0.0,0.02779491099067694,8.502559473780927,0.02779491099067694,7.48123324481935,16.1851404880194,1.799458156944403,0.33851127632656575,0.0,0.005228735527151267,0.10310937674448035,25.15614397046056,0.011915023192483347,35.23462634199557,0.4220059416547894,0.5333333333333334,0.5983592431755154,0.028669472778993278,0.8981177048006294,0.22806333905765672,0.7070761196262699,0.7147689873897134,0.27156863229371614,0.35832408885570566,0.64142363053755,Insurance—Property & Casualty,Financial Services,KINS
2017Q1,2017,Q1,2017-05-11,2017-03-31,1470580.0,20647194.0,2178301.0,0.15,7465220.0,0.3615609946804394,202691091.0,88098406.0,68466740.0,5524063.0,114592685.0,0.0,21370463.0,154136828.45,130901173.44999999,9.116377895084424,12.39427211456495,0.0,0.0,0.016692470009048742,9.116377895084424,0.016692470009048745,7.465267602464528,26.20340757558242,1.749598380361161,0.4514116879054523,0.0,0.004306803290787446,0.10186532569406319,32.45013498216802,0.0072552769475201055,105.69029818662051,0.3615609946804394,-0.2949073301661067,-0.2502554140546242,0.08556018119567724,1.1068024302912838,-0.05982296730018332,-0.28468412289435935,-0.30809147939331377,2.3802452287487688,0.5368279332382629,0.8295464555013832,Insurance—Property & Casualty,Financial Services,KINS
2016Q4,2016,Q4,2017-03-16,2016-12-31,2055847.0,20251505.0,3148250.0,0.21273799376660263,7940228.0,0.3920808848527554,169446462.0,56680553.0,55891683.0,7594465.0,112765909.0,0.0,20563720.0,132876576.25,120832056.25,5.865274570919718,7.359528683060624,0.0,0.0,0.03627076468361203,5.865274570919718,0.03627076468361203,6.561318590889911,16.158373683693387,2.344306278204449,0.2405757821472123,0.0,0.003722153399478488,0.11951565562932792,19.265109128819475,0.012132723078042196,79.47572437936401,0.3920808848527554,-0.505260479612552,-0.4199133021003089,-0.007483449344406108,0.4446628304373346,-0.2130431283590894,-0.40593204813233214,-0.4012378633344561,15.990450750987119,0.39344641846760375,0.19353539140233392,Insurance—Property & Casualty,Financial Services,KINS
2016Q3,2016,Q3,2016-11-10,2016-09-30,3460626.0,19828397.0,5257931.0,0.43,10089788.0,0.5088554561420169,169479787.0,56668211.0,55160092.0,9430358.0,112811576.0,0.0,19002460.0,73021788.19,60591101.19,7.162897547360104,5.849204452259395,0.0,0.0,0.061068206300001246,7.162897547360104,0.061068206300001246,3.682687419966425,5.275186352844832,1.2885846738659175,0.14290940425229423,0.0,0.006772718283934427,0.1169956450322893,15.545830497633283,0.02041910756000655,13.357017867271955,0.5088554561420169,0.19444444444444448,6.6468315984901745,0.40609502071261805,0.9438187783154676,0.17338588599938642,0.21756094883615545,0.22824089441778445,0.0029539533731921166,-0.07611228470863995,0.6026322081919455,Insurance—Property & Casualty,Financial Services,KINS
2016Q2,2016,Q2,2016-08-11,2016-06-30,2842261.0,18911910.0,4280863.0,0.36,8598866.0,0.45467993449630417,167930112.0,53791096.0,61242902.0,8666824.0,114139016.0,0.0,16036390.0,68979970.95,54341696.95,6.901296029032323,7.066360410687929,0.0,0.0,0.052838875043557394,6.901296029032323,0.052838875043557394,3.6474354494072783,6.067350161543925,1.282367828125309,0.17399000302927844,0.0,0.007169110006706954,0.11261774183774736,16.800154474118777,0.01692526114673228,13.80862632135878,0.45467993449630417,4.142857142857142,0.8085504304133098,0.38742915593160315,0.8749155475751765,0.8330830276548514,4.253406452853066,4.852786964588207,19.496041135177993,0.1938378556960689,0.6956402078660071,Insurance—Property & Casualty,Financial Services,KINS
2016Q1,2016,Q1,2016-05-12,2016-03-31,541032.0,18444852.0,731423.0,0.07,4690931.0,0.25432196474116464,157625591.0,46223404.0,51931761.0,7103942.0,111402187.0,0.0,13688654.0,60482900.1,54903676.1,6.312615903151774,7.310273788834425,0.0,0.0,0.01170471997259224,6.312615903151774,0.01170471997259224,3.2791209221955264,27.94793103735084,1.3084908264220436,0.845796551775126,0.0,0.007565824377525178,0.11701686181148085,19.029931128379143,0.0034323868133823523,24.284957178133343,0.25432196474116464,-0.723278572141976,1.2397678739198124,0.5655679451456327,0.8451301496736616,-0.3084542745333914,-0.7079110396078357,-0.7278858391615546,0.48577047195428136,0.2866975461253036,0.45866540235585657,Insurance—Property & Casualty,Financial Services,KINS
2015Q4,2015,Q4,2016-03-24,2015-12-31,1852285.0,17362297.0,2687927.0,0.2529619789180711,6783255.0,0.3906888011419226,149129750.0,45277228.0,55443262.0,6779147.0,103852522.0,0.0,13605225.0,65901465.0,52350093.0,6.183398988171204,8.178501218516136,0.0,0.0,0.04090985870424753,6.183398988171204,0.04090985870424753,3.7956651127440106,8.894617324007914,1.4555101518140643,0.24750618830255602,0.0,0.0069566283541648115,0.11642410048967426,18.75598744207789,0.012420627004336828,8.68947499860233,0.3906888011419226,-0.20949381588102783,5.05808554251054,0.5301360406255731,0.833630998825352,-0.10579475419310205,-0.21033323755336464,-0.2233651508006953,1.659600487343605,0.6258917192782721,0.4586708872196927,Insurance—Property & Casualty,Financial Services,KINS
2015Q3,2015,Q3,2015-11-12,2015-09-30,2345654.0,16657369.0,3460992.0,0.32,7585792.0,0.4554015703200187,144643620.0,44023110.0,51020990.0,5998534.0,100620510.0,0.0,12211392.0,63368084.160000004,56636455.160000004,6.002385513811943,8.505576529198635,0.0,0.0,0.053282332847452166,6.002385513811943,0.053282332847452166,3.804207264664666,6.753775723103237,1.4394277042217145,0.15635554092803117,0.0,0.005787708510706535,0.11516144991393329,20.43992598858321,0.016216781631986258,7.726842690041937,0.4554015703200187,0.0,4.281671624871993,0.5142647571030929,0.743069085868609,0.05776406306320753,-0.014092238424803146,-0.03471384540380766,0.33825025381509827,0.01948352917337462,0.26862370544680964,Insurance—Property & Casualty,Financial Services,KINS
2015Q2,2015,Q2,2015-08-12,2015-06-30,2379182.0,15542512.0,3585457.0,0.32,7171535.0,0.46141415235838323,142461070.0,42023673.0,55299152.0,6479567.0,100740567.0,0.0,10232494.0,55767409.199999996,51835012.199999996,5.726999324185926,8.534390029457215,0.0,0.0,0.05661527967819471,5.726999324185926,0.05661527967819471,3.588056370810587,5.859935179401996,1.3270474763117446,0.1541222991767759,0.0,0.006575256144407727,0.10910006502127213,18.73994018427466,0.016700576515394697,22.11041973687497,0.46141415235838323,5.4,1.7865333779713675,0.28383221576497253,0.40315644679818063,0.7330870475967687,5.220099921829861,-0.5305711742761178,1.192907029772599,0.06539818058766513,0.2784995913453613,Insurance—Property & Casualty,Financial Services,KINS
2015Q1,2015,Q1,2015-05-13,2015-03-31,382499.0,14613556.0,7637914.0,0.05,4138012.0,0.2831625649499684,137389268.0,40915718.0,53699630.0,4689000.0,96473550.0,0.0,8219997.0,55106580.63,48822925.63,5.5908995444415766,11.452256344636384,0.0,0.0,0.12424415347310597,5.5908995444415766,0.009348461146398555,3.7709220555215994,36.01746712409706,1.3468315680052345,0.9555711256761455,0.0,0.0066326924265923196,0.10636606638009018,25.00275431861804,0.002784052972754757,66.06893683676687,0.2831625649499684,-0.793122891856006,-0.32699769546788127,0.3532527415206042,0.5429749900774913,-0.3396647459870946,-0.7830535141735906,1.91427442029591,-0.7424911076754157,0.01457934860522476,0.29206148355205536,Insurance—Property & Casualty,Financial Services,KINS
2014Q4,2014,Q4,2014-12-31,2014-12-31,1763103.0,14960624.0,2620863.0,0.24168937998301007,6266532.0,0.41886835736263406,134996422.0,40500896.0,55730602.0,6024500.0,94495526.0,0.0,8203003.0,59453540.95,49546662.95,5.551936808567834,9.250660137770769,0.0,0.0,0.043532444319256534,5.551936808567834,0.04353244431925654,3.974001415315297,8.43024215686775,1.467956189166778,0.20727036367132265,0.0,0.00614663137234049,0.11082237424040764,19.06700805046062,0.013060368370355771,8.469602129055659,0.41886835736263406,-0.07042546160380744,3.039454347361004,0.9256616593371942,0.6000052107751186,0.0,-0.06401190010410468,0.0,-0.3409696506511951,-0.02869465970944366,0.3674852979674109,Insurance—Property & Casualty,Financial Services,KINS
2014Q3,2014,Q3,2014-09-30,2014-09-30,1883681.0,14015734.0,0.0,0.26,0.0,0.0,128930308.0,39001768.0,0.0,0.0,89928540.0,0.0,6805339.0,59016575.661299996,53988570.661299996,5.346433603800347,0.0,0.0,0.0,0.0,5.346433603800347,0.04829732334185466,4.2107374227635885,7.832612801915504,1.5131769324226532,0.193635228045513,0.0,0.006180416195160271,0.10870782996966082,0.0,0.014610071357310338,9.970634702913767,0.0,0.44444444444444453,-0.8623521347306146,0.3900503363453565,0.48750186316031136,-1.0,0.3906815936779717,-1.0,3.514034386483582,0.07788780221131089,0.45087905660665534,Insurance—Property & Casualty,Financial Services,KINS
2014Q2,2014,Q2,2014-06-30,2014-06-30,1354502.0,10972847.0,1983727.0,0.18,5061116.0,0.461240004531185,131274805.0,37751437.0,61565949.0,6624195.0,93523368.0,0.0,5286405.0,48610526.45,41786277.45,5.179990902772871,9.294102755127227,0.0,0.0,0.03587948188568292,5.179990902772871,0.03587948188568292,4.430074204989826,8.972029286409322,1.2876470490381597,0.21541127292539988,0.0,0.006002300762986286,0.08358684669156431,16.99289815592687,0.010318065222035561,12.18410620485369,0.461240004531185,3.4999999999999996,3.3153810901739798,38.77693668367284,2.1678614763417228,0.5841606347765527,3.1405238847808077,3.1334448794697463,-0.07823213426669776,-0.13906573348619486,0.4072784936409432,Insurance—Property & Casualty,Financial Services,KINS
2014Q1,2014,Q1,,2014-03-31,327133.0,10102287.0,479921.0,0.04,3194825.0,0.3162476971798564,124153285.0,36208332.0,61055573.0,5283417.0,87944953.0,0.0,4223678.0,50648013.809999995,42084947.809999995,4.982862210288124,11.55607687222114,0.0,0.0,0.009034743715893898,4.982862210288124,0.0090347437158939,5.013519593137672,38.70598029700458,1.398794449023501,0.8885193483995806,0.0,0.005738902241860687,0.08136947000637156,20.1871158381025,0.002634912157177315,125.17179683561196,0.3162476971798564,2.1946246084519423,1.7802844344268258,35.888109103701815,1.908546201297423,0.10644784466352965,2.5954607902401494,4.644402888528215,0.36466902326876116,-0.13594902014493163,0.4564531466712155,Insurance—Property & Casualty,Financial Services,KINS
2013Q4,2013,Q4,2014-03-31,2013-12-31,90985.0,10928258.0,85026.0,0.012521032954599094,2887461.0,0.2642196953988458,116783822.0,35709411.0,66048394.0,5782216.0,81074411.0,0.0,4187209.0,52827985.70999999,32905479.709999993,4.9142024720593875,11.422678433320375,0.0,0.0,0.002547927771757423,4.9142024720593875,0.002547927771757423,4.8340719728615476,145.15575564653514,1.4793855241689648,1.677891960213222,0.0,0.002889813002487844,0.0935768140898831,17.515964294657966,0.0007790890762249586,23.921027131001935,0.2642196953988458,-0.9708813187102346,1.0694743696888638,2.564602014423697,1.7774534326649734,-0.45896794985900186,-0.9452630933015045,-0.9623993051747499,-0.700138775621604,-0.029497358112801124,0.45726226053177654,Insurance—Property & Casualty,Financial Services,KINS
2013Q3,2013,Q3,2013-11-14,2013-09-30,1662224.0,10339137.0,2261288.0,0.43,5336950.0,0.5161891171381132,94543260.0,17034191.0,48513943.0,8046019.0,77509069.0,0.0,4248887.0,20085250.61,16855590.61,4.46945812691555,6.029558592889229,0.010122350339939622,0.05618112418723026,0.09239099290313797,4.46945812691555,0.09758162274921069,1.9426428540409126,3.0208399424505963,1.1791138545998456,0.09172289655305181,0.0,0.007590843796795424,0.10935879511664819,10.024223159303999,0.017581623481145035,5.7984616181850885,0.5161891171381132,20.5,13.956662689717005,6.0469683278092,1.295500890254707,1.1707440186026004,23.40821720679579,16.7687605098144,6.202565042612869,0.8087139707467725,0.29791301703031436,Insurance—Property & Casualty,Financial Services,KINS
2013Q2,2013,Q2,2013-08-14,2013-06-30,68101.0,7779462.0,127262.0,0.02,2458581.0,0.31603483634215324,89776483.0,15578879.0,47284742.0,8069034.0,74197604.0,0.0,2739127.0,19597885.44,16090185.440000001,4.070023815793873,5.8600251281628015,0.009768705240992789,0.056294165966626994,0.004138399413364671,4.070023815793873,0.004371367156776813,2.519182616998451,71.94419112788358,1.2579778968692166,2.2560167985785817,0.0,0.007839468215607654,0.08665367298917245,9.526669239465344,0.000758561682573375,-36.71157221158638,0.31603483634215324,-0.6,1.4730078649969032,3.62991668385253,1.0569486735042848,-0.16199984525542568,-0.6434651951750712,-0.5800086465507853,-0.8470964051284916,0.2318682011908677,-0.0028145923406256855,Insurance—Property & Casualty,Financial Services,KINS
2013Q1,2013,Q1,2013-05-15,2013-03-31,191008.0,7519328.0,303011.0,0.05,2933867.0,0.3901767551568438,88812364.0,16622126.0,44160981.0,9065424.0,72190238.0,0.0,2824663.0,21893124.3,19811570.3,4.327665476233559,4.871364097255682,0.008410991064262179,0.04494009972009597,0.010996983958778352,4.327665476233559,0.011491189514506147,2.911579904480826,28.654721660872845,1.3171073483620568,0.8043485089629754,0.0,0.007017591363147744,0.08466532880489477,8.506596712961247,0.0021506915411011918,9.75175299381527,0.3901767551568438,1.130375420481122,1.642910916234179,3.4144437124672122,1.1539849927661836,1.2277923628954297,1.1296714561630397,1.1332588342342271,-0.35965591088896093,0.326714994342934,0.19434798321298202,Insurance—Property & Casualty,Financial Services,KINS
2012Q4,2012,Q4,2013-04-01,2012-12-31,-1473015.0,5601391.0,-2273853.0,-0.383507871464467,-12879567.0,-2.2993515360738073,93498398.0,16281816.0,49232760.0,5338113.0,77216582.0,0.0,2787292.0,18701337.231,17658325.231,4.239063823339276,9.222877072853272,0.012802358389071008,0.07351759779130289,-0.0842743009595158,4.239063823339276,-0.09046994512160068,3.3386951974964787,-3.1739896116129165,1.1486026639166047,-0.1043553527968147,0.0,0.008219572648804666,0.05990895159508508,15.118627125353097,-0.01575444105470128,5.464657656665207,-2.2993515360738073,-2.6674255281063783,-2.4439348580314064,4.728920699097812,1.044040375944877,-2.5116862676056337,-2.6116367081807508,-2.7276562152157546,-2.236165344792372,0.3693466206030671,0.2216501087844233,Insurance—Property & Casualty,Financial Services,KINS
2012Q3,2012,Q3,2012-11-14,2012-09-30,913987.0,8520000.0,1316149.0,0.23,8520000.0,1.0,80525251.0,18095113.0,40017482.0,14340224.0,62430138.0,0.0,4414024.0,18931081.95,17580232.95,4.731415224262975,2.7905757957476816,0.013623055952970578,0.06062410331452476,0.04762305224026141,4.731415224262975,0.05051015707942802,2.2219579753521126,5.17815952250962,1.0461986034571875,0.16763586352978763,0.0,0.008093409579266018,0.10580532061924278,4.789444851070667,0.011350315443288714,7.606879774370258,1.0,0.5333333333333334,11.049567150187126,2.106715485913217,1.2003031304141234,0.13084935812353335,0.6311991804624534,0.5176224914787534,-0.8726051058987934,0.6117740365692698,0.31638948185450216,Insurance—Property & Casualty,Financial Services,KINS
2012Q2,2012,Q2,2012-08-14,2012-06-30,560316.0,7534160.0,867244.0,0.15,7534160.0,1.0,76413990.0,16975360.0,37567171.0,14157789.0,59438630.0,0.0,3653254.0,19838514.12,19809790.12,4.4794690299113995,2.6534631219606393,0.013047349052182721,0.058732185944804706,0.03117653997582956,4.4794690299113995,0.03300760631880561,2.6331421313059455,8.851484751461676,1.1686652960526316,0.20244290721664204,0.0,0.005717766931226198,0.09859660515044431,4.569057357755509,0.007332636340544448,30.106890684376026,1.0,-0.25000000000000006,2.243795188574141,1.4947756244303068,1.0988400086240064,0.015089536567709439,-0.26796077437426347,-0.7493060883269632,2.841992642543853,51.52413210276065,1.7394521806449514,Insurance—Property & Casualty,Financial Services,KINS
2012Q1,2012,Q1,2012-05-15,2012-03-31,765418.0,7422163.0,3459374.0,0.2,7422163.0,1.0,72655108.0,16318025.0,34410379.0,12825916.0,56337083.0,0.0,3206370.0,11992126.620000001,12677075.620000001,4.327115710524411,2.682878868066811,0.01372236622372098,0.06109808019046423,0.1318217271383364,4.327115710524411,0.04690628921085732,1.6157185742215578,3.9168554371598265,0.7349006157301512,0.14815042238358647,0.0,0.009455954193385593,0.10215610717969066,4.793378032414995,0.010534950963117417,-61.64762022752626,1.0,-0.4546468285903729,5.723779907798796,1.4082767134682892,1.0572259113973042,0.0,-0.44655122173077744,0.0,4.517935022114816,51.22250913115507,1.5257804513306896,Insurance—Property & Casualty,Financial Services,KINS
2011Q4,2011,Q4,2012-03-30,2011-12-31,1382997.0,7962380.0,0.0,0.3667348252198491,0.0,0.0,69704905.0,15310555.0,0.0,0.0,54394350.0,0.0,2554349.0,13538281.309999999,14412155.309999999,4.059960876230308,0.0,0.015020463767937134,0.06838419639261933,0.0,4.059960876230308,0.09032964513696597,1.70028073390117,2.4472723567007013,0.884244974137123,0.08326120736342885,0.0,0.008505510955437518,0.11422983791456283,0.0,0.019840741480101006,9.254742331397383,0.0,5.112247086997486,203.88643742162105,1.383321291937815,0.9922950277754901,-1.0,5.298689705741703,-1.0,3.0348697202131505,3.1966274233772762,1.2946454356093713,Insurance—Property & Casualty,Financial Services,KINS
2011Q3,2011,Q3,2011-11-14,2011-09-30,219569.0,6841807.0,150010.0,0.06,6841807.0,1.0,68953075.0,14144305.0,35398273.0,11696303.0,54808770.0,0.0,1286502.0,13357583.28,11073515.28,3.684961595837417,3.026449725182393,0.010833454490608288,0.05281277517700587,0.014744778916287057,3.684961595837417,0.015523491610227579,1.9523472790156167,15.20886746307539,0.944378905856456,0.0,0.0,0.0,0.09922410276844071,4.949734031343066,0.003184324992032625,3.5493128286232656,1.0,-0.7000000000000001,0.5612642139226227,1.0038256228202638,0.778045301721734,0.019242051043389472,-0.7162938298117015,-0.9503273046842534,2.6993882890974596,3.6302756017232753,0.8925857192529029,Insurance—Property & Casualty,Financial Services,KINS
2011Q2,2011,Q2,2011-08-15,2011-06-30,773931.0,6712642.0,3019969.0,0.2,6712642.0,1.0,65069968.0,14128550.0,32272622.0,11640324.0,50941418.0,0.0,1182086.0,11469097.368,12128913.368,3.680857006043686,2.772484855232552,0.011479950320553408,0.05287166765166985,0.13574886601141425,3.680857006043686,0.054777808055320606,1.7085817131317298,3.7048190885233954,0.8117674756432897,0.0,0.0,0.0,0.10316037038776475,4.656392382205169,0.011893827886929343,14.686742306140873,1.0,5.666666666666667,1.079395008088186,0.670257472829177,0.8117162292574971,0.08691140236212223,5.112040371493555,0.09225410286679861,6.360529900193982,2.9838933629663784,0.8602677228962838,Insurance—Property & Casualty,Financial Services,KINS
2011Q1,2011,Q1,2011-05-20,2011-03-31,126624.0,6175887.0,2764896.0,0.03,6175887.0,1.0,62978789.0,13132004.0,29925810.0,49846785.0,49846785.0,0.0,408155.0,11864451.126,12924962.126,3.4212306943595565,0.6003558704939547,0.02309474385098132,0.11075834274799186,0.14251281833466903,3.4212306943595565,0.009642397306610628,1.9210926504970056,23.42457023550038,0.9034760517892014,0.0,0.0,0.0,0.09806296847022575,1.0271930677174064,0.002010581689654274,9.519754606041252,1.0,-0.2815419651101849,-0.254056644606768,0.6084505288902746,0.7535762670433168,0.038307803035996284,-0.20996281414559884,4.505446913747409,1.4264808271252192,2.6281107504481165,0.7028302240345814,Insurance—Property & Casualty,Financial Services,KINS
2010Q4,2010,Q4,2011-03-31,2010-12-31,160276.0,5948031.0,502211.0,0.041756092274200664,5948031.0,1.0,58682673.0,12943865.0,27223429.0,6012585.0,45738808.0,0.0,281531.0,13434351.0,14568728.0,3.3722155614364997,4.527741229437921,0.02489656529449502,0.11287177361630395,0.020752492099152746,3.3722155614364997,0.01238239119459296,2.2586215505601768,20.95502601761961,1.0378933185721575,0.0,0.0,0.0,0.10135923767480735,7.858613890697595,0.0027312320963975177,8.28886437380728,1.0,-0.30406512876332226,1.9857118591415017,0.3631386241682818,0.7611597191534903,0.03441840615180098,-0.30959560280510706,0.4591013155448122,1.3749734292784117,4.962275984316914,0.626053546543677,Insurance—Property & Casualty,Financial Services,KINS
2010Q3,2010,Q3,2010-11-15,2010-09-30,232148.0,5750121.0,344192.0,0.06,5750121.0,1.0,57834426.0,13201963.0,28499005.0,4729100.0,44632463.0,0.0,121255.0,9277791.16,9983125.16,3.443572926899122,6.026306273921042,0.02537189527911974,0.1111477891583244,0.01470132741178567,3.443572926899122,0.01758435469028356,1.6134949438455295,9.991246058548857,0.7027584579656828,0.0,0.0,0.0,0.09942384489127634,10.069329259267091,0.0040140106171365824,19.420127558656258,1.0,-0.4545454545454546,1.193713830665693,0.15461919632090934,0.7721155607473583,0.1317685469834476,-0.35211920104711164,-0.46208653387823995,2.053074375385995,1.0916060106791168,0.6014033712388324,Insurance—Property & Casualty,Financial Services,KINS
2010Q2,2010,Q2,2010-08-16,2010-06-30,358319.0,5080651.0,639865.0,0.11,5080651.0,1.0,55984210.0,12568815.0,28128734.0,4510211.0,43415395.0,0.0,-110893.0,8899613.39,9458091.39,4.081511607101396,6.2366780622902125,0.02632165390920047,0.117242317593186,0.024763171984320494,4.081511607101396,0.028508574595138843,1.7516679240514652,6.209280968913175,0.7080709987377489,0.0,0.0,0.0,0.0907514993959904,10.200836945322514,0.006400358243869119,4.745149548018201,1.0,0.375,0.3365771260787587,0.21599837997530602,1.1311734228449122,0.15061812888170625,0.5418599447490039,0.7621795048332461,1.5527565283805689,1.0703090159322535,0.9123784090136043,Insurance—Property & Casualty,Financial Services,KINS
2010Q1,2010,Q1,2010-05-19,2010-03-31,232394.0,4415584.0,363110.0,0.08,4415584.0,1.0,53320016.0,10842825.0,27367474.0,3043604.0,42477191.0,0.0,-469212.0,8976900.76,9695986.76,3.623454417858575,8.991798538837509,0.02775102318048817,0.13646674183157986,0.017692887782292943,3.623454417858575,0.021432975262443137,2.0330041869886295,9.656984216459977,0.827911615284762,0.0,0.0,0.0,0.08281287837573043,14.306649288146552,0.004358475811410109,-35.52366328719203,1.0,1.6750662681179853,-0.2939027168029678,0.11983250916031839,1.0390325548123054,0.38553945425437713,1.655332468557893,3.4855226230405916,1.5727001298981902,0.8055665022826677,0.7226866152563088,Insurance—Property & Casualty,Financial Services,KINS
2009Q4,2009,Q4,2010-04-07,2009-12-31,-354620.0,3186906.0,-146090.0,-0.1185068841064029,3186906.0,1.0,52643753.0,10383476.0,27998664.0,4705451.0,42260277.0,0.0,-701606.0,7451076.000000001,7911393.000000001,3.4699492046517846,5.950261515846196,0.020622332910041577,0.10455429376443881,-0.011284165781320408,3.4699492046517846,-0.034152339736712445,2.338028169014085,-5.252859398793074,0.7175897551070567,0.0,0.0,0.0,0.060537211319261375,9.133379563404231,-0.006736221864729135,12.036948904472737,1.0,-1.0769525221470149,-2.155334035250206,-0.2210978481551749,1.1436700818428833,-0.22562355301294051,-1.0634882782470203,-1.3441865944163034,-64.56082998627556,0.20214923907462504,0.7027658043542945,Insurance—Property & Casualty,Financial Services,KINS
2009Q3,2009,Q3,2009-12-02,2009-09-30,5585598.0,4115448.0,424450.0,1.54,4115448.0,1.0,52660727.0,10701843.0,29472156.0,3645190.0,41958884.0,0.0,-346986.0,6401627.149999999,4874940.149999999,3.5942365762429636,8.08521805447727,0.015029302576852007,0.07395492533388875,0.03563437940444443,3.5942365762429636,0.5219286061288696,1.5555116113725649,0.2865238041656417,0.5981798789236582,0.0,0.0,0.0,0.07815023138590547,11.76351520771208,0.10606762037295839,4.689926071851918,1.0,20.25,11.575086574604976,-0.12033554846754575,1.2374914092108387,35.5742825911147,24.407724350646628,2.534426537680122,50.20021537740803,0.5538280450153575,0.7342692159625902,Insurance—Property & Casualty,Financial Services,KINS
2009Q2,2009,Q2,2009-08-14,2009-06-30,-238622.0,112523.0,-276618.0,-0.08,112523.0,1.0,7469890.0,4860944.0,638985.0,785952.0,2608946.0,0.0,-5932584.0,6658951.040000001,7038257.040000001,1.6351696377692544,0.813007664590204,0.07324619238034295,0.11255858944270906,-0.018577498891888398,1.6351696377692544,-0.04908964184734488,59.17857717977659,-6.9764638633487275,1.3698884496509323,0.0,0.0,0.0,0.015063541765675264,0.7428392573592281,-0.031944513239150776,-7.875317445393338,1.0,-0.3333333333333334,-1.5699766492997915,-0.9759992807062153,0.1123541696494222,0.004337852673670305,-0.3912683512716163,-0.5869131212997384,-1.8278203129308213,-0.963848852824063,-0.1951702102332358,Insurance—Property & Casualty,Financial Services,KINS
2009Q1,2009,Q1,2009-05-15,2009-03-31,-171514.0,112037.0,-174312.0,-0.06,112037.0,1.0,9272369.0,5092848.0,3226916.0,2744443.0,4179521.0,0.0,-5693962.0,1070188.56,2906336.56,1.7131796662076073,1.1757999710688107,0.2147272180388852,0.39094628388673686,-0.015624539397595243,1.7131796662076073,-0.03367742371262602,9.552099395735338,-1.5599142927107992,0.21013557836401164,0.0,0.0,0.0,0.01208288841826722,0.08290753351408646,-0.018497322528902807,17.560195589393544,1.0,0.6670832034029014,-1.3849387741279362,-0.9733958116576781,0.35862674175479325,1.0392252078774618,0.679738134939678,0.1728418495178802,-2.3046086084827158,-0.9623243562951678,-0.12189750641611537,Insurance—Property & Casualty,Financial Services,KINS
2008Q4,2008,Q4,2008-12-31,2008-12-31,-535543.0,-2856250.0,-210736.0,-0.18022521126386118,-2856250.0,-1.0,9420633.0,5257570.0,3388340.0,3563445.0,4163063.0,0.0,-5522448.0,1426330.0799999998,3292209.08,1.7693194831872296,0.9508607541297817,0.213237051055911,0.38208297749720876,0.0037842392349722105,1.7693194831872296,-0.1018613161593664,-0.499371581619256,-0.6658335931941972,0.2712907445835243,0.0,0.0,0.0,-0.3031908789993199,0.09674233782196723,-0.05684787848120185,-10.454052976443512,1.0,-5.007507042128706,-2.5407518484897857,-1.7888536435828761,0.5924293004628655,-3.4969053671773103,-4.3540914771307175,-0.4504707890534662,-3.254472063441459,-1.8455374745897184,-0.07596233178657173,Insurance—Property & Casualty,Financial Services,KINS
2008Q3,2008,Q3,2008-09-30,2008-09-30,-100025.0,1143916.0,-145288.0,-0.03,1143916.0,1.0,10318777.0,5785704.0,1315571.0,3711959.0,4533073.0,0.0,-4986905.0,2377216.8000000003,4105800.8000000003,1.9470513585466838,0.35441420554483494,0.21796594693343987,0.38874128368820804,-0.016917953420781912,1.9470513585466838,-0.017288302339697987,2.0781393039349045,-5.941556610847288,0.41087770822703684,0.0,0.0,0.0,0.11085771114154323,0.2917297847309197,-0.009693493715388945,5.232783247815838,1.0,0.25000000000000006,-1.272862665372343,-0.5153135333367267,0.9585879926136233,-0.12468895098816407,0.10676013573852473,0.41145111764658227,-2.219478111658257,-0.7036490340056226,0.0019825580293105736,Insurance—Property & Casualty,Financial Services,KINS
2008Q2,2008,Q2,2008-06-30,2008-06-30,-111980.0,1306868.0,-246858.0,-0.04,1306868.0,1.0,10378410.0,5890716.0,1451294.0,1349881.0,4487694.0,0.0,-4886880.0,3006879.08,5157320.08,1.9786705756055878,1.0751273630786713,0.22899914341406824,0.4034563879840753,-0.016422092989655725,1.9786705756055878,-0.01900957370886663,2.3008284539831108,-6.712982407572781,0.5104437355323189,0.0,0.0,0.0,0.12592179341536902,0.9367536842136455,-0.010789706708445706,74.39271332789035,1.0,0.5,-1.3018252056265305,-0.4303906495296627,1.4390430635069238,-0.007460368453950091,0.5124054028163617,0.40659419906635064,-1.4320593007513938,-0.6764629173100468,0.033168725027985485,Insurance—Property & Casualty,Financial Services,KINS
2008Q1,2008,Q1,,2008-03-31,-229658.0,1316691.0,-416002.0,-0.08,1316691.0,1.0,10248611.0,5965196.0,1550534.0,2878734.0,4283415.0,0.0,-4774900.0,4958270.08,7095563.08,2.0091437455540944,0.5386166280038378,0.23909893740722524,0.4107881786281624,-0.027187805543804358,2.0091437455540944,-0.03849965701043184,3.7657051502592482,-5.397449773140931,0.8311998599878362,0.0,0.0,0.0,0.12847506847513288,0.38539927620961156,-0.02240869518806012,-4.4454755808031905,1.0,0.28159287163929914,-1.4924092243321483,-0.39427706167069587,1.9261023799664885,2.133940597538332,0.3053780287517807,0.671821515940641,-1.7032781839838758,-0.6634460244991287,0.13060881469662408,Insurance—Property & Casualty,Financial Services,KINS
2007Q4,2007,Q4,2008-03-31,2007-12-31,-330623.0,-1161164.0,-1267609.0,-0.11135746966006338,-1161164.0,-1.0,23245326.0,6157355.0,14779367.0,16180906.0,17087971.0,0.0,-4545242.0,4958270.08,6525502.08,2.0738650142268975,0.9133831566662584,0.11176672678197759,0.42194318826833926,-0.08170684781686492,2.0738650142268975,-0.053695620928142035,-4.2700859482381475,-3.749187201132407,0.8052597389625902,0.0,0.0,0.0,-0.049952579714304716,0.11325323810669193,-0.014223203408719671,-8.737440094171715,1.0,-6.567873483003169,-1.3913837310868342,-1.94488623844334,2.916348623889409,-1.5432005666077542,-6.592026926459644,-14.203706146926537,-2.085633765057048,-1.2860310302837017,0.2811952344486835,Insurance—Property & Casualty,Financial Services,KINS
2007Q3,2007,Q3,2007-11-14,2007-09-30,59124.0,2137634.0,-83375.0,0.02,2137634.0,1.0,24157462.0,6410236.0,15797300.0,16561054.0,17747226.0,0.0,-4214619.0,7124647.36,18470832.36,2.150346994858143,0.9538825246267538,0.5111012903590617,1.9261240927791115,-0.0023082188020492637,2.150346994858143,0.0092233733672208,3.332959412135099,30.125868344496315,1.11144852701211,0.0,0.0,0.0,0.0884875240619234,0.9240359339447839,0.002447442533491308,-153.49881202197565,1.0,-0.5,-0.8183407719535291,0.38797425343956293,7.320691253714511,-0.09605872480170569,-0.5628862930652078,-2.961349361311722,-0.8670490149133343,-0.5436272390240495,0.3386383521940426,Insurance—Property & Casualty,Financial Services,KINS
2007Q2,2007,Q2,2007-08-14,2007-06-30,135260.0,2364793.0,42509.0,0.04,2364793.0,1.0,24296154.0,6333291.0,16147962.0,15336545.0,17962863.0,0.0,-4273743.0,7952744.5600000005,19753577.560000002,2.1342594059125672,1.0529074181962104,0.5248145447217696,2.0133252995954236,0.0012250917026526446,2.1342594059125672,0.02135698485984617,3.3629770385822355,14.698995564098773,1.255704902869614,0.0,0.0,0.0,0.09733198925229071,1.0373727589884163,0.0055671362636242755,-14.633810948569327,1.0,0.3333333333333334,0.7551705188221072,1.255866549619693,35.73370469677512,0.0,0.5233011239498164,1.5047435851767417,-0.6763381368434945,-0.49469726319139706,0.4518691482793758,Insurance—Property & Casualty,Financial Services,KINS
2007Q1,2007,Q1,2007-05-11,2007-03-31,88794.0,2403934.0,-84219.0,0.03,0.0,0.0,25113189.0,6187056.0,17390941.0,15466907.0,18926133.0,0.0,-4409003.0,7059578.399999999,19116899.4,2.103374105173193,1.1243968170235976,0.5218239706633833,2.118077483054946,-0.002401047997163948,2.103374105173193,0.014351575288796482,2.936677296464878,19.87628218122846,1.1410238407410567,0.0,0.0,0.0,0.09572396400950911,1.0950649667706671,0.0035357516721591987,12.392747878536795,0.0,17.596714312582282,1.419499055198852,1.478336054307893,24.615131562567875,-1.0,17.70001880759827,0.420099153067548,-0.798596977675621,-0.4230989068390679,0.6680680745696849,Insurance—Property & Casualty,Financial Services,KINS
