Quarters,Year,Quarter,FillingDate,Date,NetIncome,Revenue,OperatingIncome,EPSDiluted,GrossProfit,GrossProfitRatio,TotalAssets,CommonStockEquity,CurrentAssets,CurrentLiability,TotalLiability,Inventory,RetainedEarnings,MarketCap,EnterpriseValue,bookValuePerShare,currentRatio,debtToAssets,debtToEquity,roic,shareholdersEquityPerShare,roe,priceToSalesRatio,peRatio,pbRatio,payoutRatio,inventoryTurnover,dividendYield,assetTurnover,quickRatio,returnOnAssets,priceToFreeCashFlowsRatio,grossProfitMargin,epsdilutedGrowth,fiveYNetIncomeGrowthPerShare,fiveYRevenueGrowthPerShare,fiveYShareholdersEquityGrowthPerShare,grossProfitGrowth,netIncomeGrowth,operatingIncomeGrowth,threeYNetIncomeGrowthPerShare,threeYRevenueGrowthPerShare,threeYShareholdersEquityGrowthPerShare,Industry,Sector,Symbol
2022Q4,2022,Q4,2022-12-31,2022-12-31,-45733218738.0,32268067789.0,-45807160853.5,-7320.44,15428089340.5,0.4781225031,344165084.0,318931581.0,269105360.0,15487691.0,22377203.0,440064.0,-78068522.0,18179739.03,-225858068.97,51.050837373323944,17.375434465989798,0.02108622965367399,0.02275454809851521,-137.15467401900648,51.050837373323944,-143.39507738495172,0.0005633971996363963,-9.937928890457883e-05,0.05700200329173423,0.0,38267.112166639396,0.0,93.75752884043287,16.81755246795665,-132.88163403002264,0.00014249481854598884,0.4781225030697174,0.0,0.0,0.0,0.0,0.0,0.0,0.0,0.0,0.0,0.0,Computer Hardware,Technology,EBON
2020Q2,2020,Q2,2020-06-30,2020-06-30,-3106144.0,5521178.0,-4338706.0,-0.711138858672909,-483474.0,-0.08756718222089561,75076267.0,10702858.0,48754043.0,33083692.0,57658628.0,8822464.0,-14552283.0,619797205.5,644972576.5,2.4503749560710144,1.4736578674472003,0.3498482949345364,2.454045825890617,-0.12715183118086928,2.4503749560710144,-0.2902163141844917,112.25814590654386,-49.88477719481132,57.9095046855709,0.0,0.6806094079839827,0.0,0.07354092339194222,0.8827076796628381,-0.04137318122117073,0.0,-0.08756718222089561,0.0,-0.009431048185098835,-0.9307779968500867,0.0,0.0,0.0,0.0,-0.009431048185098835,-0.9307779968500867,0.0,Computer Hardware,Technology,EBON
2019Q2,2019,Q2,2019-06-30,2019-06-30,-10600842.25,27265016.5,-11084947.5,-2.4270191139356556,-7640933.25,-0.2802467862067863,,,,,,,,655176750.0,,,0.0,0.0,0.0,0.0,,0.0,24.029941445294927,-15.451054136759748,0.0,0.0,0.0,0.0,0.0,0.0,0.0,-137.26148281915803,-0.2802467862067863,0.0,-2.4450493293493096,-0.6581637002021237,0.0,0.0,0.0,0.0,-2.4450493293493096,-0.6581637002021237,0.0,Computer Hardware,Technology,EBON
2019Q1,2019,Q1,2019-03-31,2019-03-31,-10600842.25,27265016.5,-11084947.5,-2.4270191139356556,-7640933.25,-0.2802467862067863,,,,,,,,655176750.0,,,0.0,0.0,0.0,0.0,,0.0,24.029941445294927,-15.451054136759748,0.0,0.0,0.0,0.0,0.0,0.0,0.0,-137.26148281915803,-0.2802467862067863,0.0,-2.4450493293493096,-0.6581637002021237,0.0,0.0,0.0,0.0,-2.4450493293493096,-0.6581637002021237,0.0,Computer Hardware,Technology,EBON
2018Q2,2018,Q2,2018-06-30,2018-06-30,-3077123.5,79760448.25,-723549.25,-0.7044947348820876,6111448.0,0.07662253828920777,,,,,,,,655176750.0,,,0.0,0.0,0.0,0.0,,0.0,8.21430626801925,-53.22964369158404,0.0,-0.5283260486620053,0.0,0.002481352551048248,0.0,0.0,0.0,-22.879300657765697,0.07662253828920777,0.0,0.0,0.0,0.0,0.0,0.0,0.0,0.0,0.0,0.0,Computer Hardware,Technology,EBON
2018Q1,2018,Q1,2018-03-31,2018-03-31,-3077123.5,79760448.25,-723549.25,-0.7044947348820876,6111448.0,0.07662253828920777,,,,,,,,655176750.0,,,0.0,0.0,0.0,0.0,,0.0,8.21430626801925,-53.22964369158404,0.0,-0.5283260486620053,0.0,0.002481352551048248,0.0,0.0,0.0,-22.879300657765697,0.07662253828920777,0.0,0.0,0.0,0.0,0.0,0.0,0.0,0.0,0.0,0.0,Computer Hardware,Technology,EBON
2022Q2,2022,Q2,2022-06-30,2022-06-30,,,,,,,376084868.0,352237223.0,279288874.0,16334213.0,18924755.0,384576.0,-44255347.0,0.0,-248492633.0,0.0,17.098397945465752,0.00719675326049013,0.0076839976676740945,,0.0,,0.0,0.0,0.0,0.0,,,,16.57209796394843,,0.0,0.0,0.0,1.0,-1.0,0.0,0.0,0.0,0.0,1.0,-1.0,0.0,Computer Hardware,Technology,EBON
2021Q2,2021,Q2,2021-06-30,2021-06-30,,,,,,,389543057.0,353665250.0,302589290.0,29147314.0,29762486.0,5844991.0,-42218740.0,0.0,-273507263.0,0.0,10.381378194917033,0.012036181663995105,0.013257200134873302,,0.0,,0.0,0.0,0.0,0.0,,,,10.020772960417553,,0.0,0.0,0.0,1.0,-1.0,0.0,0.0,0.0,0.0,1.0,-1.0,0.0,Computer Hardware,Technology,EBON
2019Q4,2019,Q4,2019-12-31,2019-12-31,,,,,,,82611046.0,17979359.0,63465015.0,39046675.0,57040422.0,13088542.0,-7905999.0,0.0,19863222.0,0.0,1.6253628509981963,0.2823772985515763,1.297459158582906,,0.0,,0.0,0.0,0.0,0.0,,,,0.8591412457014586,,0.0,0.0,0.0,0.0,0.0,0.0,0.0,0.0,0.0,0.0,0.0,0.0,Computer Hardware,Technology,EBON
