Quarters,Year,Quarter,FillingDate,Date,NetIncome,Revenue,OperatingIncome,EPSDiluted,GrossProfit,GrossProfitRatio,TotalAssets,CommonStockEquity,CurrentAssets,CurrentLiability,TotalLiability,Inventory,RetainedEarnings,MarketCap,EnterpriseValue,bookValuePerShare,currentRatio,debtToAssets,debtToEquity,roic,shareholdersEquityPerShare,roe,priceToSalesRatio,peRatio,pbRatio,payoutRatio,inventoryTurnover,dividendYield,assetTurnover,quickRatio,returnOnAssets,priceToFreeCashFlowsRatio,grossProfitMargin,epsdilutedGrowth,fiveYNetIncomeGrowthPerShare,fiveYRevenueGrowthPerShare,fiveYShareholdersEquityGrowthPerShare,grossProfitGrowth,netIncomeGrowth,operatingIncomeGrowth,threeYNetIncomeGrowthPerShare,threeYRevenueGrowthPerShare,threeYShareholdersEquityGrowthPerShare,Industry,Sector,Symbol
2023Q1,2023,Q1,2023-05-22,2023-03-31,169640.0,0.0,-866046.0,0.0182,-866046.0,0.0,56849932.0,50164921.0,56849932.0,6685011.0,6685011.0,0.0,-6605704.0,31245499.999999996,31469008.999999996,16.777565551839466,8.504089522066606,0.003999811292650271,0.0045328288267413,0.008467674399463271,16.777565551839466,0.0033816459114926144,0.0,46.04677552464041,0.6228555607612737,0.0,0.0,0.0,0.0,0.0005804029342659271,0.002983996533188465,-862.658752070679,0.0,-0.9999998679401686,0.0,0.0,0.0,0.9999996519566552,-0.9120775911866971,-0.10752102387821497,0.0,0.0,0.0,Shell Companies,Financial Services,FATP
2022Q4,2022,Q4,2023-03-13,2022-12-31,1929428.4846110004,0.0,-781968.0,137816.32,-2488328000000.0,0.0,116946189.0,111193441.0,116946189.0,5752748.0,5752748.0,0.0,-5569569.0,141.96,17341.960000000006,7942388.642857143,20.32875227630343,0.000769584719002686,0.0008094002594991192,-0.07648415550746929,7942388.642857143,0.01735199906810151,0.0,1.8394047917850284e-05,1.2766940093166107e-06,0.0,0.0,0.0,0.0,0.012654821660882764,0.01649842975739039,-0.00045618285875876876,0.0,20267106.882352944,0.0,0.0,37482180303.0325,-1983549.1824657507,20.458122235331494,0.37666064558917545,0.0,0.0,37482180303.0325,Shell Companies,Financial Services,FATP
2022Q3,2022,Q3,2022-11-09,2022-09-30,-99158.0,0.0,-1254482.0,-0.0068,-1254482.0,0.0,116208331.0,111016179.0,400192.0,1167152.0,5192152.0,0.0,-4787601.0,29750499.999999996,29506508.999999996,37.129156856187294,0.3428790765898529,0.0,0.0,-0.001655513526752453,37.129156856187294,-0.0008931851275479405,0.0,-75.00781580911273,0.26798346212221913,0.0,0.0,0.0,0.0,0.20904817881475593,-0.0008532778945082689,-132.42160550152448,0.0,-1.8095238095238095,-9.949617715830176,0.0,21271.765937063767,-3.7734691004288385,-1.8123310340307703,-3.7734691004288385,-9.949617715830176,0.0,21271.765937063767,Shell Companies,Financial Services,FATP
2022Q2,2022,Q2,2022-08-12,2022-06-30,122066.0,0.0,-262803.0,0.0084,-262803.0,0.0,115909587.0,111692999.0,643381.0,191588.0,4216588.0,0.0,-3533119.0,29660800.0,29192144.0,37.355518060200666,3.358148735828966,0.0,0.0,0.0036604007500181676,37.355518060200666,0.001092870646261365,0.0,60.74746448642538,0.2655564830880761,0.0,0.0,0.0,0.0,2.446165730630311,0.001053113924044954,-307.1016638538873,0.0,1.9545454545454544,93.32879902990719,0.0,29111.109755946196,0.0,1.959615732333357,-0.389940499801666,93.32879902990719,0.0,29111.109755946196,Shell Companies,Financial Services,FATP
2022Q1,2022,Q1,2022-05-16,2022-03-31,-127203.0,0.0,-189075.0,-0.0088,0.0,0.0,115974597.0,111771463.0,857389.0,178134.0,4203134.0,-90000.0,-3228837.0,29511299.999999996,28946060.999999996,37.38176020066889,4.81316873814095,0.0,0.0,-0.0013606973510696153,37.38176020066889,-0.0011380632997529969,0.0,-58.00040093394023,0.2640325106955073,0.0,0.0,0.0,0.0,3.6783488834248375,-0.001096817779845357,-155.60599829162578,0.0,0.0,0.0,0.0,0.0,0.0,0.0,0.0,0.0,0.0,0.0,Shell Companies,Financial Services,FATP
2021Q4,2021,Q4,2022-04-28,2021-12-31,0.0,0.0,0.0,0.0,0.0,0.0,116091.073,-3070.398,969.848,136.471,4161.471,0.0,-3070.698,141422400.0,141421645.107,-0.0002118977225672878,7.106623385188062,0.0,0.0,,-0.0002118977225672878,0.0,0.0,0.0,-46059.95704791365,0.0,0.0,0.0,0.0,5.531526844531073,0.0,-415.0863207574859,0.0,1.0,0.0,0.0,0.0,0.0,1.0,1.0,0.0,0.0,0.0,Shell Companies,Financial Services,FATP
2021Q3,2021,Q3,2021-11-26,2021-09-30,-43886.0,0.0,-43886.0,-0.003029,0.0,0.0,156064.0,-25293.0,156064.0,181357.0,181357.0,0.0,-50293.0,140842800.0,140981823.0,-0.0017455486542443065,0.8605347463842036,0.8919289522247283,-5.503419918554541,-0.38528598393398006,-0.0017455486542443065,1.7351045743881706,0.0,-802.3219249874676,-5568.4497687107105,0.0,0.0,0.0,0.0,0.0009649475895609213,-0.2812051466065204,-3890.900049726504,0.0,-5.852941176470588,0.0,0.0,0.0,0.0,-5.8496956453878575,-5.8496956453878575,0.0,0.0,0.0,Shell Companies,Financial Services,FATP
2021Q2,2021,Q2,2021-06-30,2021-06-30,-6407.0,0.0,-6407.0,-0.000442,0.0,0.0,149807.0,18593.0,0.0,131214.0,131214.0,0.0,-6407.0,140842800.0,140901624.0,0.0012831608005521048,0.0,0.39266522926165,3.163771311784005,-0.08275960060451838,0.0012831608005521048,-0.34459205077179583,0.0,-5495.66099578586,7575.044371537676,0.0,0.0,0.0,0.0,0.0,-0.04276836195905398,0.0,0.0,0.0,0.0,0.0,0.0,0.0,0.0,0.0,0.0,0.0,0.0,Shell Companies,Financial Services,FATP
2021Q1,2021,Q1,2021-04-30,2021-04-30,,,,,,,47462.0,21384.0,0.0,26078.0,26078.0,0.0,-3616.0,0.0,0.0,0.0,0.0,0.0,0.0,,0.0,,0.0,0.0,0.0,0.0,0.0,,,0.0,,0.0,0.0,0.0,0.0,0.0,0.0,0.0,0.0,0.0,0.0,0.0,0.0,Shell Companies,Financial Services,FATP
