Quarters,Year,Quarter,FillingDate,Date,NetIncome,Revenue,OperatingIncome,EPSDiluted,GrossProfit,GrossProfitRatio,TotalAssets,CommonStockEquity,CurrentAssets,CurrentLiability,TotalLiability,Inventory,RetainedEarnings,MarketCap,EnterpriseValue,bookValuePerShare,currentRatio,debtToAssets,debtToEquity,roic,shareholdersEquityPerShare,roe,priceToSalesRatio,peRatio,pbRatio,payoutRatio,inventoryTurnover,dividendYield,assetTurnover,quickRatio,returnOnAssets,priceToFreeCashFlowsRatio,grossProfitMargin,epsdilutedGrowth,fiveYNetIncomeGrowthPerShare,fiveYRevenueGrowthPerShare,fiveYShareholdersEquityGrowthPerShare,grossProfitGrowth,netIncomeGrowth,operatingIncomeGrowth,threeYNetIncomeGrowthPerShare,threeYRevenueGrowthPerShare,threeYShareholdersEquityGrowthPerShare,Industry,Sector,Symbol
2023Q1,2023,Q1,2023-04-28,2023-03-31,383900000.0,3581100000.0,644100000.0,1.21,1411600000.0,0.394180559,29081400000.0,9916500000.0,2241400000.0,3029300000.0,19164100000.0,97900000.0,7582700000.0,42824174000.0,54616874000.0,31.311967161351436,0.7399069091869409,0.4100524734022434,1.2025311349770584,0.021404882452066912,31.311967161351436,0.03871325568496949,11.958385412303482,27.88758400625163,4.318476680280341,0.4073977598332899,22.160367722165475,0.003652142829421532,0.123140564071881,0.6441422110718648,0.013200877536844857,138.5447233904885,0.39418055904610316,0.11009174311926594,0.6864561828777228,0.5404348721057167,0.30878782833981144,0.04687036487689113,0.10697808535178778,0.11590436590436591,0.5729409084574852,0.41504831241032536,0.23285180909278066,Waste Management,Industrials,RSG
2022Q4,2022,Q4,2023-02-23,2022-12-31,346800000.0,3529700000.0,577200000.0,1.09,1348400000.0,0.3820154687,29050900000.0,9686000000.0,2357100000.0,3388300000.0,19364100000.0,96600000.0,7356300000.0,40825335000.0,52466635000.0,30.60347551342812,0.6956585898533187,0.40565696759825,1.2166735494528185,0.02464284737197614,30.60347551342812,0.03580425356184183,11.566233674249936,29.430028114186854,4.2148807557299195,0.45098039215686275,22.580745341614907,0.0038309544796141905,0.12150053870964411,0.5749786028391819,0.011937668024054332,147.1713590483057,0.3820154687367198,-0.17424242424242423,-0.4496588876112432,0.4537185155015798,0.28315572433419156,-0.040557848299416534,-0.1681458383305349,-0.13111545988258316,0.2104969832394913,0.3832701133643208,0.20480781134877526,Waste Management,Industrials,RSG
2022Q3,2022,Q3,2022-10-28,2022-09-30,416900000.0,3597800000.0,664300000.0,1.32,1405400000.0,0.3906276058,28401000000.0,9489900000.0,2199400000.0,3163800000.0,18910500000.0,101100000.0,7166800000.0,43056660000.0,54611460000.0,29.98388625592417,0.6951766862633542,0.40971092567163125,1.2261667667730956,0.02544771873633484,29.98388625592417,0.0439309160265124,11.9674968036022,25.81953705924682,4.537103657572788,0.34852482609738544,21.68545994065282,0.003374623112893569,0.1266786380761241,0.6011125861306025,0.014679060596457872,79.38174778761062,0.390627605759075,0.12820512820512833,0.9858619703635758,0.4930324477445914,0.31511701318019847,0.04157711405914178,0.12100026888948642,0.12669606512890094,0.41569091624524235,0.37685842754918464,0.20514435324381478,Waste Management,Industrials,RSG
2022Q2,2022,Q2,2022-08-05,2022-06-30,371900000.0,3413700000.0,589600000.0,1.17,1349300000.0,0.3952602748,28212900000.0,9215400000.0,2140600000.0,2934600000.0,18996900000.0,100200000.0,6907100000.0,41420355000.0,53204255000.0,29.116587677725118,0.7294350166973352,0.4219098355716711,1.2916748052173535,0.021380607497468687,29.116587677725118,0.040356360006076786,12.133566218472625,27.84374495832213,4.494688781821734,0.3906964237698306,20.602794411177644,0.0035079371000079546,0.12099784141297067,0.6459483404893341,0.013181913238270436,76.04250963833303,0.3952602747751706,0.0540540540540539,0.9580130758036899,0.4432551909586657,0.2846726818618099,0.11835888934935765,0.05683432793407218,0.051730288976097036,0.5030226853727554,0.3318182421796763,0.17778499112577426,Waste Management,Industrials,RSG
2022Q1,2022,Q1,2022-05-06,2022-03-31,351900000.0,2968800000.0,560600000.0,1.11,1206500000.0,0.4063931555,24880100000.0,8984000000.0,1695800000.0,2258100000.0,15895400000.0,80500000.0,6681400000.0,41949500000.0,51528200000.0,28.37650031585597,0.7509853416589168,0.3865619511175598,1.0705365093499555,0.022137376348042387,28.37650031585597,0.039169634906500446,14.130119913769873,29.80214549587951,4.669356634016029,0.41460642227905653,21.891925465838508,0.003477991394414713,0.11932427924325063,0.5956777822062796,0.014143833827034458,112.91924629878869,0.40639315548369714,0.12121212121212133,1.0117033214323916,0.3320324206986087,0.2553424254369143,0.05472506337966605,0.121414913957935,3.0671091445427727,0.5296137224448709,0.22328570086555216,0.15483882212265665,Waste Management,Industrials,RSG
2021Q4,2021,Q4,2022-02-11,2021-12-31,313800000.0,2951900000.0,-271200000.0,0.99,1143900000.0,0.3875131271,24955000000.0,8979000000.0,1710000000.0,2415000000.0,15976000000.0,0.0,6475000000.0,44289320000.0,53822320000.0,28.271410579345087,0.7080745341614907,0.38316970546984574,1.0649292794297807,-0.01658224718659755,28.271410579345087,0.03494821249582359,15.003665435820997,35.2846717654557,4.932544826818131,0.46367112810707456,0.0,0.0032852163907687,0.11828892005610098,0.5383022774327122,0.012574634341815268,187.34906937394248,0.3875131271384532,-0.10000000000000007,0.7737709603025329,0.32899854469211753,0.25049521915582523,-0.03865871081603496,-0.10419640308307165,-1.4806806097128677,0.06421478637136446,0.1906377749126352,0.1558784635952294,Waste Management,Industrials,RSG
2021Q3,2021,Q3,2021-10-29,2021-09-30,350300000.0,2933900000.0,564200000.0,1.1,1189900000.0,0.4055693786427622,24428900000.0,8873300000.0,1569400000.0,2333400000.0,15550000000.0,68200000.0,6309400000.0,38251116000.0,47743016000.0,27.850910232266166,0.6725807834061884,0.39019358219158456,1.0742339377683612,0.022519080417596954,27.850910232266166,0.03947798451534378,13.037634547871434,27.298826719954324,4.3108106341496395,0.3865258349985726,25.571847507331377,0.003539766003167071,0.12009955421652223,0.592483071912231,0.014339573210418807,106.43048414023372,0.4055693786427622,0.06796116504854374,3.4005601316507383,0.30947138845135813,0.24904726222305845,0.023922209792616816,0.057988523104802174,0.08939949797258158,0.3587188110855151,0.16827384618478744,0.14439902047599432,Waste Management,Industrials,RSG
2021Q2,2021,Q2,2021-07-30,2021-06-30,331100000.0,2812800000.0,517900000.0,1.03,1162100000.0,0.41314704209328784,23922100000.0,8778300000.0,1480900000.0,2314800000.0,15138700000.0,63900000.0,6106000000.0,35148195000.0,44325095000.0,27.47511737089202,0.6397528944185242,0.3850372667951392,1.049280612419261,0.022066781046553116,27.47511737089202,0.03771800918173222,12.495803114334471,26.53895726366657,4.003986534978299,0.40954394442766534,25.832550860719873,0.003857950600308209,0.11758165044038776,0.5761188871608778,0.013840758127421924,64.58690738699008,0.41314704209328784,0.10752688172043008,0.9711608639051613,0.28796173190644825,0.21829014323011012,0.09415309292910272,0.11895910780669144,0.051787164906580016,0.44438834891949486,0.14478897107057834,0.14647448123654394,Waste Management,Industrials,RSG
2021Q1,2021,Q1,2021-05-06,2021-03-31,295900000.0,2596400000.0,492400000.0,0.93,1062100000.0,0.40906639963025726,23252600000.0,8632900000.0,1443100000.0,2148800000.0,14614300000.0,61100000.0,5911200000.0,31732390000.0,40715090000.0,27.028490920475893,0.671584139985108,0.38730722585861366,1.043206801885809,0.020399356088233588,27.028490920475893,0.034275851683675244,12.221687721460484,26.810062521122,3.6757509064161518,0.4579249746535992,25.111292962356792,0.0042700849195412005,0.1116606314992732,0.5967982129560685,0.012725458658386589,96.15875757575758,0.40906639963025726,0.25675675675675685,1.0420359808335589,0.2486675212813136,0.20255059304569936,0.03518518518518519,0.2570093457943925,0.1379708805176797,0.28888766247399617,0.10741817014007327,0.1297456896536032,Waste Management,Industrials,RSG
2020Q4,2020,Q4,2021-02-23,2020-12-31,235400000.0,2573200000.0,432700000.0,0.74,1026000000.0,0.3987253225555728,23434000000.0,8483900000.0,1521800000.0,2282000000.0,14945200000.0,59100000.0,5751800000.0,30748590000.0,39884690000.0,26.570310053241467,0.6668711656441718,0.3914952632926517,1.0813776682893481,0.028378867398838433,26.570310053241467,0.02774667311024411,11.949553085652106,32.65568181818182,3.6243461144049314,0.5751911639762107,26.179357021996616,0.004403453946993993,0.10980626440215072,0.5988168273444348,0.010045233421524281,119.64431906614786,0.3987253225555728,-0.08641975308641982,0.4856067624700229,0.22104224202564315,0.1859762015506346,-0.01032121153660654,-0.09461538461538462,-0.03393614646126367,-0.6297167023061623,0.05048744323520193,0.11405142292389281,Waste Management,Industrials,RSG
2020Q3,2020,Q3,2020-11-06,2020-09-30,260000000.0,2572100000.0,447900000.0,0.81,1036700000.0,0.40305586874538313,23110100000.0,8370100000.0,1774300000.0,2190800000.0,14736000000.0,58800000.0,5652800000.0,29797320000.0,38422720000.0,26.222117794486216,0.8098867993427059,0.3908161366675177,1.079055208420449,0.02071290575914002,26.222117794486216,0.03106295026343771,11.584821740989852,28.651269230769227,3.5599718043989914,0.4969230769230769,26.112244897959183,0.0043359604152319745,0.11129765773406433,0.7328829651268943,0.011250492209034145,87.33094958968347,0.40305586874538313,0.14084507042253536,0.32182199685259655,0.19941183216146174,0.17296557584761676,0.0511000709723208,0.15299334811529933,0.1333502024291498,0.22800841710009798,0.05835388872258721,0.15012286728944363,Waste Management,Industrials,RSG
2020Q2,2020,Q2,2020-08-07,2020-06-30,225500000.0,2454400000.0,395200000.0,0.71,986300000.0,0.401849739243807,22826300000.0,8227100000.0,1568800000.0,2066100000.0,14595400000.0,58500000.0,5529200000.0,26173950000.0,34814750000.0,25.790282131661442,0.7593049707177775,0.39036111853432226,1.083066937316916,0.017136945480558833,25.790282131661442,0.027409415225292024,10.664093057366362,29.01768292682927,3.181430880869322,0.5707317073170731,25.095726495726495,0.004917102691798524,0.10752509167057298,0.6925608634625623,0.009878955415463742,57.38642841482131,0.401849739243807,-0.07792207792207799,0.30272527950423095,0.16738824574827846,0.16517255311738074,-0.017433751743375175,-0.08444985789687373,-0.08729792147806005,0.17792865518940862,0.029546934042234595,0.13791050238352767,Waste Management,Industrials,RSG
2020Q1,2020,Q1,2020-05-06,2020-03-31,246300000.0,2553900000.0,433000000.0,0.77,1003800000.0,0.39304592975449315,22908900000.0,8117200000.0,1753900000.0,1980600000.0,14788700000.0,57100000.0,5433600000.0,23989176000.0,32684276000.0,25.39799749687109,0.885539735433707,0.3918433447262854,1.1058862662001676,0.019090691187370556,25.39799749687109,0.030342975410239986,9.393153999765065,24.349549330085264,2.9553511062928104,0.5245635403978888,27.147110332749563,0.0053857623121361066,0.11148069091051949,0.8088962940523073,0.010751280070191062,107.71969465648856,0.39304592975449315,-0.14444444444444446,0.5792977518301589,0.3013709834582801,0.15601609302180533,-0.027984893967270264,-0.14863463532665053,-0.057055749128919864,0.39480410817035677,0.1351202779176076,0.12357702408945148,Waste Management,Industrials,RSG
2019Q4,2019,Q4,2020-02-14,2019-12-31,289300000.0,2576700000.0,459200000.0,0.9,1032700000.0,0.40078394846121007,22683800000.0,8118200000.0,1606000000.0,3064600000.0,14562900000.0,56800000.0,5317300000.0,28645748000.0,37287148000.0,25.40112640801001,0.5240488155061019,0.38302665338259023,1.0702495627109458,0.027381428261298447,25.40112640801001,0.035635978418861326,11.117222804362168,24.754362253715865,3.528583676184376,0.44694089180781194,27.183098591549296,0.004513758900622878,0.11359207892857458,0.4730470534490635,0.012753595076662641,107.52908408408409,0.40078394846121007,-0.03225806451612906,5.37774852760782,0.2840494488324318,0.1622737917186872,0.01693746922698178,-0.030170968823332214,-0.01838392475416845,0.6250501121124361,0.15281719310368624,0.12353739992004027,Waste Management,Industrials,RSG
2019Q3,2019,Q3,2019-10-31,2019-09-30,298300000.0,2646900000.0,467800000.0,0.93,1015500000.0,0.3836563527144962,22329100000.0,7976500000.0,1473900000.0,2997400000.0,14350600000.0,55300000.0,5155900000.0,27747930000.0,36310930000.0,24.87991266375546,0.49172616267431773,0.385980626178395,1.0804989657117783,0.02238018735879926,24.87991266375546,0.03739735472951796,10.483180324152782,23.255053637277907,3.478709960508995,0.402950050284948,29.500904159132006,0.004331854664474071,0.1185403800421871,0.4358777607259625,0.01335924869340905,83.65369309617124,0.3836563527144962,0.19230769230769232,0.7842670195213899,0.29925451161079064,0.11801146198714456,0.02752200748760498,0.18608349900596421,0.0695016003657979,2.723945610158523,0.17400647972574768,0.11580506841064767,Waste Management,Industrials,RSG
2019Q2,2019,Q2,2019-07-26,2019-06-30,251500000.0,2605300000.0,437400000.0,0.78,988300000.0,0.37934211031359155,21996800000.0,7952900000.0,1474100000.0,3571000000.0,14041600000.0,56200000.0,4987900000.0,27865654000.0,36238354000.0,24.721479639415605,0.4127975357042845,0.38392857142857145,1.061901947717185,0.020057860263225872,24.721479639415605,0.031623684442153174,10.695756342839596,27.699457256461233,3.50383558198896,0.47992047713717695,28.772241992882563,0.004331497118280446,0.11843995490253127,0.3747129655558667,0.011433481233633982,95.26719316239316,0.37934211031359155,0.08333333333333341,0.5557070243104458,0.29631941576272797,0.12129973100899485,0.02467599792638673,0.07386848847139198,0.03453169347209082,0.4870332456721896,0.1847907287426431,0.09618949263058481,Waste Management,Industrials,RSG
2019Q1,2019,Q1,2019-04-26,2019-03-31,234200000.0,2470600000.0,422800000.0,0.72,964500000.0,0.39039099813810413,21782000000.0,7919500000.0,1444600000.0,3467900000.0,13859400000.0,55400000.0,4857500000.0,25780777000.0,34109877000.0,24.571827489916227,0.4165633380431962,0.3855063814158479,1.060306837552876,0.019167712997671397,24.571827489916227,0.029572574026138013,10.435026714158504,27.520043766011955,3.255354125891786,0.5166524338172502,27.185920577617328,0.0046934194419353615,0.11342392801395648,0.37561636725395775,0.010751997061794142,101.3395322327044,0.39039099813810413,-0.21739130434782614,0.9732034492650112,0.3300175232116309,0.13026636804805142,-0.03972520908004779,-0.22166832834828848,-0.125,0.6016953767007672,0.17747652767789673,0.09324881685607286,Waste Management,Industrials,RSG
2018Q4,2018,Q4,2019-02-08,2018-12-31,300900000.0,2530000000.0,483200000.0,0.92,1004400000.0,0.39699604743083006,21617000000.0,7927100000.0,1564400000.0,2718600000.0,13687500000.0,53100000.0,4750500000.0,23364369000.0,31631369000.0,24.45880900956495,0.5754432428455822,0.38569181662580376,1.051771770256462,0.025035788724021277,24.45880900956495,0.03795839588247909,9.234928458498024,19.412071286141575,2.947404347113068,0.4047856430707876,28.73069679849341,0.005213066100779353,0.11703751676920941,0.5226955050393585,0.01391960031456724,95.52072363041701,0.39699604743083006,0.13580246913580243,0.4165621007051715,0.3159234109608511,0.1171797371358192,0.01629060002023677,0.14236902050113895,0.09743356802180332,0.8708522233104379,0.1827625218553945,0.09172852501499035,Waste Management,Industrials,RSG
2018Q3,2018,Q3,2018-10-26,2018-09-30,263400000.0,2565700000.0,440300000.0,0.81,988300000.0,0.385197022255135,21402100000.0,7921600000.0,1492100000.0,2675300000.0,13478300000.0,55400000.0,4571600000.0,23598750000.0,31764350000.0,24.336712749615977,0.5577318431577767,0.3853593806215278,1.0411406786507775,0.021037371462547385,24.336712749615977,0.03325085841244193,9.197782281638538,22.398206150341686,2.9790383255907895,0.4263477600607441,28.47292418772563,0.004758726627469675,0.11988075936473523,0.4965424438380742,0.012307203498722089,85.04054054054055,0.385197022255135,0.14084507042253536,0.707664180589238,0.3166345812660133,0.1377410851291988,0.05071231129066553,0.12132822477650064,0.07863792258696717,0.31318915443146494,0.17327074912316567,0.08862779537180629,Waste Management,Industrials,RSG
2018Q2,2018,Q2,2018-07-27,2018-06-30,234900000.0,2517800000.0,408200000.0,0.71,940600000.0,0.3735801096195091,21203700000.0,7846100000.0,1369400000.0,1989500000.0,13354900000.0,52800000.0,4430900000.0,22381064000.0,30577464000.0,23.964874770922417,0.6883136466448857,0.3894461815626518,1.0524591835434165,0.01911240065519599,23.964874770922417,0.029938440754005174,8.88913495909127,23.819778629203917,2.8525081250557602,0.48233290762026393,29.87121212121212,0.005062315178581323,0.11874342685474705,0.6220658456898718,0.011078255210175582,67.65738814993954,0.3735801096195091,-0.013888888888888902,3.6246930713051104,0.3215916997798778,0.12793798692256503,-0.017855278270857262,-0.011779554059739168,0.009896091044037604,0.3222126847908535,0.16681824421399896,0.08270294134138385,Waste Management,Industrials,RSG
2018Q1,2018,Q1,2018-05-03,2018-03-31,237700000.0,2427500000.0,404200000.0,0.72,957700000.0,0.3945211122554068,21108700000.0,7911800000.0,1354000000.0,2560200000.0,13194400000.0,52300000.0,4309300000.0,21902261000.0,30046361000.0,23.924402781977623,0.5288649324271542,0.38878282414359955,1.0372734396723882,0.019207227316217917,23.924402781977623,0.030043732146919792,9.02255859938208,23.035613167858646,2.7683031674208145,0.48127892301220027,28.10325047801147,0.005223205038055203,0.11499997631308417,0.47273650496055,0.011260759781511889,68.85338258409305,0.3945211122554068,-0.6363636363636364,1.092302625735283,0.3321303291499696,0.12231215502713298,-0.009617373319544984,-0.6422335942203492,-0.006391347099311701,0.4729953056057003,0.19544347333888865,0.08894390730249466,Waste Management,Industrials,RSG
2017Q4,2017,Q4,2018-02-09,2017-12-31,664400000.0,2560000000.0,406800000.0,1.98,967000000.0,0.377734375,21147000000.0,7958800000.0,1436800000.0,2634800000.0,13185900000.0,51200000.0,4152500000.0,22561457000.0,30665557000.0,23.85016481869943,0.5453165325641415,0.38716602827824276,1.0287229230537267,0.05661796782692868,23.85016481869943,0.08347992159622053,8.813069140625,8.48941037025888,2.8347812484294117,0.17414208308248044,31.11328125,0.005128214902078355,0.1210573603820873,0.49362380446333687,0.031418168061663594,73.15647535667964,0.377734375,1.9999999999999996,4.6939747380243935,0.37364970313369156,0.12450246805286477,-0.015174661370811691,1.9767025089605734,-0.09216692702521759,13.028109437471663,0.22182335005823983,0.09130678111203927,Waste Management,Industrials,RSG
2017Q3,2017,Q3,2017-11-03,2017-09-30,223200000.0,2562000000.0,448100000.0,0.66,981900000.0,0.3832552693208431,20948600000.0,7672000000.0,1396700000.0,2591500000.0,13274400000.0,47800000.0,3603400000.0,22229190000.0,30022990000.0,22.799405646359585,0.5389542735867259,0.375094278376598,1.0242049009384775,0.018063316495415996,22.799405646359585,0.029092805005213763,8.676498829039813,24.89828629032258,2.897443952033368,0.4829749103942652,33.05648535564853,0.004849479445719795,0.12229934219947873,0.485355971445109,0.010654649952741471,96.14701557093426,0.3832552693208431,0.10000000000000009,0.5872254836421383,0.3591455698201106,0.07645529553181102,0.012999071494893221,0.10004928536224741,0.053113983548766154,0.2719769296100394,0.19815850388580242,0.024521154218428477,Waste Management,Industrials,RSG
2017Q2,2017,Q2,2017-07-28,2017-06-30,202900000.0,2526700000.0,425500000.0,0.6,969300000.0,0.38362290734950727,20761100000.0,7662900000.0,1292800000.0,2543000000.0,13096000000.0,45400000.0,3496700000.0,21547113000.0,29292213000.0,22.664596273291924,0.5083759339362958,0.3747922797924965,1.0154249696590063,0.01680835161639001,22.664596273291924,0.026478226258988113,8.527768631020699,26.548931739773284,2.811874486160592,0.5342533267619517,34.30396475770925,0.0050308363816535424,0.12170357062005385,0.4613841918993315,0.00977308524114811,133.91617775015538,0.38362290734950727,0.09090909090909079,0.4797823430572836,0.33427270532214337,0.08566024802667818,0.06668867613073622,0.08040468583599573,0.09636691574336512,0.19420190714128752,0.19622770555061636,0.02800504158134048,Waste Management,Industrials,RSG
2017Q1,2017,Q1,2017-04-28,2017-03-31,187800000.0,2392800000.0,388100000.0,0.55,908700000.0,0.3797642928786359,20595800000.0,7683300000.0,1234400000.0,1777200000.0,12910100000.0,45000000.0,3402500000.0,21349119000.0,28986019000.0,22.60458958517211,0.6945757371145622,0.37241087988813254,0.9982819882081918,0.016026903123913097,22.60458958517211,0.02444262231072586,8.92223294884654,28.42001996805112,2.7786392565694427,0.5782747603833865,32.98,0.005086860961335219,0.11617902679187019,0.62474679270763,0.009118363938278678,96.86533121597097,0.3797642928786359,0.0,0.43445227685004295,0.3174612672720292,0.08186626625112595,-0.005689900426742532,-0.008970976253298154,-0.009696351109977035,0.5003400556212425,0.22143529899377404,0.03977644243734659,Waste Management,Industrials,RSG
2016Q4,2016,Q4,2017-02-17,2016-12-31,189500000.0,2379200000.0,391900000.0,0.55,913900000.0,0.38412071284465366,20629600000.0,7691300000.0,1284500000.0,1812000000.0,12935900000.0,44000000.0,3324000000.0,19408410000.0,26999510000.0,22.60817166372722,0.7088852097130243,0.3712578043200062,0.9957874481557084,0.016425531154454817,22.60817166372722,0.024638227607816626,8.157536146603901,25.604762532981532,2.523423868526777,0.575197889182058,33.30227272727273,0.005616122083158796,0.11532942955752899,0.6404525386313465,0.009185830069414822,64.88936810431294,0.38412071284465366,1.2000000000000002,0.08197056859069657,0.28115782295342057,0.09195470652660338,-0.020051469011366074,1.213785046728972,-0.062215841110313475,-0.1501009052901605,0.17892388087215172,0.03265008801233969,Waste Management,Industrials,RSG
2016Q3,2016,Q3,2016-10-28,2016-09-30,85600000.0,2409300000.0,417900000.0,0.25,932600000.0,0.3870833852156228,20661700000.0,7639200000.0,1301600000.0,1817900000.0,13020200000.0,43700000.0,3243900000.0,17284170000.0,24974470000.0,22.297723292469353,0.7159909786016833,0.37486266860906897,1.0138888888888888,0.01834459739535517,22.297723292469353,0.011205361817991413,7.1739384883576145,50.47946845794393,2.2625628338045867,1.2009345794392523,33.79176201372998,0.005947638793184746,0.11660705556657971,0.640739314593762,0.004142931123770067,59.88970893970894,0.3870833852156228,-0.5192307692307693,-0.5181109346221552,0.24019063347695066,0.09315200629887581,0.024835164835164836,-0.5265486725663717,0.09369275058885108,-0.47274088393988994,0.17466464700284695,0.04241834777316038,Waste Management,Industrials,RSG
2016Q2,2016,Q2,2016-07-29,2016-06-30,180800000.0,2350700000.0,382100000.0,0.52,910000000.0,0.3871187305908878,20645400000.0,7755700000.0,1259400000.0,1847700000.0,12887400000.0,41900000.0,3268000000.0,17645509000.0,25217509000.0,22.552195405641175,0.6816041565189154,0.3687988607631724,0.981729566641309,0.015426016544637558,22.552195405641175,0.023311886741364415,7.506491257923172,24.399210453539823,2.2751665226865403,0.5719026548672567,34.38424821002387,0.005859847964714421,0.11386071473548587,0.621367105049521,0.00875739874257704,102.41154381892049,0.3871187305908878,0.15555555555555556,3.275971697198798,0.238931665122917,0.11279506078691832,0.04935424354243542,0.1537970644543714,0.10593342981186686,2.388791301531849,0.17468055508680003,0.061448396024484146,Waste Management,Industrials,RSG
2016Q1,2016,Q1,2016-04-29,2016-03-31,156700000.0,2248600000.0,345500000.0,0.45,867200000.0,0.385662189806991,20539200000.0,7763200000.0,1183300000.0,1810300000.0,12773300000.0,38800000.0,3190900000.0,16458310000.0,23985310000.0,22.47596988998263,0.6536485665359333,0.3680961283789047,0.9738767518549052,0.014004797778583686,22.47596988998263,0.02018497526793075,7.319358712087521,26.25767389917039,2.1200419929925802,0.6617740906190173,35.603092783505154,0.006300768426405871,0.1094784606995404,0.5922222835994034,0.007629313702578484,102.8644375,0.385662189806991,-0.08163265306122446,0.0960512628682406,0.2663101944039727,0.10198654214095174,-0.021771009588268473,-0.0900116144018583,-0.02373551850805312,0.3206148499750446,0.1814396597595156,0.05436505284694179,Waste Management,Industrials,RSG
2015Q4,2015,Q4,2016-02-12,2015-12-31,172200000.0,2290200000.0,353900000.0,0.49,886500000.0,0.38708409745873723,20577200000.0,7774100000.0,1230300000.0,1834800000.0,12800600000.0,38800000.0,3138300000.0,15264530000.0,22806330000.0,22.403746397694526,0.67053629823414,0.36808700892249674,0.9742864125750891,0.015178262040888488,22.403746397694526,0.02215047400985323,6.665151515151515,22.161048199767713,1.9635108887202377,0.6056910569105691,36.17783505154639,0.00683283402764448,0.11129794141088195,0.6109112709832134,0.008368485508232413,107.80035310734463,0.38708409745873723,-0.19672131147540983,0.2850144092219021,0.24827790973871727,0.09127787844247082,-0.07055986579995806,-0.19906976744186047,-0.20094829532625874,0.4192071524200684,0.1817787418655097,0.05630582888406946,Waste Management,Industrials,RSG
2015Q3,2015,Q3,2015-10-30,2015-09-30,215000000.0,2344000000.0,442900000.0,0.61,953800000.0,0.4069112627986348,20791800000.0,7799800000.0,1444300000.0,1900500000.0,12989600000.0,37700000.0,3070300000.0,14374680000.000002,21833180000.0,22.355402694181713,0.7599579058142594,0.3636529785780933,0.9693838303546245,0.01768782887768875,22.355402694181713,0.027564809354086003,6.132542662116042,16.714744186046513,1.8429549475627582,0.45488372093023255,36.87533156498674,0.006803629715583234,0.1127367519887648,0.6356222046829781,0.010340615050164008,75.4576377952756,0.4069112627986348,0.12962962962962954,0.763259364432137,0.25130272787014163,0.1028500667487735,0.07048260381593716,0.12979506043089858,0.13797533401849948,0.4745754408607238,0.19930199168282786,0.055492059186220466,Waste Management,Industrials,RSG
2015Q2,2015,Q2,2015-07-24,2015-06-30,190300000.0,2311400000.0,389200000.0,0.54,891000000.0,0.38548066107121226,20666600000.0,7762500000.0,1340900000.0,1788200000.0,12901900000.0,37200000.0,2960200000.0,13736919000.0,21189619000.0,22.134302822925576,0.7498601946091041,0.3654495659663418,0.9729597423510467,0.016190362043091242,22.134302822925576,0.024515297906602253,5.943116293155663,18.04639910667367,1.7696514009661837,0.5176037834997372,38.18279569892473,0.0071704579462105004,0.11184229626547182,0.6295157141259367,0.009208094219658774,78.27304273504274,0.38548066107121226,0.10204081632653071,0.2996593805858183,0.2199903329230041,0.10187553097103359,0.02993873540631141,0.10382830626450117,0.043991416309012876,0.3380242578802564,0.17672623306236204,0.060258581396062695,Waste Management,Industrials,RSG
2015Q1,2015,Q1,2015-04-24,2015-03-31,172400000.0,2169400000.0,372800000.0,0.49,865100000.0,0.39877385452198766,20593700000.0,7762100000.0,1343700000.0,1756400000.0,12829000000.0,37000000.0,2868300000.0,14329848000.0,21760148000.0,21.970280215114634,0.7650307447050786,0.3673259297746398,0.9745558547300344,0.014748032148040631,21.970280215114634,0.02221048427616238,6.605442979625703,20.77994199535963,1.8461302997900053,0.5725058004640371,35.25135135135135,0.006887721349172719,0.10534289612842762,0.6402300159416989,0.008371492252484984,63.266437086092715,0.39877385452198766,2.4999999999999996,1.863261120425004,0.19627367622267267,0.10742802236734082,0.2561347466240743,2.427435387673956,1.2403846153846154,0.2668794889413166,0.14915502102053124,0.05150792210838001,Waste Management,Industrials,RSG
2014Q4,2014,Q4,2015-02-23,2014-12-31,50300000.0,2225200000.0,166400000.0,0.14,688700000.0,0.30950026963868416,20094000000.0,7745300000.0,1391000000.0,1826000000.0,12346200000.0,35900000.0,2795000000.0,14264600000.0,21250600000.0,21.854683972911964,0.7617743702081051,0.3514083806111277,0.9116754677029941,0.0071839813766362455,21.854683972911964,0.006494261035724891,6.41047995685781,70.89761431411532,1.8417104566640414,1.978131212723658,42.799442896935936,0.006975309507452014,0.11073952423609038,0.6443592552026287,0.0025032347964566537,57.33360128617363,0.30950026963868416,-0.7307692307692307,0.5205649047606968,0.19796252528069908,0.10190712767117757,-0.20546838947854176,-0.7292787944025835,-0.5648535564853556,-0.7243139352109015,0.15022109679884468,0.055561917116938385,Waste Management,Industrials,RSG
2014Q3,2014,Q3,2014-10-31,2014-09-30,185800000.0,2264100000.0,382400000.0,0.52,866800000.0,0.38284528068548207,19987000000.0,7929000000.0,1360900000.0,1725000000.0,12055700000.0,38200000.0,2843900000.0,13902826000.000002,20820326000.0,22.2537187763121,0.788927536231884,0.35175363986591285,0.8866818009837306,0.01607814807948059,22.2537187763121,0.023432967587337622,6.140552979108698,18.706708826695372,1.7534148064068609,0.49784714747039827,36.57853403141361,0.006653323576084459,0.11327863111022164,0.6603478260869565,0.009296042427577925,82.21659373151982,0.38284528068548207,0.040000000000000036,0.6431735576458368,0.1636338324638576,0.11884444524320106,0.017012788924087762,0.03798882681564246,0.010837959291567539,0.005751185200173203,0.12063635476009182,0.09099467281273642,Waste Management,Industrials,RSG
2014Q2,2014,Q2,2014-07-25,2014-06-30,179000000.0,2225300000.0,378300000.0,0.5,852300000.0,0.3830045387138813,19876000000.0,7853200000.0,1225100000.0,1705500000.0,12020500000.0,38600000.0,2758000000.0,13524914000.0,20527614000.0,22.0471645143178,0.7183230724127821,0.354809820889515,0.8980033616869556,0.015627902939796594,22.0471645143178,0.022793256252228392,6.077793555925044,18.88954469273743,1.72221693067794,0.5189944134078213,35.5699481865285,0.006868805228632138,0.11195914670959951,0.5956024626209323,0.009005836184342926,202.77232383808095,0.3830045387138813,0.35135135135135137,-0.15644925445140637,0.14659922465382655,0.11590982044999386,0.13262458471760796,0.35094339622641507,0.23587063051290427,3.0872169193337076,0.1323403264153453,0.08787527487246627,Waste Management,Industrials,RSG
2014Q1,2014,Q1,2014-04-25,2014-03-31,132500000.0,2073700000.0,306100000.0,0.37,752500000.0,0.3628779476298404,19842500000.0,7822000000.0,1306900000.0,1697400000.0,12017800000.0,38200000.0,2671900000.0,12290767999.999998,19128268000.0,21.739855475264036,0.7699422646400377,0.3534484061988157,0.8966121196624904,0.01242490869455982,21.739855475264036,0.016939401687547942,5.9269749722717835,23.190128301886787,1.5713075939657375,0.7071698113207547,34.58638743455497,0.007623608223668367,0.10450800050396876,0.6403322728879463,0.00667758598966864,67.27295019157087,0.3628779476298404,-0.4307692307692308,0.23481211292409254,0.05983133340410343,0.12419904459787408,-0.12244897959183673,-0.43998309382924766,-0.23969200198708396,-0.11030956234289441,0.121075854000352,0.065895188465603,Waste Management,Industrials,RSG
2013Q4,2013,Q4,2014-02-13,2013-12-31,236600000.0,2141500000.0,402600000.0,0.65,857500000.0,0.4004202661685734,19949200000.0,7903500000.0,1421900000.0,1717100000.0,12043100000.0,37800000.0,2632700000.0,11985200000.000002,18790000000.0,21.893351800554015,0.8280822316696757,0.35179856836364365,0.8879736825457076,0.020377816285409408,21.893351800554015,0.02993610425760739,5.5966378706514135,12.66398985629755,1.5164420826216236,0.3956043956043956,33.96825396825397,0.007809631879317825,0.10734766306418303,0.6973967736299574,0.011860124716780622,54.75194152581088,0.4004202661685734,0.38297872340425543,2.885586102890604,0.8062400996909368,0.1392576973150653,0.0114413776834159,0.38039673278879815,0.14277604314504683,0.6971173118933407,0.12196220251215618,0.06641675373373403,Waste Management,Industrials,RSG
2013Q3,2013,Q3,2013-11-01,2013-09-30,171400000.0,2165400000.0,352300000.0,0.47,847800000.0,0.3915211970074813,19826000000.0,7736900000.0,1290400000.0,1769200000.0,12086600000.0,36900000.0,2490200000.0,12066312000.0,19008112000.0,21.390378766933924,0.7293692064209812,0.3550438817714113,0.9098088381651566,0.015487809553056344,21.390378766933924,0.02215357572154222,5.572324743696314,17.599638273045507,1.5595796766146646,0.49649941656942825,35.707317073170735,0.0070526934824824685,0.10922021587813982,0.6111236717160299,0.00864521335619893,81.0908064516129,0.3915211970074813,2.1333333333333333,-0.026075350678666072,0.30861002102382246,1.9726071422564828,0.20820863616930313,2.044404973357016,0.9442604856512141,0.3559417010334127,0.11505265758430125,0.05524293047220897,Waste Management,Industrials,RSG
2013Q2,2013,Q2,2013-07-26,2013-06-30,56300000.0,2111700000.0,181200000.0,0.15,701700000.0,0.3322915186816309,19774200000.0,7710400000.0,1268800000.0,1750800000.0,12061000000.0,36000000.0,2413000000.0,12389406000.0,19321306000.0,21.24662441443924,0.7246972812428604,0.35544295091583983,0.9115739780037352,0.007611160873177928,21.24662441443924,0.007301826105001037,5.867029407586305,55.01512433392541,1.6068434841253372,1.507992895204263,39.166666666666664,0.0068526287700959995,0.10679066662620991,0.600982408042038,0.002847144258680503,130.8279408658923,0.3322915186816309,-0.5588235294117647,-0.3062573332620178,0.2798192472687707,2.064578890020559,-0.09516441005802707,-0.5481540930979133,-0.33916849015317285,-0.6284237478200809,0.07711555577745285,0.05768569921950774,Waste Management,Industrials,RSG
2013Q1,2013,Q1,2013-04-26,2013-03-31,124600000.0,1998600000.0,274200000.0,0.34,775500000.0,0.3880216151305914,19639100000.0,7731700000.0,1223300000.0,1675300000.0,11904700000.0,35100000.0,2442100000.0,11780495999.999998,18683296000.0,21.317066446098703,0.7301975765534531,0.3581070415650412,0.909618841910576,0.012654521797869559,21.317066446098703,0.01611547266448517,5.89437406184329,23.636629213483143,1.523661807881837,0.6813804173354735,34.84615384615385,0.007206827284691578,0.10176637422285136,0.5995344117471497,0.006344486254461762,57.46583414634146,0.3880216151305914,-0.02857142857142844,-0.1720861243984468,0.29696636961325296,2.0929984068152705,0.04107933950865888,-0.01889763779527559,-0.05055401662049862,1.0157553392292848,0.07352676181469668,0.07450230520207822,Waste Management,Industrials,RSG
2012Q4,2012,Q4,2013-02-15,2012-12-31,127000000.0,2028400000.0,288800000.0,0.35,744900000.0,0.3672352593176888,19616900000.0,7703300000.0,1231300000.0,1695000000.0,11911200000.0,34500000.0,2403200000.0,10652656000.0,17655556000.0,21.20952643171806,0.7264306784660767,0.36042901783666126,0.9178533875092493,0.012469166794851154,21.20952643171806,0.016486440875988214,5.251753105896273,20.96979527559055,1.3828691599704024,0.6748031496062992,37.20289855072464,0.00804494203135819,0.10340063924473286,0.5975221238938053,0.006474009654940383,40.814773946360155,0.3672352593176888,-0.16666666666666669,-0.21888665911883537,0.2867495517233746,1.9834538637652186,-0.028053235908141964,-0.16830386378519974,-0.09153821956590123,2.746179404048904,0.06555447327187823,0.06937846269512433,Waste Management,Industrials,RSG
2012Q3,2012,Q3,2012-11-02,2012-09-30,152700000.0,2046900000.0,317900000.0,0.42,766400000.0,0.3744198544139919,19634300000.0,7739200000.0,1270000000.0,1699200000.0,11892700000.0,35500000.0,2361300000.0,9971766000.0,17002166000.0,21.18007662835249,0.7474105461393596,0.36183617444981486,0.9179760181930949,0.014668140770658316,21.18007662835249,0.0197307215216043,4.871642972299575,16.32574656188605,1.28847503617945,0.5265225933202358,36.070422535211264,0.008062764409032462,0.10425123381021988,0.6082274011299436,0.007777206215653219,85.3747089041096,0.3744198544139919,0.049999999999999906,0.1713623998235424,0.3049109548780205,2.0428537261357085,-0.06490971205466081,0.023458445040214475,-0.1785529715762274,0.3168128146952014,0.02580459572136154,0.06486521752409105,Waste Management,Industrials,RSG
2012Q2,2012,Q2,2012-07-27,2012-06-30,149200000.0,2060600000.0,387000000.0,0.4,819600000.0,0.3977482286712608,19590300000.0,7680400000.0,1234300000.0,1752300000.0,11907600000.0,34100000.0,2294500000.0,9734634000.0,16778734000.0,20.87632508833922,0.70438851794784,0.3631082729718279,0.9261757200145826,0.021897319746716933,20.87632508833922,0.01942607155877298,4.724174512277977,16.311384048257374,1.2674644549763034,0.546916890080429,36.39296187683284,0.008382441497030088,0.10518470875892662,0.5758146436112538,0.007616014047768538,56.43266086956522,0.3977482286712608,0.05263157894736847,-0.10380139198176606,0.33511697440533006,1.897484762693005,0.05184804928131417,0.044086773967809655,0.1838482716427042,-0.31924454036711714,0.027971084338871004,0.05664817649704779,Waste Management,Industrials,RSG
2012Q1,2012,Q1,2012-04-27,2012-03-31,142900000.0,1982400000.0,326900000.0,0.38,779200000.0,0.3930589184826473,19455900000.0,7751700000.0,1179200000.0,1715800000.0,11702200000.0,35300000.0,2225800000.0,11337760000.0,18168760000.0,20.894070080862534,0.6872595873644947,0.3548794967079395,0.8907078447308332,0.014276513980119546,20.894070080862534,0.018434665944244488,5.719209039548023,19.835129461161653,1.462615942309429,0.56962911126662,34.08498583569405,0.007179548693921904,0.10189197107304211,0.5139876442475813,0.007344815711429438,188.96266666666668,0.3930589184826473,-0.26188481675392666,0.38420105116293024,0.35190157922753884,1.8896054367150315,-0.046966731898238745,-0.2518324607329843,-0.10877862595419847,0.2915299477613719,-0.017416728857714548,0.08046227121394442,Waste Management,Industrials,RSG
2011Q4,2011,Q4,2012-02-17,2011-12-31,191000000.0,2025200000.0,366800000.0,0.5148247978436657,817600000.0,0.4037132135097768,19551500000.0,7681300000.0,1265700000.0,1897500000.0,11868100000.0,35200000.0,2164700000.0,10221050000.0,17076550000.0,20.70431266846361,0.6670355731225296,0.354029102626397,0.9011235077395753,0.01852327911863216,20.70431266846361,0.02486558264877039,5.046933636184081,13.378337696335079,1.3306406467655216,0.4272251308900524,34.30681818181818,0.00798352419761179,0.10358284530598676,0.5349143610013175,0.009769071426744751,42.676617954070984,0.4037132135097768,-0.009952311839104363,0.49060632798681697,0.3800076127435358,1.8200726839753898,-0.04508292455033871,-0.012919896640826873,-0.10208078335373318,2.481147425231321,0.6621055969557634,0.07738402918131985,Waste Management,Industrials,RSG
2011Q3,2011,Q3,2011-10-28,2011-09-30,193500000.0,2116200000.0,408500000.0,0.52,856200000.0,0.40459313864474056,19456200000.0,7612400000.0,1254400000.0,1857500000.0,11841700000.0,37800000.0,2055300000.0,10471992000.0,17430692000.0,20.39764201500536,0.6753162853297443,0.36139122747504654,0.923664021859072,0.01824546262768843,20.39764201500536,0.02541905312385056,4.948488800680465,13.529705426356589,1.375649203930429,0.3891472868217054,33.333333333333336,0.007190609007340724,0.10876738520368828,0.5627456258411844,0.009945415857156074,37.83234104046243,0.40459313864474056,3.3333333333333335,0.32506405910075997,0.42318774891426497,1.8094221432505815,0.008718190386427899,3.161290322580645,0.018195413758723827,0.06562004951840981,0.23946906783255065,1.8346471560721733,Waste Management,Industrials,RSG
2011Q2,2011,Q2,2011-07-29,2011-06-30,46500000.0,2086600000.0,401200000.0,0.12,848800000.0,0.4067861593022141,19682000000.0,7664700000.0,1479600000.0,2204000000.0,12015300000.0,34400000.0,1943500000.0,11667470000.0,18652470000.0,20.266261237440506,0.6713248638838476,0.3711767096839752,0.9531358044019987,0.013561399812285711,20.266261237440506,0.006066773650632119,5.591617943065273,62.72833333333334,1.5222343992589404,1.6301075268817204,35.98255813953488,0.0064966955132518016,0.10601564881617721,0.5757259528130672,0.0023625647800020323,65.76927846674182,0.4067861593022141,-0.7073170731707317,-0.6483398166157266,0.43271390283125916,1.8051386880257705,0.05414803775459513,-0.7060682680151706,0.06645401382243488,-0.4501953518346961,0.21344770346417516,1.9231728841450089,Waste Management,Industrials,RSG
2011Q1,2011,Q1,2011-04-29,2011-03-31,158200000.0,1964900000.0,376200000.0,0.41,805200000.0,0.4097918469133289,19396700000.0,7795300000.0,1210300000.0,2370800000.0,11599100000.0,36300000.0,1972500000.0,11481288000.0,18221388000.0,20.39586603872318,0.5105027838704235,0.35098753911747876,0.8733467602273165,0.01566485235950357,20.39586603872318,0.020294279886598335,5.843192019950124,18.14362831858407,1.4728474850230266,0.48482932996207334,31.947658402203857,0.006680435156752448,0.10130073672325705,0.4153872110679939,0.008156026540597112,84.112,0.4097918469133289,0.06166666666666667,0.3224917497363317,0.4387900912646677,1.670625357097294,-0.03684210526315789,0.07181571815718157,-0.03389830508474576,-0.0024596516055123453,0.21004119938924867,1.9593368920109426,Waste Management,Industrials,RSG
2010Q4,2010,Q4,2011-02-18,2010-12-31,147600000.0,2020800000.0,389400000.0,0.38618524332810045,836000000.0,0.41369754552652416,19461900000.0,7846500000.0,1246100000.0,2676500000.0,11613000000.0,31300000.0,1890300000.0,11412492000.0,18067792000.0,20.529827315541603,0.46557070801419764,0.3465026539032674,0.8594405148792456,0.015135552038122497,20.529827315541603,0.018810934811699483,5.64751187648456,19.330101626016262,1.4544691263620722,0.5210027100271003,37.853035143769965,0.006738230353195428,0.10383364419712361,0.38572762936671023,0.007584048833875418,46.26060802594244,0.41369754552652416,0.1033864095088585,0.32847723704866544,0.47851977700817383,1.6387821384529746,-0.0009560229445506692,0.09985096870342772,0.05930359085963003,-0.1373157901781532,0.21820089458280412,1.8878434803423298,Waste Management,Industrials,RSG
2010Q3,2010,Q3,2010-11-05,2010-09-30,134200000.0,2061700000.0,367600000.0,0.35,836800000.0,0.40587864383760974,19458000000.0,7783900000.0,1330200000.0,2835300000.0,11672000000.0,31100000.0,1819500000.0,11708160000.0,18515560000.0,20.270572916666666,0.4691567029943921,0.35604378661732966,0.8900294196996364,0.01463089789891012,20.270572916666666,0.017240714808771953,5.678886355919872,21.81102831594635,1.5041508755251223,0.53725782414307,39.38585209003215,0.006158098283590249,0.10595641895364374,0.39332698479878675,0.006896906156850653,64.01399671951886,0.40587864383760974,-0.16666666666666669,0.150323275862069,0.544509845890411,1.6153970954165642,-0.013323900483433557,-0.1596743894802755,-0.08283433133732535,-0.02041511194029846,0.2506824066608782,1.9121891017059363,Waste Management,Industrials,RSG
2010Q2,2010,Q2,2010-07-30,2010-06-30,159700000.0,2066400000.0,400800000.0,0.42,848100000.0,0.4104239256678281,19571400000.0,7683600000.0,1288700000.0,2466000000.0,11885500000.0,31900000.0,1762300000.0,11371725000.0,18433225000.0,20.0878431372549,0.5225871857258718,0.36366841411447315,0.9263235983132907,0.016019027172673693,20.0878431372549,0.02078452808579312,5.503157665505227,17.801698497182215,1.47999960955802,0.45835942391984974,38.191222570532915,0.006437018130494714,0.10558263588705968,0.3870235198702352,0.008159865926811572,95.80223251895535,0.4104239256678281,1.4705882352941173,0.38577822433321163,0.6069481508161294,1.5680481283422458,0.03313436472164697,1.456923076923077,0.05114083398898505,-0.0773463452659351,0.2877701778385772,1.7880491015190285,Waste Management,Industrials,RSG
2010Q1,2010,Q1,2010-04-30,2010-03-31,65000000.0,1957700000.0,381300000.0,0.17,820900000.0,0.41931858813914286,19465300000.0,7566600000.0,1266000000.0,2254900000.0,11896600000.0,0.0,1675500000.0,11068228000.0,18100828000.0,19.839014158363923,0.5614439664730143,0.3654708635366524,0.9401844950175773,0.014573520200403577,19.839014158363923,0.008590384056247192,5.65368953363641,42.570107692307694,1.4627742975709037,1.113846153846154,0.0,0.006541245807368623,0.10057384165669166,0.41336644640560555,0.0033392755313301106,122.03117971334068,0.41931858813914286,0.8212921348314607,-0.4215966087175813,0.6849536758130816,1.5261844698157294,0.028825667376864268,0.8258426966292135,0.15826245443499393,-0.38754593223092737,0.2986530746044246,1.7436934474333086,Waste Management,Industrials,RSG
2009Q4,2009,Q4,2010-02-24,2009-12-31,35600000.0,1999000000.0,329200000.0,0.09334032511798637,797900000.0,0.3991495747873937,19540300000.0,7564500000.0,1264900000.0,2548700000.0,11973200000.0,33700000.0,1683100000.0,10797434000.0,17712034000.0,19.83350812794966,0.4962922274100522,0.35632001555759124,0.9204309604071651,0.01010600406667667,19.83350812794966,0.004706193403397448,5.401417708854427,75.82467696629213,1.427382378214026,2.0280898876404496,35.640949554896146,0.006686773913135288,0.10230139762439676,0.3806646525679758,0.0018218758156220733,107.65138584247258,0.3991495747873937,-0.7083114840062926,-0.6397646827477713,0.6942306872600498,1.354600190570472,-0.07863741339491917,-0.7045643153526971,-0.14913414318945464,-0.7297455758542009,0.32501128910413585,1.7014629944334783,Waste Management,Industrials,RSG
2009Q3,2009,Q3,2009-11-04,2009-09-30,120500000.0,2073500000.0,386900000.0,0.32,866000000.0,0.41765131420303836,19530100000.0,7552200000.0,1404300000.0,2098000000.0,11975600000.0,35400000.0,1720100000.0,10088629000.0,17037129000.0,19.889913089281013,0.6693517635843661,0.3612782320623038,0.9342708085061306,0.015109589702515861,19.889913089281013,0.015955615582214453,4.865507113576079,20.930765560165977,1.3358529964778474,0.5983402489626556,34.110169491525426,0.007146659868253655,0.10616945125729003,0.5275977121067683,0.0061699632874383644,69.91426888426888,0.41765131420303836,-0.45762711864406774,0.15238240716354998,0.7707515724338962,1.4515373788151447,0.03193517635843661,-0.46657813191677733,-0.2569617822162474,-0.18895679540019514,0.3705994846381708,1.7394912715523003,Waste Management,Industrials,RSG
2009Q2,2009,Q2,2009-08-07,2009-06-30,225900000.0,2066100000.0,520700000.0,0.59,839200000.0,0.4061758869367407,19446400000.0,7491900000.0,1252900000.0,2186300000.0,11952800000.0,0.0,1671900000.0,9256272000.0,16284472000.0,19.757120253164558,0.5730686548049215,0.3648901596182327,0.9471295665985932,0.02170453145789858,19.757120253164558,0.030152564769951547,4.480069696529694,10.243771580345287,1.2355039442598006,0.3187250996015936,0.0,0.0077785095338598524,0.1062458861280237,0.44874902803823813,0.011616545993088695,1402.4654545454546,0.4061758869367407,0.9666666666666667,1.2464515651306352,0.831477556750808,1.4657478757346016,-0.014792204742897394,0.9991150442477876,0.47507082152974506,0.7038826163913322,0.414896934786914,1.7346663371605076,Waste Management,Industrials,RSG
2009Q1,2009,Q1,2009-05-11,2009-03-31,113000000.0,2060500000.0,353000000.0,0.3,851800000.0,0.41339480708565884,19862600000.0,7327200000.0,1363900000.0,2476400000.0,12533900000.0,0.0,1518200000.0,6498134999.999999,13881235000.0,19.338083927157562,0.5507591665320627,0.38145056538418937,1.034037558685446,0.013402722594639488,19.338083927157562,0.015421989300141936,3.1536690123756363,14.376404867256635,0.8868510481493611,0.6371681415929203,0.0,0.011080102213942924,0.10373767784680757,0.43252301728315296,0.005689084007128976,20.370329153605013,0.41339480708565884,1.8630979498861049,0.2264714108595737,0.9967328020192072,1.4142942106145597,1.2345225603357817,1.8580106302201975,4.163082437275985,-0.047135793935026135,0.521933518525974,1.5321198519097385,Waste Management,Industrials,RSG
2008Q4,2008,Q4,2009-03-02,2008-12-31,-131700000.0,1244400000.0,-111600000.0,-0.3475851148060174,381200000.0,0.30633236901317906,19921400000.0,7281400000.0,1325700000.0,2565800000.0,12638900000.0,37100000.0,1477200000.0,9392931000.0,17026731000.0,19.21720770651887,0.5166809572063294,0.38664451293583785,1.0578322850001374,-0.005518896588644785,19.21720770651887,-0.018087181036613838,7.548160559305689,-17.83016514806378,1.2899896997830087,-0.2627182991647684,23.266846361185983,0.0036836212253661825,0.06246548937323682,0.4150362460051446,-0.006610981155942855,-110.76569575471699,0.30633236901317906,-1.7241356558458696,-2.4602319006213302,0.20475476427812608,1.361158626056926,0.13961136023916293,-2.4847801578354,-1.668263473053892,-2.1956927949327,-0.0816042087905616,1.47006580559565,Waste Management,Industrials,RSG
2008Q3,2008,Q3,2008-11-10,2008-09-30,88700000.0,834000000.0,167000000.0,0.48,334500000.0,0.4010791366906475,4606500000.0,1311800000.0,474100000.0,697500000.0,3294700000.0,0.0,1680900000.0,5465354000.0,7024254000.0,7.195831047723533,0.6797132616487456,0.3470747856290025,1.2187833511205977,0.03500202409614868,7.195831047723533,0.06761701478883976,6.553182254196643,15.404041713641488,4.166301265436805,0.34949267192784667,0.0,0.005672093701524183,0.181048518397916,0.5250179211469534,0.019255399978291544,85.39615625,0.4010791366906475,1.1818181818181819,1.6483265654739776,0.7176967148168464,-0.07558704582547357,0.338,1.1793611793611793,0.9509345794392523,0.6015318027915679,0.31606038518473983,-0.07156271809907722,Waste Management,Industrials,RSG
2008Q2,2008,Q2,2008-08-08,2008-06-30,40700000.0,827500000.0,85600000.0,0.22,250000000.0,0.3021148036253776,4547500000.0,1261800000.0,463100000.0,679000000.0,3285700000.0,0.0,1626900000.0,5405400000.0,7009300000.0,6.932967032967033,0.6820324005891016,0.35557998900494775,1.28150261531146,0.017875903898083256,6.932967032967033,0.032255508004438105,6.532205438066465,33.2027027027027,4.283880171184022,0.7641277641277642,0.0,0.005753505753505753,0.18196811434854315,0.49072164948453606,0.008949972512369434,551.5714285714286,0.3021148036253776,-0.46341463414634143,-0.09753429517502366,0.7389909439375938,-0.11024550398267026,-0.17409976874793526,-0.4651773981603154,-0.3980309423347398,-0.2577618421950719,0.3524322706238932,-0.11368319180819175,Waste Management,Industrials,RSG
2008Q1,2008,Q1,2008-05-05,2008-03-31,76100000.0,779200000.0,142200000.0,0.41,302700000.0,0.3884753593429158,4534400000.0,1264000000.0,456000000.0,572100000.0,3270400000.0,0.0,1617300000.0,5362616000.0,7007516000.0,6.892039258451472,0.7970634504457262,0.37387526464361326,1.3412183544303797,0.029537559830958147,6.892039258451472,0.06020569620253165,6.882207392197126,17.61700394218134,4.2425759493670885,0.4152431011826544,0.0,0.00589264642480461,0.17184191954834158,0.6241915748994931,0.016782815808045165,39.34421129860602,0.3884753593429158,-0.08411693057247266,5.049973710858389,0.7502583227234865,-0.08592505476328544,0.007321131447587354,-0.0730816077953715,0.016440314510364547,0.4082620892888359,0.3946721409150903,-0.12240787767570034,Waste Management,Industrials,RSG
2007Q4,2007,Q4,2008-02-21,2007-12-31,82100000.0,796000000.0,139900000.0,0.44765539803707743,300500000.0,0.37751256281407036,4467800000.0,1303800000.0,413800000.0,628700000.0,3164000000.0,12300000.0,1572300000.0,5749590000.0,7295590000.0,7.109051254089422,0.6581835533640846,0.350910962890013,1.2024850437183616,0.030532729579169096,7.109051254089422,0.06296978064120264,7.2231030150753766,17.50788672350792,4.4098711458812705,0.38855054811205847,40.28455284552845,0.005548221699286384,0.17816374949639643,0.5466836328932718,0.01837593446438963,50.34667250437828,0.37751256281407036,0.27901542296307846,0.7829786951086524,0.7563881821085681,-0.07428520297208867,0.04558107167710508,0.2253731343283582,0.09041309431021044,0.7276700517993457,0.4029887052585793,-0.15602558409395006,Waste Management,Industrials,RSG
2007Q3,2007,Q3,2007-11-07,2007-09-30,67000000.0,806200000.0,128300000.0,0.35,287400000.0,0.3564872240138923,4498000000.0,1307200000.0,432700000.0,556700000.0,3190800000.0,0.0,1521800000.0,6289422000.0,7923022000.0,6.960596379126731,0.7772588467756422,0.36820809248554914,1.2669828641370868,0.026612439344095826,6.960596379126731,0.05125458996328029,7.80131729099479,23.467992537313435,4.811369339045288,0.3044776119402985,0.0,0.0032435412983895812,0.17923521565140063,0.615591880725705,0.014895509115162294,108.43831034482758,0.3564872240138923,-0.2222222222222223,0.4178728824876982,0.740521840469387,-0.05088012305139401,-0.07914130086510733,-0.231651376146789,-0.1619856303069889,0.29547603833865804,0.39200693663677183,-0.1420695442118006,Waste Management,Industrials,RSG
2007Q2,2007,Q2,2007-08-03,2007-06-30,87200000.0,808400000.0,153100000.0,0.45,312100000.0,0.38607125185551705,4416200000.0,1388400000.0,423600000.0,572200000.0,3027800000.0,0.0,1486600000.0,5904328000.0,7376728000.0,7.204981837052413,0.7403005941978329,0.33927358362393006,1.079155862863728,0.03459064148918703,7.204981837052413,0.06280610774992798,7.303720930232558,16.927545871559634,4.252613079804091,0.23853211009174313,0.0,0.003522839517045801,0.18305330374530138,0.5910520796924152,0.01974548254155156,41.72669964664311,0.38607125185551705,0.607142857142857,0.8638502045990114,0.761993296964063,0.009790643475996487,0.11903908210828254,0.6178107606679035,0.33478639930252835,0.7064121212431074,0.41014308562289387,-0.10079665296500918,Waste Management,Industrials,RSG
2007Q1,2007,Q1,2007-05-07,2007-03-31,53900000.0,765600000.0,114700000.0,0.28,278900000.0,0.3642894461859979,4410600000.0,1400600000.0,408700000.0,534900000.0,3010000000.0,0.0,1419900000.0,5388734000.0,6920634000.0,7.230769230769231,0.764068050102823,0.3519249081757584,1.1082393260031416,0.02217921427062621,7.230769230769231,0.03848350706839926,7.038576280041798,24.994128014842303,3.847446808510638,0.38589981447124305,0.0,0.0038599047568501246,0.17358182560195892,0.5945036455412227,0.012220559561057453,97.79916515426497,0.3642894461859979,-0.1892974588938714,0.28564678069574095,0.8165475758732,0.03802400553773014,-0.017611835153222965,-0.19431988041853512,-0.1156515034695451,0.14436017503921866,0.4512567174647237,-0.09726297817852007,Waste Management,Industrials,RSG
