Quarters,Year,Quarter,FillingDate,Date,NetIncome,Revenue,OperatingIncome,EPSDiluted,GrossProfit,GrossProfitRatio,TotalAssets,CommonStockEquity,CurrentAssets,CurrentLiability,TotalLiability,Inventory,RetainedEarnings,MarketCap,EnterpriseValue,bookValuePerShare,currentRatio,debtToAssets,debtToEquity,roic,shareholdersEquityPerShare,roe,priceToSalesRatio,peRatio,pbRatio,payoutRatio,inventoryTurnover,dividendYield,assetTurnover,quickRatio,returnOnAssets,priceToFreeCashFlowsRatio,grossProfitMargin,epsdilutedGrowth,fiveYNetIncomeGrowthPerShare,fiveYRevenueGrowthPerShare,fiveYShareholdersEquityGrowthPerShare,grossProfitGrowth,netIncomeGrowth,operatingIncomeGrowth,threeYNetIncomeGrowthPerShare,threeYRevenueGrowthPerShare,threeYShareholdersEquityGrowthPerShare,Industry,Sector,Symbol
2023Q3,2023,Q3,2023-04-27,2023-03-31,22131000.0,332507000.0,29583000.0,0.17,191938000.0,0.5772449903,1068399000.0,103192000.0,502072000.0,526846000.0,965207000.0,70310000.0,-881425000.0,2462961920.0,2539352920.0,0.8010806111042107,0.9529767712006925,0.26150061915071054,2.7074482518024654,0.058747202267044954,0.8010806111042107,0.21446429955810528,7.407248328606616,27.822533098368805,23.867760291495465,0.0,1.99927464087612,0.0,0.3112198719766679,0.6864112093477032,0.020714171391025264,53.754161374102445,0.5772449903310306,0.30769230769230776,2.4521048619401933,0.1335577662668593,-0.18378096937755697,0.05660730505628802,0.23423121967542246,0.2623965178800034,1.4615893755182061,0.4680652353205465,4.820632181731704,Communication Equipment,Technology,EXTR
2023Q2,2023,Q2,2023-01-27,2022-12-31,17931000.0,318348000.0,23434000.0,0.13,181655000.0,0.5706176888,1062176000.0,84567000.0,497665000.0,529102000.0,977609000.0,63763000.0,-903556000.0,2388814150.0,2487151150.0,0.6481968344000306,0.9405842351758262,0.28324684421414154,3.5576288623221823,0.047734587534509994,0.6481968344000306,0.21203306254212637,7.503782495885006,33.30564594835759,28.247592441496092,0.0,2.1437667612878943,0.0,0.29971304190642606,0.6701373270182309,0.01688138312294761,35.405050317914366,0.5706176888185256,0.44444444444444453,1.4891762926471075,0.19956434435571466,-0.34076770718171595,0.08965976437843415,0.42479141835518475,0.3470912853529547,1.6980855962777666,0.09068044295825356,0.5216912941405475,Communication Equipment,Technology,EXTR
2023Q1,2023,Q1,2022-10-28,2022-09-30,12585000.0,297689000.0,17396000.0,0.09,166708000.0,0.5600072559,1057780000.0,110603000.0,482104000.0,502699000.0,947177000.0,51766000.0,-921487000.0,1702877230.0,1816033230.0,0.848905126296157,0.959031149853093,0.2944846754523625,2.8163793025505637,0.032763793525630254,0.848905126296157,0.11378534036147302,5.720322988084881,33.82751748112833,15.396302360695461,0.0,2.5302515164393617,0.0,0.28142808523511503,0.7103077587184379,0.011897559038741515,36.54635111063419,0.5600072558945746,1.2499999999999998,1.4775343420560363,0.21130897451809905,-0.2964850057177362,0.08117853830638623,1.3262476894639557,0.6634155670300249,1.307726563577771,0.07510858902312503,0.08749659254847438,Communication Equipment,Technology,EXTR
2022Q4,2022,Q4,2022-08-29,2022-06-30,5410000.0,278196000.0,10458000.0,0.04,154191000.0,0.5542531165,1068510000.0,90343000.0,489089000.0,500181000.0,978167000.0,49231000.0,-934072000.0,1157708960.0,1314317960.0,0.696081301815268,0.9778240277019719,0.3286174205201636,3.886643126750274,0.015203588185449852,0.696081301815268,0.0598828907607673,4.161486721591971,53.498565619223655,12.814595043334846,0.0,2.5188397554386466,0.0,0.2603588174186484,0.7569639790395877,0.00506312528661407,19.353532489677193,0.5542531165077859,-0.5837669094693029,-0.6217449830358536,0.3254142525437586,-0.27917583803698814,-0.04441676272636002,-0.5781347473487212,-0.3958754549130611,1.2907472445175618,0.010420501744576554,-0.28607061355801866,Communication Equipment,Technology,EXTR
2022Q3,2022,Q3,2022-04-29,2022-03-31,12824000.0,285508000.0,17311000.0,0.0961,161358000.0,0.5651610463,1024844000.0,99263000.0,446876000.0,457790000.0,925581000.0,37738000.0,-939482000.0,1586237730.0,1769853730.0,0.7640728795424631,0.9761593743856354,0.3416929796144584,3.5278200336479855,0.03091445333280572,0.7640728795424631,0.12919214611688143,5.555843373915967,30.92322461790393,15.980151012965557,0.0,3.2897874821135193,0.0,0.2785867897943492,0.7198344218965028,0.012513123948620473,-546.2251136363636,0.5651610462754109,-0.03707414829659313,2.9237432454453285,0.6144856644732996,-0.049430531138552655,0.01619790157822478,-0.03875271718761712,-0.04936847885777046,2.6795316643817766,0.033244684549440115,-0.2845975826816631,Communication Equipment,Technology,EXTR
2022Q2,2022,Q2,2022-01-28,2021-12-31,13341000.0,280933000.0,18210000.0,0.0998,158786000.0,0.5652094984,1012800000.0,69599000.0,430517000.0,467680000.0,943201000.0,37180000.0,-952306000.0,2031627100.0,2218656100.0,0.5378468814478798,0.9205375470407116,0.3560199447077409,5.180778459460624,0.033883840381196795,0.5378468814478798,0.19168378856018045,7.2317139673872415,38.07111723259126,29.190463943447465,0.0,3.285287789133943,0.0,0.2773825039494471,0.6560105200136845,0.01317239336492891,107.01222544113774,0.5652094983501404,-0.0020000000000000573,2.286162409683806,0.5746225267893144,-0.3267513255705139,0.02045590380648188,0.050803402646502835,-0.008385972554998912,0.6833418913209579,0.009922410443690747,-0.45438743229186257,Communication Equipment,Technology,EXTR
2022Q1,2022,Q1,2021-11-05,2021-09-30,12696000.0,267684000.0,18364000.0,0.1,155603000.0,0.5812936148593117,1008804000.0,72325000.0,424171000.0,455060000.0,936479000.0,32439000.0,-965647000.0,1263991400.0,1443362400.0,0.563612418565506,0.9321210389838702,0.36748466500925847,5.125751814725199,0.03220996338742634,0.563612418565506,0.1755409609402005,4.721953497407391,24.88955970384373,17.47654891116488,0.0,3.455131169271556,0.0,0.26534787728835335,0.7053135850217553,0.012585199900079698,34.30657366192596,0.5812936148593117,0.25000000000000006,2.617977586147396,0.8021741515381842,-0.34184654423201416,-0.03412166356300435,0.2295177222545032,0.04513118206135109,2.280975787071518,0.020608840818727308,-0.4352471818545363,Communication Equipment,Technology,EXTR
2021Q4,2021,Q4,2021-08-27,2021-06-30,10326000.0,278088000.0,17571000.0,0.08,161100000.0,0.5793130232156727,1010093000.0,54468000.0,487595000.0,455700000.0,955625000.0,32885000.0,-978343000.0,1409708880.0,1553658880.0,0.43119745404455423,1.0699912222953698,0.3869386284233234,7.175662774473085,0.02811502140138413,0.43119745404455423,0.18957920246750384,5.069290584275481,34.13008134805346,25.881414408460014,0.0,3.5574882165120876,0.0,0.2753093032027744,0.8851656791748957,0.01022282106697106,27.01575056054886,0.5793130232156727,1.6666666666666667,4.662398582170112,0.6530777888736411,-0.498814289946795,0.0825667112416254,1.974078341013825,0.5755918220946915,2.683138797024177,-0.08268288071757168,-0.5564478660370206,Communication Equipment,Technology,EXTR
2021Q3,2021,Q3,2021-04-29,2021-03-31,3472000.0,253400000.0,11152000.0,0.03,148813000.0,0.5872651933701657,953676000.0,35136000.0,420880000.0,414895000.0,918540000.0,43924000.0,-988669000.0,1091895000.0,1289152000.0,0.28156553514761035,1.0144253365309295,0.4198448949118988,11.395605646630237,0.013314957763161661,0.28156553514761035,0.09881602914389799,4.308977900552486,78.62147177419355,31.076246584699454,0.0,2.381090064657135,0.0,0.2657086893242569,0.8042926523578254,0.0036406494448848457,53.40384427271838,0.5872651933701657,2.5,1.268592839093084,0.6927290495291291,-0.6753381129644256,0.06149423647569048,2.138360655737705,0.9520392088219849,1.2351655184538162,-0.10824313829295819,-0.7131135806194474,Communication Equipment,Technology,EXTR
2021Q2,2021,Q2,2021-02-09,2020-12-31,-3050000.0,242128000.0,5713000.0,-0.02,140192000.0,0.5789995374347453,945837000.0,17925000.0,403298000.0,422242000.0,927912000.0,49830000.0,-992141000.0,849288960.0,1074457960.0,0.14541958722741433,0.9551347331624992,0.432567133660451,22.824993026499303,0.029079711076745018,0.14541958722741433,-0.1701534170153417,3.507603251172933,-69.61384918032788,47.380137238493724,0.0,2.0456752960064217,0.0,0.2559933688362794,0.7394124696264227,-0.0032246571026508797,25.728232656770675,0.5789995374347453,0.7142857142857143,0.6498504770329967,0.4434791467566908,-0.8435244521013793,0.03832081648372809,0.6538810712664548,96.21666666666667,0.9119319273663402,-0.034340095773020725,-0.8521046650939764,Communication Equipment,Technology,EXTR
2021Q1,2021,Q1,2020-10-29,2020-09-30,-8812000.0,235802000.0,-60000.0,-0.07,135018000.0,0.5725905632691835,959494000.0,9911000.0,406680000.0,435611000.0,949583000.0,55830000.0,-989091000.0,489254099.99999994,749088100.0,0.08143461649069471,0.9335852400421477,0.47207173781180495,45.701745535263846,-0.00013344668190978838,0.08143461649069471,-0.8891131066491776,2.0748513583430164,-13.880336472991372,49.36475633134901,0.0,1.8051943399605948,0.0,0.24575661755050057,0.7271464678348343,-0.009184007403902473,22.523437068409905,0.5725905632691835,0.611111111111111,0.365627537587492,0.5705223487619469,-0.9164014318619024,0.11964507836470686,0.5846726681434699,0.9954208959780203,-2.857121345730119,0.027162042286040383,-0.932512512906133,Communication Equipment,Technology,EXTR
2020Q4,2020,Q4,2020-08-31,2020-06-30,-21217000.0,215522000.0,-13103000.0,-0.18,120590000.0,0.5595252456825753,979088000.0,5398000.0,414207000.0,397821000.0,973690000.0,62589000.0,-980279000.0,522162760.0,808825760.0,0.044865934139002944,1.0411893791428808,0.4907985799029301,89.02093367914043,-0.02526529698193598,0.044865934139002944,-3.9305298258614303,2.422781711379813,-6.152645991421973,96.73263430900333,0.0,1.5167521449455974,0.0,0.22012525942509764,0.7958327991734976,-0.021670166522314644,84.42405173807599,0.5595252456825753,0.5135135135135135,-0.12864263266334738,0.19797272212665046,-0.9568596621574739,0.08312749809134594,0.5216224747474747,0.658384607362603,-2.6002571732760664,0.1076708787944948,-0.9535392643185562,Communication Equipment,Technology,EXTR
2020Q3,2020,Q3,2020-05-11,2020-03-31,-44352000.0,209519000.0,-38356000.0,-0.37,111335000.0,0.5313837885824197,973452000.0,16400000.0,395513000.0,374529000.0,957052000.0,66214000.0,-959062000.0,368210580.0,660435580.0,0.13762776724123463,1.0560277041297204,0.5018994259603966,29.791158536585368,-0.06889018529562453,0.13762776724123463,-2.704390243902439,1.7574090177979085,-2.0755015557359306,22.45186463414634,0.0,1.482828404869061,0.0,0.21523300583901414,0.7811464532786513,-0.04556156852109811,188.0544330949949,0.5313837885824197,-0.8499999999999999,-0.5771679920705076,0.4670581214892252,-0.8813663602948184,-0.2511316934708181,-0.8842722406321692,-1.5174586505644525,-6.253567139287862,0.29167767074443557,-0.8287797445638604,Communication Equipment,Technology,EXTR
2020Q2,2020,Q2,2020-01-30,2019-12-31,-23538000.0,267472000.0,-15236000.0,-0.2,148671000.0,0.5558376203864329,1014653000.0,50927000.0,417612000.0,422957000.0,963726000.0,79664000.0,-914710000.0,881120350.0,1182955350.0,0.42597131027560536,0.9873627815593548,0.4358623095777571,8.683979028805938,-0.02895466860271909,0.42597131027560536,-0.4621909792448014,3.2942526694382965,-9.358487870677203,17.30163469279557,0.0,1.4912758586061459,0.0,0.2636093324515869,0.7097742796549058,-0.023198078554934543,49.18613095902646,0.5558376203864329,0.3548387096774193,-0.4824522956338263,0.499667937623632,-0.6865879463742887,0.08326836341379888,0.37627855212252903,0.5268910694323686,-1.4561426574229335,0.6226641060600175,-0.46679133061807376,Communication Equipment,Technology,EXTR
2020Q1,2020,Q1,2019-10-31,2019-09-30,-37738000.0,255506000.0,-32204000.0,-0.31,137243000.0,0.5371419849240331,1051792000.0,93849000.0,434708000.0,411451000.0,957943000.0,82394000.0,-891172000.0,874644150.0,1192510150.0,0.7806048608454078,1.0565243491934642,0.42711391605944904,4.78678515487645,-0.054025885545177184,0.7806048608454078,-0.4021140342465024,3.4231843870594036,-5.79418722507817,9.31969600102292,0.0,1.4353350972158168,0.0,0.24292445654654152,0.7615754974468406,-0.035879717662807856,-160.7506248851314,0.5371419849240331,-1.214285714285714,-0.5802432802254152,0.5176269333015241,-0.469193058288659,-0.012256560102485858,-1.2127235414834359,-1.6385907414993854,-4.133268227433384,0.8360518292083913,-0.0884555239888115,Communication Equipment,Technology,EXTR
2019Q4,2019,Q4,2019-08-29,2019-06-30,-17055000.0,252359000.0,-12205000.0,-0.14,138946000.0,0.5505886455406782,756874000.0,115987000.0,441989000.0,356029000.0,640887000.0,63589000.0,-853434000.0,783952990.0,793095990.0,0.9750002101529073,1.2414410062101682,0.23616876785303761,1.541120987696897,-0.04681764177124415,0.9750002101529073,-0.14704234095200325,3.1064990351047514,-11.49154192318968,6.758972902135584,0.0,1.7835317429115098,0.0,0.3334227361489495,0.9662724103935354,-0.022533473206901015,41.49216629617868,0.5505886455406782,-1.3333333333333337,0.14574664154743786,0.32113490449396737,-0.3982898863870149,0.00019435786321525493,-1.4603289094056549,-4.414818101153505,-5.423117175441467,0.5929071965387126,0.13325384471545992,Communication Equipment,Technology,EXTR
2019Q3,2019,Q3,2019-05-10,2019-03-31,-6932000.0,250864000.0,-2254000.0,-0.06,138919000.0,0.5537621978442503,711510000.0,125968000.0,390597000.0,302747000.0,585542000.0,57645000.0,-836379000.0,906989360.0,931178360.0,1.0680322865088516,1.2901762858096033,0.25439136484378294,1.4368887336466405,-0.010069209378015882,1.0680322865088516,-0.05502984885050172,3.615462401938899,-32.71023369878823,7.200156865235616,0.0,1.9419724173822535,0.0,0.35257972481061406,0.9852054685925872,-0.009742659976669336,70.58282957198443,0.5537621978442503,-2.0,0.7746697146443082,0.44140468274682815,-0.38017003006808825,-0.016843714392883177,-1.9629115154882621,-1.4744264365396758,0.4326249433669773,0.7730302747222605,0.23150504684850745,Communication Equipment,Technology,EXTR
2019Q2,2019,Q2,2019-01-30,2018-12-31,7199000.0,252680000.0,4751000.0,0.06,141299000.0,0.5592013614057306,711949000.0,115871000.0,382937000.0,311568000.0,596078000.0,58297000.0,-829447000.0,717018400.0,759630400.0,0.9857670319199618,1.229063960355364,0.2573990552694083,1.5815432679445245,0.05927489766133149,0.9857670319199618,0.062129437046370535,2.8376539496596487,24.899930545909154,6.188074669244246,0.0,1.9105785889496887,0.0,0.3549130625929666,0.9164997689107995,0.010111679347818453,30.43630189319976,0.5592013614057306,1.7500000000000002,1.364789082572753,0.3963578463685568,-0.4909742034063599,0.06987150850678801,1.7941533370104799,1.9467915504184934,1.8666857668423429,0.5796910547607618,0.060712929812211776,Communication Equipment,Technology,EXTR
2019Q1,2019,Q1,2018-11-02,2018-09-30,-9065000.0,239886000.0,-5018000.0,-0.08,132071000.0,0.5505573480736683,731884000.0,117131000.0,395801000.0,322040000.0,614753000.0,55580000.0,-836646000.0,649045040.0,694384040.0,0.9979807102447005,1.2290429760278225,0.25346366364068623,1.5837481110892933,-0.01961451692724609,0.9979807102447005,-0.07739197991991872,2.7056395121015817,-17.899752895752897,5.541189266718461,0.0,1.9398164807484706,0.0,0.3277650556645589,0.9466215376971805,-0.012385842565215252,24.116413629101178,0.5505573480736683,-0.6,-206.5698486810715,1.5324220735287146,-0.5136616192943818,-0.12050583683499037,-0.6095525568181818,-0.4885790566597449,0.32329971574580807,0.6567625000041651,0.0244999240026133,Communication Equipment,Technology,EXTR
2018Q4,2018,Q4,2018-08-29,2018-06-30,-5632000.0,278300000.0,-3371000.0,-0.05,150167000.0,0.5395867768595042,770248000.0,112732000.0,427913000.0,359872000.0,657516000.0,63867000.0,-828078000.0,923057520.0,999674520.0,0.972146047843259,1.189070002667615,0.25674328268298,1.754213532980875,-0.00840626897661954,0.972146047843259,-0.04995919525955363,3.3167715415019763,-40.9737890625,8.188070113188802,0.0,2.006247357790408,0.0,0.36131220074573384,0.9268906722390183,-0.007311930702838566,390.96040660736975,0.5395867768595042,0.5833333333333333,-2.4279098013306903,1.8272544882930002,-0.5188687848758607,0.05024373526922781,0.5862778226695071,0.5899525605157523,0.689160938196978,0.6049776747318075,-0.06524382605517852,Communication Equipment,Technology,EXTR
2018Q3,2018,Q3,2018-05-10,2018-03-31,-13613000.0,262004000.0,-8221000.0,-0.12,142983000.0,0.5457283094914581,740485000.0,112925000.0,396000000.0,363706000.0,627560000.0,77756000.0,-822446000.0,1273703130.0,1349204130.0,0.9814529936815025,1.088791496428434,0.24129860834453096,1.5822714190834626,-0.03229415027967952,0.9814529936815025,-0.12054903697144122,4.861388108578495,-23.391301145963418,11.279195306619439,0.0,1.5306985956067698,0.0,0.35382755896473256,0.8017052234497094,-0.018383897040453217,-51.63382236095346,0.5457283094914581,0.5714285714285715,-3.9546589219522237,2.103968724217159,-0.5052422342543316,0.10851565286155086,0.573567647150957,0.7357441337190614,0.4986560491406767,0.8999799484819294,-0.15399818529426343,Communication Equipment,Technology,EXTR
2018Q2,2018,Q2,2018-02-08,2017-12-31,-31923000.0,231123000.0,-31110000.0,-0.28,128986000.0,0.5580837908819114,726908000.0,111719000.0,390163000.0,346274000.0,615189000.0,83377000.0,-808833000.0,1422534920.0,1478564920.0,0.9832601367704914,1.1267464493435835,0.25194109846087814,1.63927353449279,-0.10042207901355389,0.9832601367704914,-0.28574369623788254,6.154882551714888,-11.140360555085676,12.733151209731558,0.0,1.2250020989001764,0.0,0.31795357871972796,0.8144244153473839,-0.043916148948697775,-138.94656378198866,0.5580837908819114,-8.0,-5.312657494688431,1.5443728099727927,-0.5065580528445515,0.14775629332360452,-8.295018281535649,-7.925645592163847,-1.1155534524185258,0.3635437716983367,-0.2765579012489055,Communication Equipment,Technology,EXTR
2018Q1,2018,Q1,2017-11-09,2017-09-30,4376000.0,211715000.0,4492000.0,0.04,112381000.0,0.5308126490801313,597884000.0,135437000.0,345851000.0,263779000.0,462447000.0,58100000.0,-776910000.0,1334545490.0,1349123490.0,1.2066624495505207,1.31113924914417,0.2803085548367242,1.2374166586678677,0.010720269795722343,1.2066624495505207,0.032310225418460244,6.303499940958364,76.24231547074955,9.853625597141107,0.0,1.7097074010327022,0.0,0.3541071512199691,1.0217416852744152,0.00731914551986673,119.4010458978259,0.5308126490801313,-0.6363636363636365,-0.7140068786848006,1.3473918810581607,-0.41925775913395635,0.1046009888046865,-0.6406339820973967,-0.6930435971026377,1.196276929843515,0.3469839531028049,-0.17947627967605778,Communication Equipment,Technology,EXTR
2017Q4,2017,Q4,2017-09-13,2017-06-30,12177000.0,178701000.0,14634000.0,0.11,101739000.0,0.5693252975640875,483346000.0,106707000.0,324967000.0,255822000.0,376639000.0,45880000.0,-800257000.0,1018810000.0000001,981062000.0000001,0.9656742081447964,1.2702855891987397,0.1917922151005698,0.8687527528653228,0.06736764205698627,0.9656742081447964,0.11411622480249656,5.701199209853331,20.916687197175,9.547733513265296,0.0,1.6774629468177855,0.0,0.369716517774017,0.9820109294744002,0.025193132869621347,80.03849477570903,0.5693252975640875,3.1999999999999997,0.32896439997450766,0.7378370315899551,-0.49369299171495323,0.23851435249433936,3.1729122055674517,5.508317929759705,1.6566252896878244,0.007158169990326037,-0.4040453207647934,Communication Equipment,Technology,EXTR
2017Q3,2017,Q3,2017-05-04,2017-03-31,-5604000.0,148664000.0,-3246000.0,-0.05,82146000.0,0.5525614809234246,456581000.0,87786000.0,292272000.0,245216000.0,368795000.0,47689000.0,-812434000.0,820189630.0,797833630.0,0.803805407781125,1.191896124233329,0.20790177427444417,1.0813113708336182,-0.022433499511843487,0.803805407781125,-0.06383705830086801,5.517069566270247,-36.589473144182726,9.34305732121295,0.0,1.3948289962045755,0.0,0.325602686051325,0.8940689025185958,-0.012273835310711571,38.14303260010231,0.5525614809234246,0.375,-3.026089479152463,0.7376980466634382,-0.5648396510596849,0.09013456485388964,0.3492045058645918,0.5590872045639772,0.8032745013685763,-0.07752434133956797,-0.5335134639378212,Communication Equipment,Technology,EXTR
2017Q2,2017,Q2,2017-02-02,2016-12-31,-8611000.0,148111000.0,-7362000.0,-0.08,75354000.0,0.5087670733436409,449997000.0,85820000.0,283805000.0,237899000.0,364177000.0,47394000.0,-806830000.0,540347750.0,533708750.0,0.7988829415871538,1.1929642411275374,0.21588366144663187,1.1319855511535772,-0.04661985668205604,0.7988829415871538,-0.1003379165695642,3.648262114225142,-15.687717744745095,6.296291656956421,0.0,1.535152128961472,0.0,0.32913774980722094,0.9315087495113472,-0.019135683126776402,80.80570509944668,0.5087670733436409,-0.3333333333333334,-2.8199455398891837,0.5524711799156551,-0.558635871227768,0.15492137449039023,-0.32906312702577556,-0.5469636478251734,0.5225604950293806,-0.1044119729939687,-0.5874765410500267,Communication Equipment,Technology,EXTR
2017Q1,2017,Q1,2016-11-02,2016-09-30,-6479000.0,122642000.0,-4759000.0,-0.06,65246000.0,0.5320037181389736,363109000.0,90735000.0,225413000.0,204356000.0,272374000.0,43395000.0,-798219000.0,475737950.0,425362950.0,0.8563541125949695,1.103040771986142,0.14290474761022173,0.5718851600815562,-0.038798677247512126,0.8563541125949695,-0.07140574199592219,3.8790785375320036,-18.356920435252356,5.243158097757205,0.0,1.3226408572416177,0.0,0.33775532966684935,0.8343821566286285,-0.01784312699492439,59.92416551202922,0.5320037181389736,-1.9999999999999996,-4.58347024698175,0.3610434388974838,-0.5158292144807676,-0.10222222222222223,-1.7688034188034187,-8.914583333333333,-163.33599115527483,0.43416348232599583,-0.5826794364312757,Communication Equipment,Technology,EXTR
2016Q4,2016,Q4,2016-09-06,2016-06-30,-2340000.0,139617000.0,-480000.0,-0.02,72675000.0,0.5205311674079804,374849000.0,90197000.0,228968000.0,211773000.0,284652000.0,40989000.0,-791740000.0,355397430.0,316775430.0,0.8603546457834543,1.081195430956732,0.14805961867311904,0.6153197999933478,-0.007939392184252258,0.8603546457834543,-0.02594321318890872,2.5455168783171103,-37.9698108974359,3.9402355954189163,0.0,1.6331698748444705,0.0,0.3724619780231507,0.828911145424582,-0.006242513652163938,39.82936568418693,0.5205311674079804,0.7999999999999999,0.011786471963945326,0.37090703830186056,-0.507106820986377,0.15872130102040816,0.7830118694362018,0.946133991695657,-1.6562285156430683,0.5688849975090274,-0.5741962053110844,Communication Equipment,Technology,EXTR
2016Q3,2016,Q3,2016-04-29,2016-03-31,-10784000.0,124886000.0,-8911000.0,-0.1,62720000.0,0.5022180228368271,368991000.0,90285000.0,214046000.0,201404000.0,278706000.0,52755000.0,-789400000.0,323763440.0,294179440.0,0.8672577422577422,1.062769359099124,0.15921797550617767,0.6507171733953592,-0.06501206291766945,0.8672577422577422,-0.11944398294290302,2.59247185433115,-7.505643545994065,3.5860158387329015,0.0,1.1783906738697754,0.0,0.33845269938833195,0.7497567079104686,-0.029225645069933956,90.99590781337831,0.5022180228368271,-0.4285714285714285,-0.38670482475369305,0.45126710383288327,-0.5072146037980039,-0.10750622554251156,-0.49073818081282833,-0.6615700167816521,-3.3380342457265533,0.6352205978355969,-0.5628089112291019,Communication Equipment,Technology,EXTR
2016Q2,2016,Q2,2016-02-02,2015-12-31,-7234000.0,139305000.0,-5363000.0,-0.07,70275000.0,0.5044686120383332,392787000.0,95136000.0,226206000.0,216764000.0,297651000.0,56601000.0,-778616000.0,417665520.0,393800520.0,0.9293438443278726,1.0435588935432083,0.15784636456909215,0.651698620921628,-0.04093749640704238,0.9293438443278726,-0.07603851328624285,2.9982091095079144,-14.434113906552392,4.390194248234107,0.0,1.219589759898235,0.0,0.3546578680047965,0.7334013027993578,-0.01841710647246472,62.6654943735934,0.5044686120383332,0.3636363636363636,-1.7192269979160646,0.4526776993717289,-0.4879226951747504,0.07919469271169262,0.37237549887211524,0.5032419414598,-0.5877319324693958,0.7021366810297278,-0.5336155520061374,Communication Equipment,Technology,EXTR
2016Q1,2016,Q1,2015-11-02,2015-09-30,-11526000.0,124581000.0,-10796000.0,-0.11,65118000.0,0.5226960772509451,393487000.0,98371000.0,215240000.0,208619000.0,295116000.0,61679000.0,-771382000.0,339309600.0,322534600.0,0.974114967569441,1.0317372818391422,0.16582504631665088,0.6633052423986744,-0.07155679867937552,0.974114967569441,-0.11716867776072216,2.72360632841284,-7.359656428943259,3.4492848502099194,0.0,0.964072050454774,0.0,0.31660766429386483,0.6823683365369405,-0.029291946112578054,57.578415068725604,0.5226960772509451,0.3125,-4.80052730603555,0.32883485338346286,-0.4351284136238466,-0.14682144541690687,0.2639846743295019,0.19732342007434944,-1.837243042213063,0.535254713499682,-0.5311781606047686,Communication Equipment,Technology,EXTR
2015Q4,2015,Q4,2015-09-14,2015-06-30,-15660000.0,149868000.0,-13450000.0,-0.16,76324000.0,0.5092748285157606,428660000.0,104235000.0,237994000.0,235430000.0,324425000.0,58014000.0,-759856000.0,269607940.0,260257940.0,1.0399996009019616,1.01089071061462,0.15600942471889143,0.6415791240945939,-0.08601390581625347,1.0399996009019616,-0.1502374442365808,1.7989693597032055,-4.304085887611749,2.5865394541180984,0.0,1.26769400489537,0.0,0.3496197452526478,0.7176740432400289,-0.03653244996034153,119.08477915194347,0.5092748285157606,0.3333333333333333,-5.1259800915581435,0.5766531218573244,-0.3719362978567194,0.3222229921696348,0.33497536945812806,0.3674457978648356,-2.884285381874352,0.6068408206871965,-0.45472387881010823,Communication Equipment,Technology,EXTR
2015Q3,2015,Q3,2015-05-07,2015-03-31,-23548000.0,119590000.0,-21263000.0,-0.24,57724000.0,0.48268249853666695,431378000.0,115759000.0,231977000.0,223222000.0,315619000.0,66811000.0,-744196000.0,315314280.0,309747280.0,1.160107433129892,1.0392210445207013,0.15879344797370287,0.5917466460491193,-0.12116541479984132,1.160107433129892,-0.20342262804619943,2.636627477213814,-3.3475696449804655,2.7238856589984364,0.0,0.9259852419511757,0.0,0.2772278604843084,0.6912401107417727,-0.05458785566255117,-32.55025085165686,0.48268249853666695,-0.846153846153846,-6.742388905579078,0.37094127375322056,-0.2818982756402715,-0.23200553471168942,-0.7968714231209462,-0.9186969861035914,-10.318205886199697,0.5299637638711443,-0.3719465550715451,Communication Equipment,Technology,EXTR
2015Q2,2015,Q2,2015-01-30,2014-12-31,-13105000.0,147208000.0,-11082000.0,-0.13,75162000.0,0.510583663931308,475311000.0,134116000.0,270083000.0,225579000.0,341195000.0,54431000.0,-720648000.0,348329810.0,348482810.0,1.3591414412679752,1.1972878681082901,0.1875088100212282,0.6645366697485758,-0.055248475149118355,1.3591414412679752,-0.09771391929374572,2.3662423917178415,-6.644979206409768,2.59722784753497,0.0,1.3236207308335324,0.0,0.3097088011849084,0.8990730520128204,-0.02757142165866138,9.053171067678553,0.510583663931308,0.35000000000000003,-7.576984711504045,0.6733592785474484,-0.13005765690754195,0.06571951167637925,0.32203828246249355,0.35562274683102685,-4.01530503738554,0.6797980380467396,-0.24910616202207087,Communication Equipment,Technology,EXTR
2015Q1,2015,Q1,2014-10-29,2014-09-30,-19330000.0,136274000.0,-17198000.0,-0.2,70527000.0,0.5175381951069169,489050000.0,143110000.0,274338000.0,224708000.0,345940000.0,55341000.0,-707543000.0,466134060.0,512817060.0,1.4706003247220338,1.2208644107018887,0.2469072691953788,0.8437565509048983,-0.06876435310151517,1.4706003247220338,-0.13507092446369925,3.4205648913218956,-6.028635023279876,3.2571732233945916,0.0,1.188034188034188,0.0,0.27865044473980166,0.9098118447051284,-0.03952561087823331,-332.00431623931627,0.5175381951069169,-0.1764705882352941,-2.219146295022427,0.8762401113715634,-0.05571945585291016,-0.14947782253201805,-0.19093093463126118,-0.27980354219377884,-12.640558256422597,0.6466143561273439,-0.168542891388821,Communication Equipment,Technology,EXTR
2014Q4,2014,Q4,2014-09-15,2014-06-30,-16231000.0,155293000.0,-13438000.0,-0.17,82922000.0,0.5339712672174535,526432000.0,156712000.0,302856000.0,246308000.0,369720000.0,57109000.0,-688213000.0,429405720.00000006,477778720.00000006,1.6203819548561207,1.2295824739756727,0.2309187131481369,0.7757095819082138,-0.05479591983369902,1.6203819548561207,-0.10357215784368778,2.7651324914838407,-6.613975109358635,2.740094696002859,0.0,1.2672433416799453,0.0,0.2949915658622576,0.9360069506471572,-0.030832092274025894,-329.80470046082957,0.5339712672174535,0.34615384615384615,-17.83960023904286,0.7522292282212936,0.01567295170474109,0.17030555359537083,0.3522627504190279,0.42557920834401985,-6.430361522288907,0.6529180174321687,-0.0716907070129735,Communication Equipment,Technology,EXTR
2014Q3,2014,Q3,2014-05-07,2014-03-31,-25058000.0,141762000.0,-23394000.0,-0.26,70855000.0,0.4998165940096782,507794000.0,165537000.0,280782000.0,220584000.0,342257000.0,63142000.0,-671982000.0,557200200.0,608220200.0,1.7231052680885612,1.272902839734523,0.2409933949593733,0.7392607090861861,-0.08431599256951837,1.7231052680885612,-0.15137401306052423,3.9305328649426503,-5.559104876686089,3.3660160568332156,0.0,1.1229767824902601,0.0,0.27917226276797286,0.9077811627316578,-0.04934678235662493,-18.22702649656526,0.4998165940096782,-0.5294117647058822,-9.62934950348738,0.6925881229881385,0.10489602320815611,0.014460591309327798,-0.5674965594895534,-0.6986639558524542,-2.4916821200308252,0.7851617540888405,-0.020912618177104426,Communication Equipment,Technology,EXTR
2014Q2,2014,Q2,2014-02-06,2013-12-31,-15986000.0,146583000.0,-13772000.0,-0.17,69845000.0,0.47648772367873493,517455000.0,184393000.0,285425000.0,209689000.0,333062000.0,62935000.0,-646925000.0,664607680.0,695491680.0,1.9365757855822552,1.3611825131504276,0.19168430105033288,0.5379162983410433,-0.05154729551692835,1.9365757855822552,-0.08669526500463684,4.534002442302313,-10.393589390716878,3.6042999463103262,0.0,1.21932152220545,0.0,0.28327680667884164,0.9840954938027269,-0.03089350764800804,-69.60700460829493,0.47648772367873493,-455.98924731182797,-7.013268768135229,0.5531065655774653,0.22270486174838455,0.598027775871142,-455.74285714285713,-38.02150537634409,-2.708778666911671,0.6434053585303341,0.06707169248859632,Communication Equipment,Technology,EXTR
2014Q1,2014,Q1,2013-11-04,2013-09-30,-35000.0,75916000.0,372000.0,-0.000372,43707000.0,0.5757284366931872,318970000.0,193018000.0,281241000.0,111214000.0,125952000.0,30389000.0,-630938000.0,491003640.0,387995640.0,2.0520295124492356,2.528827305914723,0.0,0.0,-0.00017207869584331866,2.0520295124492356,-0.00018133023863059405,6.467722746193161,-3507.168857142857,2.543823063134008,0.0,1.0598900918095364,0.0,0.23800357400382482,2.1466002481701945,-0.0001097281876038499,-62.286393505010786,0.5757284366931872,-1.0124,-1.0252731737737557,0.0035865426106509763,0.7268630715076257,-0.0060943718021603185,-1.0109924623115578,-0.873598369011213,-1.0123901324043534,-0.13064896377381413,0.18993466333865164,Communication Equipment,Technology,EXTR
2013Q4,2013,Q4,2013-08-30,2013-06-30,3184000.0,79462000.0,2943000.0,0.03,43975000.0,0.5534091767133976,311424000.0,189145000.0,208781000.0,112502000.0,122279000.0,16167000.0,-630903000.0,328574610.0,232771610.0,2.0205424576171604,1.8557981191445485,0.0,0.0,0.014277066456265388,2.0205424576171604,0.01683364614449232,4.134990435679947,25.798885835427132,1.737157260302942,0.0,2.1950269066617185,0.0,0.255156956432388,1.6575616433485627,0.01022400328812166,19.759132238859824,0.5534091767133976,2.5,4.119587878909984,0.0032930098928652205,0.011777575801813529,0.15915860505575033,2.4342342342342342,2.547318611987382,-0.1018229726536756,-0.10496452588354047,0.2202210223620508,Communication Equipment,Technology,EXTR
2013Q3,2013,Q3,2013-05-01,2013-03-31,-2220000.0,68203000.0,-1902000.0,-0.02,37937000.0,0.5562365291849332,278433000.0,184421000.0,185176000.0,84604000.0,94012000.0,15658000.0,-634087000.0,301216320.0,223624320.0,1.9837040702177093,2.1887381211290244,0.0,0.0,-0.012642549541181809,1.9837040702177093,-0.01203767466828615,4.416467310822105,-33.92075675675676,1.6333081373596283,0.0,1.9329416272831779,0.0,0.24495300485215474,1.9330055316533497,-0.007973192832746119,-121.94992712550608,0.5562365291849332,0.5,-16.257038712245073,0.03410359540291299,-0.01679561264336754,-0.06877930238837478,0.47218259629101283,0.49414893617021277,-1.581051488436144,-0.16082887357883027,0.22790465155415843,Communication Equipment,Technology,EXTR
2013Q2,2013,Q2,2013-01-31,2012-12-31,-4206000.0,75551000.0,-3760000.0,-0.04,40739000.0,0.5392251591640084,285403000.0,188308000.0,191107000.0,88125000.0,97095000.0,17866000.0,-631867000.0,343983640.0,254217640.0,1.9926561623686523,2.1685900709219856,0.0,0.0,-0.02210063468248547,1.9926561623686523,-0.022335747817405528,4.552999166126193,-20.446008083689968,1.8267075217197357,0.0,1.9485055412515393,0.0,0.2647169090724344,1.9013106382978724,-0.014737056022536554,-444.42330749354005,0.5392251591640084,-1.2857142857142858,-2.2324564862402467,-0.010443692352618576,-0.009002004949882125,0.019111944965603502,-1.3256678281068526,-1.277040966696139,-1.874394758947534,-0.10323730345892439,0.27543456349281165,Communication Equipment,Technology,EXTR
2013Q1,2013,Q1,2012-11-01,2012-09-30,12915000.0,76127000.0,13572000.0,0.14,39975000.0,0.525109356732828,289913000.0,196846000.0,201271000.0,84893000.0,93067000.0,22754000.0,-627661000.0,312635400.0,215923400.0,2.077793493635078,2.370878635458754,0.0,0.0,0.06599869295444963,2.077793493635078,0.06560966440770959,4.106761070316708,6.051788617886179,1.588223281143635,0.0,1.5888195482113034,0.0,0.2625856722534002,2.0289658746893147,0.044547847112754516,56.94633879781421,0.525109356732828,0.7500000000000001,3.2740911137097664,0.02884260657040045,0.05877953786520787,-0.18137696592398428,0.6536491677336748,1.5105438401775804,3.2092984215790223,0.07662693331207703,0.3341626122419538,Communication Equipment,Technology,EXTR
2012Q4,2012,Q4,2012-08-23,2012-06-30,7810000.0,87648000.0,5406000.0,0.08,48832000.0,0.5571376414749909,284590000.0,179640000.0,169109000.0,96748000.0,104950000.0,26609000.0,-640576000.0,323999840.0,269403840.0,1.9072898307604103,1.7479327738041097,0.0,0.0,0.030264021905945987,1.9072898307604103,0.04347584057002895,3.6966027747353047,10.371313700384123,1.8036063237586284,0.0,1.4587545567289264,0.0,0.30797990091008115,1.231239922272295,0.027442988158403316,49.16537784522003,0.5571376414749909,1.6666666666666667,2.866791289991716,0.21372646006686,0.0020493688259109965,0.18492635461405935,2.2925801011804383,1.0323308270676692,7.32024348086433,0.015499123806978227,0.19550991441204435,Communication Equipment,Technology,EXTR
2012Q3,2012,Q3,2012-05-04,2012-04-01,2372000.0,73368000.0,2660000.0,0.03,41211000.0,0.561702649656526,278566000.0,173002000.0,167662000.0,96799000.0,105564000.0,23269000.0,-648386000.0,360587150.0,307264150.0,1.8471476313007826,1.732063347761857,0.0,0.0,0.0126590740177634,1.8471476313007826,0.013710824152321938,4.914774152218951,38.00454784991569,2.084294690234795,0.0,1.3819674244703253,0.0,0.26337744017575726,1.2542588249878615,0.008515037728940359,-1554.2549568965517,0.561702649656526,-0.25000000000000006,2.2173695341991135,0.04532571347261907,-0.04683298563355213,-0.10929800293939657,-0.42244947650353054,-0.34498891898547157,2.0320689696666054,-0.1014714284841929,0.18443493261823463,Communication Equipment,Technology,EXTR
2012Q2,2012,Q2,2012-02-07,2012-01-01,4107000.0,82812000.0,4061000.0,0.04,46268000.0,0.5587112978795343,268246000.0,168780000.0,166465000.0,90805000.0,99466000.0,21392000.0,-650759000.0,272281240.0,222862240.0,1.8100314219224212,1.8332140300644237,0.0,0.0,0.022842845095890078,1.8100314219224212,0.024333451830785637,3.287944259286094,16.574217190163136,1.6132316625192558,0.0,1.7083021690351534,0.0,0.3087166257837955,1.3511811023622047,0.01531057313063382,41.03711228334589,0.5587112978795343,1.0,3.6910601292370555,0.16203736402208954,-0.06859795193570432,0.062752664461595,1.5944409349336703,1.2789001122334456,0.5775043818556149,-0.10404543234663803,0.14280795824186143,Communication Equipment,Technology,EXTR
2012Q1,2012,Q1,2011-11-10,2011-10-02,1583000.0,78894000.0,1782000.0,0.02,43536000.0,0.5518290364286258,256290000.0,164079000.0,134818000.0,82212000.0,92211000.0,23014000.0,-654865000.0,228209280.0,183995280.0,1.768702569851673,1.6398822556317811,0.0,0.0,0.00820637930959999,1.768702569851673,0.009647791612576869,2.892606281846528,36.040631711939355,1.3908500173696816,0.0,1.536369166594247,0.0,0.3078309727262086,1.2745706222935824,0.006176596823910414,-48.637953964194374,0.5518290364286258,1.8798944126704797,1.400550300251208,0.1742226717711983,-0.08572302808655095,-0.10384718305510385,1.7585050311451844,1.9334730225248822,0.15901396565182793,0.05750274358025744,0.48843237089313074,Communication Equipment,Technology,EXTR
2011Q4,2011,Q4,2011-08-30,2011-07-03,-2087000.0,89761000.0,-1909000.0,-0.02273,48581000.0,0.5412261449850158,270973000.0,161286000.0,157414000.0,99853000.0,109687000.0,21583000.0,-656448000.0,299376000.0,249404000.0,1.7455194805194805,1.576457392366779,0.0,0.0,-0.013316429440955919,1.7455194805194805,-0.012939746785213844,3.335256960149731,-35.86200287494011,1.8561809456493437,0.0,1.9079831348746699,0.0,0.33125440542046625,1.2520204700910338,-0.007701874356485701,78.24777835859906,0.5412261449850158,0.6752857142857143,0.38258137479590765,0.3963218769779745,-0.12421380872484057,0.32869294095123486,0.6949276421575793,0.7091712370505789,-4.399689904223583,0.14818241306599922,-0.12593894681253665,Communication Equipment,Technology,EXTR
2011Q3,2011,Q3,2011-05-02,2011-03-27,-6841000.0,75699000.0,-6564000.0,-0.07,36563000.0,0.48300505951201467,267755000.0,161169000.0,158047000.0,99154000.0,106586000.0,18821000.0,-654361000.0,317775660.0,267396660.0,1.7599095852715718,1.593954858099522,0.0,0.0,-0.04310945134520779,1.7599095852715718,-0.04244612797746465,4.197884516308009,-11.61290966233007,1.9716921988719915,0.0,2.0793794166091066,0.0,0.28271740957218355,1.3130282187304596,-0.025549476200257697,118.30813849590469,0.48300505951201467,-1.7,-4.180000339620047,0.1699219386004704,-0.1472549249483414,-0.2379691961401388,-1.7661552245492216,-1.7210809623201142,-52.985263177291486,0.16518006577334554,-0.12771725804842615,Communication Equipment,Technology,EXTR
2011Q2,2011,Q2,2011-02-03,2010-12-26,8929000.0,85131000.0,9103000.0,0.1,47981000.0,0.5636137247301218,279299000.0,164930000.0,169823000.0,107060000.0,114369000.0,24218000.0,-647520000.0,290809600.0,243931600.0,1.8148506789321948,1.586241359985055,0.0,0.0,0.05175042519128283,1.8148506789321948,0.054138119202085735,3.4160247148512295,8.142277970657409,1.7632304614078702,0.0,1.5339829878602693,0.0,0.30480238024482725,1.2826732673267327,0.03196932319843609,61.44297485738432,0.5636137247301218,2.3333333333333335,1.13907218799803,0.24185722281674868,-0.13176646819794538,0.024425133975275955,2.2924041297935105,2.66317907444668,1.7207133829131267,0.15948643661248324,-0.09742914101182731,Communication Equipment,Technology,EXTR
2011Q1,2011,Q1,2010-11-03,2010-09-26,2712000.0,83837000.0,2485000.0,0.03,46837000.0,0.5586674141488841,257436000.0,155730000.0,158159000.0,93809000.0,101706000.0,20496000.0,-656449000.0,280848550.0,236205550.0,1.7244892309395936,1.6859682972849086,0.0,0.0,0.017261934354948508,1.7244892309395936,0.01741475630899634,3.349935589298281,25.88943123156342,1.8034325435047838,0.0,1.805230288836846,0.0,0.32566152364082723,1.414501806862881,0.01053465715750711,-1702.1124242424241,0.5586674141488841,-0.20508744038155813,-0.1512928065853559,0.16630548819642993,-0.16844735469715105,-0.036533437557854896,-0.205158264947245,-0.07552083333333333,-0.05843248618282355,0.18866197493594675,-0.12125342745518064,Communication Equipment,Technology,EXTR
2010Q4,2010,Q4,2010-08-20,2010-06-27,3412000.0,85451000.0,2688000.0,0.03774,48613000.0,0.568899135176885,259945000.0,149195000.0,182081000.0,99452000.0,110750000.0,21842000.0,-659161000.0,265795000.00000003,216791000.00000003,1.6558823529411764,1.8308430197482202,0.0,0.0,0.02019479132844293,1.6558823529411764,0.022869399108549213,3.110496073773274,19.475014654161786,1.7815275310834815,0.0,1.6865671641791045,0.0,0.32872723076035315,1.56774122189599,0.013125853545942411,55.94506419701116,0.568899135176885,-0.05649999999999995,37.269276233272876,0.22731791875775018,-0.170095896688111,0.07221156179007036,-0.07181719260065289,-0.08008213552361396,1.852541083738815,0.23696531224709294,-0.1300347541028205,Communication Equipment,Technology,EXTR
2010Q3,2010,Q3,2010-04-30,2010-03-28,3676000.0,78197000.0,2922000.0,0.04,45339000.0,0.5798048518485364,250362000.0,144505000.0,167214000.0,96752000.0,105857000.0,23638000.0,-662572000.0,267449520.00000003,231364520.00000003,1.6155196315177534,1.7282743509178105,0.017083263434546775,0.029597591778831183,0.020859491757264304,1.6155196315177534,0.025438566139579944,3.4202017980229424,18.188895538628948,1.850797688661292,0.0,1.3900499196209493,0.0,0.3123357378515909,1.4486212171324624,0.014682739393358417,-33.15352919300856,0.5798048518485364,3.0,4.970504144681741,0.15516016720554315,-0.19907917909699452,-0.009459931836056978,3.6656997824510515,2.5667560321715817,2.9754322017850923,0.1665783893699776,-0.1663579035424614,Communication Equipment,Technology,EXTR
2010Q2,2010,Q2,2010-02-03,2009-12-27,-1379000.0,79397000.0,-1865000.0,-0.02,45772000.0,0.5764953335768354,254957000.0,139140000.0,169108000.0,106033000.0,115817000.0,16645000.0,-666249000.0,260052280.0,215920280.0,1.5623350812382801,1.5948619769317098,0.024188392552469632,0.04432226534425758,-0.010779122638299672,1.5623350812382801,-0.009910881126922524,3.2753413856946736,-47.14508339376359,1.8689972689377605,0.0,2.020126164013217,0.0,0.31141329714422433,1.410504276970377,-0.005408755201857568,56.39823899371069,0.5764953335768354,0.6666666666666666,-1.1883646756446986,0.07586333384527921,-0.23391467327022925,0.2448191460429698,0.7484494709959869,0.6392649903288201,0.053937084356425816,0.166508656715804,-0.19605699834618626,Communication Equipment,Technology,EXTR
2010Q1,2010,Q1,2009-10-30,2009-09-27,-5482000.0,66309000.0,-5170000.0,-0.06,36770000.0,0.5545250267686136,253466000.0,138362000.0,159016000.0,104320000.0,115104000.0,16151000.0,-664869000.0,264752140.0,225491140.0,1.5573764956158618,1.5243098159509203,0.0,0.0,-0.0405943411420213,1.5573764956158618,-0.039620705106893514,3.9927029513339063,-12.073702116016053,1.9134743643485927,0.0,1.8289270014240604,0.0,0.2616090521016626,1.3283263036809816,-0.021628147364932574,91.23092350103377,0.5545250267686136,-6.911330049261084,-2.80411210724279,-0.053088014531979685,-0.20468163704777564,-0.20042620740644096,-7.201357466063349,-4.209186840471757,-0.44840547070237063,0.030514110059850323,-0.19496161151602898,Communication Equipment,Technology,EXTR
2009Q4,2009,Q4,2009-08-28,2009-06-28,884000.0,81283000.0,1611000.0,0.01015,45987000.0,0.5657640589053061,246637000.0,141510000.0,116441000.0,93027000.0,105127000.0,12380000.0,-659388000.0,172965000.0,126770000.0,1.5953776775648252,1.2516903694626291,0.0,0.0,0.006993585368257554,1.5953776775648252,0.00624690834569995,2.1279357307186006,48.91544117647059,1.2222811108755565,0.0,2.8510500807754444,0.0,0.32956531258489197,1.069033721392714,0.003584214858273495,28.952962838968865,0.5657640589053061,1.5075,-0.4760225632726249,0.22803295296521905,-0.14170212678601524,0.03532351749290828,1.4068108605614358,1.5628930817610063,1.2724318588765835,0.31718245045739774,-0.19954503202445675,Communication Equipment,Technology,EXTR
2009Q3,2009,Q3,2009-05-06,2009-03-29,-2173000.0,77202000.0,-2862000.0,-0.02,44418000.0,0.5753477889173856,248857000.0,138100000.0,114557000.0,97569000.0,110757000.0,22752000.0,-660271000.0,139028210.0,100433210.0,1.5595180287511434,1.1741126792321332,0.0,0.0,-0.024990842100779485,1.5595180287511434,-0.015734974656046345,1.8008368954172171,-15.994962034054304,1.0067212889210717,0.0,1.4409282700421941,0.0,0.310226354894578,0.8885301683936496,-0.008731922348979534,-6.145436502674269,0.5753477889173856,-1.6666666666666667,-1.6365422009303734,0.16569236503145116,-0.1909762366794175,-0.08775749111745497,-1.881184103811841,-2.811392405063291,-2.044612403035605,0.23390910741589108,-0.24435247719467593,Communication Equipment,Technology,EXTR
2009Q2,2009,Q2,2009-02-05,2008-12-28,2466000.0,87548000.0,1580000.0,0.03,48691000.0,0.5561634760360031,273265000.0,139890000.0,117376000.0,118785000.0,133375000.0,22275000.0,-658098000.0,181062149.99999997,146744149.99999997,1.583845657416528,0.9881382329418698,0.0,0.0,0.008706613160597246,1.583845657416528,0.01762813639288012,2.068147187828391,18.355854622871046,1.2943180355993993,0.0,1.744421997755331,0.0,0.3203776553894571,0.7559119417434861,0.009024207271330027,-50.44919197548063,0.5561634760360031,1.9999999999999996,1.586021386999617,0.3977174828113401,-0.1800498082595683,-0.05329366931093483,0.5045759609517999,1.975517890772128,-0.3921440962020036,0.3140597430594339,-0.2422804118644096,Communication Equipment,Technology,EXTR
2009Q1,2009,Q1,2008-11-07,2008-09-28,1639000.0,89526000.0,531000.0,0.01,51432000.0,0.5744923262515917,273471000.0,132285000.0,132760000.0,124976000.0,141186000.0,16338000.0,-660564000.0,286100110.0,240641110.0,1.1882989139710571,1.0622839585200359,0.0,0.0,0.002683134275377184,1.1882989139710571,0.012389915712287864,3.1957209078926794,43.639431055521655,2.162755490040443,0.0,2.3316195372750643,0.0,0.3273692640170256,0.8909310587632826,0.0059933228751860345,15.839014006532691,0.5744923262515917,0.45348837209302334,-0.3434026584725491,0.07343001299584487,-0.31896736067238707,-0.0836985569214324,1.1230569948186528,3.23109243697479,-0.5839226765474849,0.010305381419622497,-0.42699955001473244,Communication Equipment,Technology,EXTR
2008Q4,2008,Q4,2008-09-09,2008-06-29,772000.0,98313000.0,-238000.0,0.00688,56130000.0,0.5709316163681304,365761000.0,232054000.0,196559000.0,116463000.0,133707000.0,13942000.0,-662203000.0,330008000.0,259638000.0,1.9970223752151464,1.6877377364484858,0.0,0.0,-0.0005158183865380766,1.9970223752151464,0.0033268118627560826,3.356707658193728,106.86787564766838,1.4221172658088201,0.0,3.0256060823411275,0.0,0.268790275617138,1.525883757073062,0.0021106678951555795,-131.58213716108452,0.5709316163681304,5.971098265895954,1.0046484452277595,0.11965901005034289,0.1577128699618775,0.19164384434112477,5.825,0.8973252804141502,5.7139358829044395,0.09488759960987848,0.0008785108754523184,Communication Equipment,Technology,EXTR
2008Q3,2008,Q3,2008-05-12,2008-03-30,-160000.0,82030000.0,-2318000.0,-0.001384,47103000.0,0.5742167499695233,345402000.0,233292000.0,177935000.0,94676000.0,112110000.0,19588000.0,-662975000.0,358449900.0,286563900.0,2.0175907428067354,1.8794097765009083,0.0,0.0,0.008152652975450156,2.0175907428067354,-0.0006858357766232876,4.369741557966598,-560.0779687500001,1.5364860346689984,0.0,1.7830814784561977,0.0,0.23749138684778895,1.5590751616037855,-0.00046322835420756106,94.6277455121436,0.5742167499695233,-1.0346000000000002,0.9790588467239245,-0.0384190943356106,-0.3670519529325404,-0.11092865232163081,-1.0386847195357833,-2.061355311355311,0.866311516038254,-0.06259192694030956,0.0002542850296012111,Communication Equipment,Technology,EXTR
2008Q2,2008,Q2,2008-02-13,2007-12-30,4136000.0,92530000.0,2184000.0,0.04,52980000.0,0.5725710580352318,349810000.0,230292000.0,225645000.0,100287000.0,119518000.0,22287000.0,-662815000.0,405436200.0,359394200.0,2.010757006897756,2.2499925214634002,0.0,0.0,0.008216216943089922,2.010757006897756,0.01795980754867733,4.3816729709283475,24.50654013539652,1.7605309780626335,0.0,1.7745771077309642,0.0,0.26451502244075353,1.8911623640152762,0.011823561361882165,919.356462585034,0.5725710580352318,0.3333333333333334,1.2100631542511642,0.028237631471482096,-0.3785999543114321,0.07911031448590516,0.13845306908890723,0.41450777202072536,-0.560686772726814,-0.025023541447063504,-0.014032612400574454,Communication Equipment,Technology,EXTR
2008Q1,2008,Q1,2007-11-09,2007-09-30,3633000.0,88962000.0,1544000.0,0.03,49096000.0,0.5518760819226186,342973000.0,223530000.0,227463000.0,99014000.0,119443000.0,25172000.0,-666955000.0,438530400.0,391644400.0,1.9624420564686051,2.297281192558628,0.0,0.0,0.006188331545519639,1.9624420564686051,0.016252851966179035,4.929412558170904,30.176878612716767,1.961841363575359,0.0,1.583743842364532,0.0,0.2593848495362609,1.9728321247500353,0.010592670560073241,64.85217391304347,0.5518760819226186,1.6816632583503748,1.771392509955986,-0.11140600501477811,0.0,0.029201517724252144,1.7199762187871581,1.2312415755578854,-0.06744570369639545,-0.009108934135956608,0.0021765502002169717,Communication Equipment,Technology,EXTR
2007Q4,2007,Q4,2007-08-30,2007-07-01,-5046000.0,87099000.0,-6677000.0,-0.04401,47703000.0,0.5476871146626253,341897000.0,216225000.0,225956000.0,104281000.0,125672000.0,25261000.0,-670585000.0,480528000.00000006,408955000.00000006,1.9033890845070423,2.166799321065199,0.0,0.0,-0.0349371808451896,1.9033890845070423,-0.02333680194242109,5.517032342506803,-23.80737217598098,2.222351716961499,0.0,1.5595582122639642,0.0,0.25475216220089675,1.785924569192854,-0.014758830875965568,406.88230313293826,0.5476871146626253,-1.2005,-3.015150314179832,-0.23220578295314226,0.0,-0.0034053399072410478,-1.135421074904782,-0.595078834209269,-3.335354720918101,0.02746906224123966,0.024005052913075225,Communication Equipment,Technology,EXTR
2007Q3,2007,Q3,2007-06-28,2007-04-01,-2363000.0,85119000.0,-4186000.0,-0.02,47866000.0,0.5623421327788155,341749000.0,220117000.0,244809000.0,98750000.0,121632000.0,22246000.0,-665540000.0,478192850.0,393643850.0,1.937905533301052,2.479078481012658,0.0,0.0,-0.02072765076110898,1.937905533301052,-0.010735199916408093,5.617933128913639,-50.59171074904781,2.172448516016482,0.0,1.674593185291738,0.0,0.2490687609912538,2.1227037974683545,-0.006914431351664526,46.03762876672764,0.5623421327788155,0.0,0.9831423998469875,-0.23612292877317817,0.0,0.029907909458645323,-0.27043010752688174,-0.19123505976095617,-1.2352238300319343,0.0019918979119497595,0.00531805250529586,Communication Equipment,Technology,EXTR
2007Q2,2007,Q2,2007-06-28,2006-12-31,-1860000.0,86853000.0,-3514000.0,-0.02,46476000.0,0.5351110497046734,338276000.0,220849000.0,242039000.0,93276000.0,117427000.0,23202000.0,-663175000.0,,,,,,,,,,,,,,,,,,,,,,,,,,,,,,,Communication Equipment,Technology,EXTR
2007Q1,2007,Q1,2007-06-28,2006-10-01,-4927000.0,83763000.0,-7205000.0,-0.04,43151000.0,0.515155856404379,550683000.0,223735000.0,449917000.0,305330000.0,326948000.0,24077000.0,-661315000.0,,,,,,,,,,,,,,,,,,,,,,,,,,,,,,,Communication Equipment,Technology,EXTR
