Quarters,Year,Quarter,FillingDate,Date,NetIncome,Revenue,OperatingIncome,EPSDiluted,GrossProfit,GrossProfitRatio,TotalAssets,CommonStockEquity,CurrentAssets,CurrentLiability,TotalLiability,Inventory,RetainedEarnings,MarketCap,EnterpriseValue,bookValuePerShare,currentRatio,debtToAssets,debtToEquity,roic,shareholdersEquityPerShare,roe,priceToSalesRatio,peRatio,pbRatio,payoutRatio,inventoryTurnover,dividendYield,assetTurnover,quickRatio,returnOnAssets,priceToFreeCashFlowsRatio,grossProfitMargin,epsdilutedGrowth,fiveYNetIncomeGrowthPerShare,fiveYRevenueGrowthPerShare,fiveYShareholdersEquityGrowthPerShare,grossProfitGrowth,netIncomeGrowth,operatingIncomeGrowth,threeYNetIncomeGrowthPerShare,threeYRevenueGrowthPerShare,threeYShareholdersEquityGrowthPerShare,Industry,Sector,Symbol
2023Q1,2023,Q1,2023-05-15,2023-03-31,-2301398.0,859004.0,-1946804.0,-2.79,411373.0,0.4788953253,3194361.0,966311.0,2794040.0,1946593.0,2228050.0,15464.0,-16720804.0,2544557.4,2673684.4,1.1696485526323752,1.4353488376871797,0.11862935967475186,0.3921563554590603,-1.4176903778300265,1.1696485526323752,-2.3816328283544324,2.962218336585161,-0.2764143142559436,2.633269620236135,0.0,28.946650284531817,0.0,0.2689126244654252,1.3614124781091888,-0.7204564543581643,-2.0341894403607017,0.47889532528370066,-7.205882352941177,-104.44384854005885,54.629961674716846,24.964746511439397,-0.2649577689271503,-1.0384122443014485,-0.6814610405033663,-517.6166557175399,18.888366104864097,3.907346439704285,Software—Application,Technology,BLBX
2022Q4,2022,Q4,2023-04-14,2022-12-31,-1129015.0,1068158.0,-1157805.0,-0.34,559659.0,0.523947768,4335781.0,2177653.0,3907055.0,1852875.0,2158128.0,15464.0,-14820436.0,3955870.8,3934280.8,0.6605836570800038,2.108644673817716,0.09317537025048082,0.18551532314836203,-0.38865640978120186,0.6605836570800038,-0.5184549604551322,3.703450987587978,-0.8759562096163469,1.8165753680682826,0.0,32.882759958613555,0.0,0.24635884515384887,1.997690615934696,-0.26039484005303776,-4.980423626813582,0.5239477680268275,0.20930232558139528,-4.227519504566116,11.305898007810866,30.50548888581272,-0.22928862687097454,0.20412482033127424,0.03379451406616535,-0.4886946323479235,7.996160964229867,2.5717328670389556,Software—Application,Technology,BLBX
2022Q3,2022,Q3,2022-11-14,2022-09-30,-1418583.0,1219150.0,-1198301.0,-0.43,726159.0,0.5956272813,5956920.0,3250552.0,5506242.0,2376920.0,2706368.0,15375.0,-13667538.0,9758704.0056,10437985.0056,0.9860873057813734,2.3165449405112497,0.22206257596207435,0.4069490351177277,-0.26366571774252084,0.9860873057813734,-0.4364129538613749,8.004514625435755,-1.7197978556066158,3.002168248838966,0.0,32.06445528455284,0.0,0.20466113360595745,2.274372296922067,-0.23814034769646059,-6.560120467873997,0.5956272813025468,0.02272727272727275,-14.403741416271407,6.413137010994717,34.01959566057103,-0.19305624699962662,0.030646452995424456,-0.02527024228973122,-5.599275160462643,8.719932071994167,6.194804304117866,Software—Application,Technology,BLBX
2022Q2,2022,Q2,2022-08-15,2022-06-30,-1463432.0,1399315.0,-1168766.0,-0.44,899888.0,0.6430917985,7647221.0,4561671.0,7209621.0,2731496.0,3085550.0,15375.0,-12359096.0,19514770.88,20540569.88,1.3838283055465728,2.6394404384996353,0.17796072586368303,0.29833475496150424,-0.2065868347909293,1.3838283055465728,-0.32081051000828426,13.945945609101596,-3.3337337983589257,4.277987360333527,0.0,32.483056910569104,0.0,0.1829834654968125,2.5961637871701075,-0.19136781845326556,-15.294570602729934,0.643091798487117,0.0,-8.70251662273834,15.60378117562819,25.430297876231137,0.2994322218435751,0.00020495555197262886,-0.14455410251538944,-6.782193358748468,11.893598431374976,9.639371545552235,Software—Application,Technology,BLBX
2022Q1,2022,Q1,2022-05-16,2022-03-31,-1463732.0,1272486.0,-1021154.0,-0.44,692524.0,0.5442291703,9122128.0,5837428.0,8694489.0,2906891.0,3284700.0,14062.0,-11042997.0,35327277.6,36075227.6,1.771357217743832,2.9909924383129605,0.15341464184672698,0.2397405158573262,-0.1578792141625735,1.771357217743832,-0.25074947391214075,27.762409645371346,-6.033768066831907,6.0518566738639015,0.0,41.24320864741858,0.0,0.13949442498504735,2.9532706936723807,-0.1604594892770634,-44.5383409733884,0.5442291703012843,-1.4444444444444446,-16.83931048363532,22.3090370925847,17.054192105806575,-0.3653055501075048,0.15185305365627536,0.4975026548132576,-15.383642902825878,12.120054737489898,11.129083557532034,Software—Application,Technology,BLBX
2021Q4,2021,Q4,2022-03-31,2021-12-31,-1725800.0,1687236.0,-2032158.0,-0.18,1091114.0,0.6466872447,11150114.0,7817450.0,10701971.0,2928676.0,403988.0,13567.0,-9800554.0,138767042.4,137682219.4,0.8044646918265659,3.6542010792590234,0.12032827646425857,0.17162553006415135,-0.20378493296023326,0.8044646918265659,-0.22076252486424602,82.24518822500231,-20.101842971375593,17.750934435141893,0.0,43.9391169750129,0.0,0.15132006722083738,3.5719089445196395,-0.1547786865676889,-208.63930116297428,0.6466872447008006,-2.6,-2.9200477395166096,16.803037309658926,5.539748893692136,0.08870469650663082,-2.410833715433143,-3.0730404526495754,-2.8533462134655143,5.3001761374255105,6.396622365686947,Software—Application,Technology,BLBX
2021Q3,2021,Q3,2021-11-15,2021-09-30,-505976.0,1471814.0,-498929.0,-0.05,1002213.0,0.6809372651707349,1077870.0,-1721521.0,611973.0,1515324.0,1284067.0,23457.0,-7921575.0,291527400.0,292511251.0,-0.17715532056335012,0.4038562050096217,1.3028018221121285,-0.8157036713464431,1.5725691051785546,-0.17715532056335012,0.2939121857938416,198.07353374815025,-144.04210871661897,-169.3429240770226,0.0,20.019652982052264,0.0,1.3654837781921754,0.2884518426422336,-0.4694221009954818,30990.475178058892,0.6809372651707349,-0.6666666666666669,-1.187927540101301,51.09995559692011,-7.023556620247331,-0.049159035623342076,-1.079330637472466,-3.2453732460879996,-0.1377990138298184,5.106756617170417,-0.4343437252694766,Software—Application,Technology,BLBX
2021Q2,2021,Q2,2021-08-16,2021-06-30,-243336.0,1463606.0,-117523.0,-0.03,1054028.0,0.7201582939670922,1249245.0,-1649079.0,680530.0,1613282.0,2898324.0,22856.0,-7415599.0,101261086.4,102161756.4,-0.19216791851445117,0.4218295375514014,1.222466369687291,-0.9260684297113723,-0.38107575276104255,-0.19216791851445117,0.14755872823557878,69.18602848034239,-104.03422263865602,-61.404630342148565,0.0,17.919933496674833,0.0,1.1715924418348682,0.407662144621957,-0.19478645101641393,-359.8769138913273,0.7201582939670922,-34.78378378378378,-0.12999449299998939,0.0,-11.894220536691805,-0.0364432353072924,-20.381600955794504,-1.8097662817297357,0.10894434688221662,7.872498506335815,-1.3833291575039004,Software—Application,Technology,BLBX
2021Q1,2021,Q1,2021-05-17,2021-03-31,12555.0,1489668.0,145132.0,0.000888,1093893.0,0.7343199961333666,1526999.0,-1427193.0,1143480.0,1821605.0,2954192.0,18016.0,-7172263.0,95012825.04,95384975.04,-0.16763498899537616,0.6277321373184637,0.9735553199445448,-1.0416376761937594,0.4164858753171023,-0.16763498899537616,-0.008796988213927619,63.781208322928336,1891.932,-66.57321402221004,0.0,21.967972912966253,0.0,0.9755527017371982,0.6178419580534749,0.008222009313693067,473.459098854882,0.7343199961333666,1.0241895941160446,1.0731131900294653,0.0,-17.75970875376664,0.7213622437177508,1.0241973719206412,1.4619316644652036,1.0558199872919811,8.361524154325005,-2.4346471071851816,Software—Application,Technology,BLBX
2020Q4,2020,Q4,2021-03-31,2020-12-31,-518858.0,1043135.0,-314185.0,-0.03671,635481.0,0.6092030274125593,1076506.0,-1757754.0,1008476.0,393018.0,916389.0,17661.0,0.0,102164328.0,102521738.0,-0.20646196586346655,2.565979166348615,1.2356967819965703,-0.7567810967860121,0.8707889303086155,-0.20646196586346655,0.2951823747805438,97.93969908017658,-49.22557231458318,-58.122085343000215,0.0,23.082158428175074,0.0,0.9690006372467965,2.5210422932283,-0.48198337956314224,2047.2992665624624,0.6092030274125593,-2.671,-0.046276153967320294,0.0,-7.842805069562341,-0.21749971678922717,-6.135992298170816,-4.675366150390716,0.06977654995009627,3.65330101666695,-8.221786179293533,Software—Application,Technology,BLBX
2020Q3,2020,Q3,2020-11-16,2020-09-30,-72710.0,1100329.0,85484.0,-0.01,812116.0,0.7380665237397178,398446.0,-1706946.0,200468.0,2069594.0,2105392.0,14757.0,-6665961.0,76291452.8,76959799.8,-0.21031572753062058,0.09686344278153107,2.0028460569311775,-0.4675168400172003,-0.10287564158879348,-0.21031572753062058,0.04259654376881284,69.3351286751508,-262.3141686150461,-44.69470785836224,0.0,19.53059564952226,0.0,2.7615511261249956,0.08973305875451901,-0.18248395014631844,16235.678399659502,0.7380665237397178,-1.693914370966623,-7.38806673183996,0.0,-9633.843498871758,0.5885127033524176,-1.3751264007264172,0.8298264015240705,0.6793292618661121,1.7174474945762819,-8.469086860767378,Software—Application,Technology,BLBX
2020Q2,2020,Q2,2020-08-14,2020-06-30,193828.0,808848.0,46717.0,0.014411,511243.0,0.6320631317627045,384963.0,-2718949.0,172506.0,3058265.0,3103912.0,0.0,-6593250.0,78308993.03999999,79365555.03999999,-0.34165243507005516,0.05640649191616815,3.0393076737244877,-0.430321054201458,-0.03201210946761375,-0.34165243507005516,-0.07128783952917102,96.81546228710461,101.00320005365582,-28.801199669431092,0.0,0.0,0.0,2.1011058205593782,0.05640649191616815,0.5034977387437234,611.9993829128763,0.6320631317627045,3.5592108526699198,6.367738857511974,0.0,-53.29823135217637,1.4649739878400987,3.5256251605220763,1.202489673317065,1.532296452260255,2.9754256575884135,-7.525358379249723,Software—Application,Technology,BLBX
2020Q1,2020,Q1,2020-06-29,2020-03-31,42829.0,415251.0,-230713.0,0.0031608540305962758,207403.0,0.4994641794962565,308523.0,-3195470.0,80718.0,3448047.0,3503993.0,0.0,-6787078.0,70214758.64,71348663.64,-0.402307938489554,0.023409773706680913,3.7369304719583303,-0.3608010715168661,0.11883583499489812,-0.402307938489554,-0.01340303617308252,169.0899206504018,409.8552303345864,-21.973217911606117,0.0,0.0,0.0,1.345932069894303,0.023409773706680913,0.13881947213011672,-1743.3399205482174,0.4994641794962565,1.023438039675191,2.328090186742046,0.0,-98.96506157117969,1.7601474541534694,1.0234384320455667,0.023850222128199705,1.216567695109311,2.155885590228458,-5.100440461372724,Software—Application,Technology,BLBX
2019Q4,2019,Q4,2020-04-16,2019-12-31,-1827298.0,286084.0,-236350.0,-0.13486,75142.0,0.2626571216845402,280639.0,-3338299.0,36740.0,3552223.0,3618938.0,0.0,-6829907.0,157268342.857154,158400038.857154,-0.4202900320615558,0.010342819130443106,3.8702853131603234,-0.3253612094063474,0.11047970207174566,-0.4202900320615558,0.5473739769864833,549.7278521593448,-21.5165154858641,-47.11032260955474,0.0,0.0,0.0,1.0194021500931802,0.010342819130443106,-6.511204786220019,-2963.5249652738753,0.2626571216845402,-0.9265714285714285,-446.7294803265811,0.0,-1016.5623401657276,-0.2559313977898364,-2.5980419762178086,0.04498104912680518,-4.077994809151596,2.6931234115225364,-4.416671110777549,Software—Application,Technology,BLBX
2019Q3,2019,Q3,2019-11-14,2019-09-30,-507859.0,296332.0,-247482.0,-0.07,100988.0,0.3407934343911559,356553.0,-1478334.0,213067.0,1756911.0,1834887.0,0.0,-5002609.0,147972152.0,148850961.0,-0.18982183890925639,0.12127364448170681,2.34448735531604,-0.5654567912257987,0.47842670259799763,-0.18982183890925639,0.34353468160780987,499.34584182605994,-72.84115866805551,-100.09385700389763,0.0,0.0,0.0,0.8311022484735789,0.03911467342398107,-1.424357669126329,-733.672234700303,0.3407934343911559,-0.16666666666666682,-14.533846834078343,0.0,-37.386088213002466,0.19089622641509435,-0.1548050270704149,0.2526295762780964,-1.7401725182138326,12.088645685847073,-7.597236974902205,Software—Application,Technology,BLBX
2019Q2,2019,Q2,2019-08-19,2019-06-30,-439779.0,253808.0,-331137.0,-0.06,84800.0,0.33411082392989977,422849.0,-1234826.0,255912.0,1560879.0,1657675.0,0.0,-4494751.0,203521190.39999998,204104433.39999998,-0.16017696405926682,0.16395377220143265,1.3674597787862808,-0.46826759397680323,0.6428134651558711,-0.16017696405926682,0.3561465340056008,801.87066759125,-115.6951505187833,-164.81770743408381,0.0,0.0,0.0,0.6002331801659694,0.07147639246860263,-1.0400379331629022,-576.988604314915,0.33411082392989977,-1.0,-111.79524358873819,0.0,0.0,0.30399348003259985,-1.1092214500510784,-0.7422302896377555,-1.2733134293635315,0.0,-9.747668577794514,Software—Application,Technology,BLBX
2019Q1,2019,Q1,2019-05-20,2019-03-31,-208503.0,226349.0,-190065.0,-0.03,65031.0,0.2873041188606974,356931.0,-1344970.0,175714.0,1593937.0,1701901.0,0.0,-4054972.0,276872040.0,277532428.0,-0.17487833007623305,0.11023898686083577,1.6167662657488422,-0.4290608712461988,0.3089141642341224,-0.17487833007623305,0.15502427563440077,1223.2085849727632,-331.97608667501186,-205.85740945894705,0.0,0.0,0.0,0.6341533797848884,0.019679573283009302,-0.5841549206989586,-2634.518050507165,0.2873041188606974,0.34909958776307226,-14.717785975205102,0.0,0.0,0.5855418749238084,0.41177781602028984,0.4324656012612871,-0.34410365191347136,0.0,-18.483879093424687,Software—Application,Technology,BLBX
2018Q4,2018,Q4,2019-04-19,2018-12-31,-354463.0,211954.0,-334896.0,-0.04609,41015.0,0.19350896892722005,209888.0,-1146467.0,176066.0,1356355.0,1356355.0,0.0,-3846469.0,253799370.0,254201640.0,-0.14906818326617596,0.1298081991808929,2.05000285866748,-0.37530168770666755,0.46760384028952967,-0.14906818326617596,0.30917854591540794,1197.426658614605,-179.00272383859527,-221.37520748525688,0.0,0.0,0.0,1.009843345022107,0.023386207888052908,-1.688819751486507,-869.7686779688897,0.19350896892722005,-0.007164636350423621,-22.932137966092846,0.0,-163.88051960800885,0.21299500192233756,-0.010151011253886424,0.008857938553785414,0.20875649946756267,0.0,-5.940592887887124,Software—Application,Technology,BLBX
2018Q3,2018,Q3,2018-11-19,2018-09-30,-350901.0,190179.0,-337889.0,-0.045762130972958295,33813.0,0.17779565567176187,314691.0,-947064.0,274347.0,1256655.0,1261755.0,0.0,-3492006.0,253041822.0,253312065.0,-0.12350967027102737,0.21831528939923844,0.9735645442672336,-0.3234966169129013,0.5273813314353855,-0.12350967027102737,0.3705145586781886,1330.5455491931286,-180.2800661725102,-267.185556625529,0.0,0.0,0.0,0.6043356816686846,0.03510112162845013,-1.1150652544877355,-1536.230979382695,0.17779565567176187,-0.5254043657652766,-25.146137228026003,0.0,0.0,11.054415700267619,-0.4382603206872807,-0.4307569835832335,-41.847156275107295,0.0,-5657.967922880807,Software—Application,Technology,BLBX
2018Q2,2018,Q2,2018-08-20,2018-06-30,-243976.0,147375.0,-236161.0,-0.03,-3363.0,-0.02281933842239186,321060.0,-618163.0,274941.0,933468.0,939223.0,0.0,-3141105.0,358799633.533341,358927160.533341,-0.08063003715177629,0.2945371453547417,0.47174982869245624,-0.24501628211329374,0.506019888451542,-0.08063003715177629,0.39467907331884955,2434.6031113373433,-367.6587384961441,-580.4288408289415,0.0,0.0,0.0,0.4590263502149131,0.028980104299236826,-0.7599078053946303,-3281.62392563603,-0.02281933842239186,0.0,-61.922064866476454,0.0,0.0,0.8597581317764804,-0.20456991636302593,-0.1939685027427387,-6.013460661077825,0.0,-11.814392528196123,Software—Application,Technology,BLBX
2018Q1,2018,Q1,2018-05-22,2018-03-31,-202542.0,143295.0,-197795.0,-0.03,-23980.0,-0.16734708119613384,347450.0,-374187.0,322346.0,721637.0,721637.0,0.0,-2897129.0,358799633.533341,358796884.533341,-0.04880704880704881,0.4466871848311547,0.21664412145632464,-0.20116412382044271,0.661712064339576,-0.04880704880704881,0.5412855069791308,2503.922911011138,-442.8706558804359,-958.8778699776876,0.0,0.0,0.0,0.4124190531011656,0.11095467665876334,-0.5829385523096848,5555.291831689674,-0.16734708119613384,0.5421245421245421,-14.316678962595384,0.0,0.0,-1.458780539134095,0.5967580094130014,0.605857292023689,-5.506908845472381,0.0,-11.12752514261135,Software—Application,Technology,BLBX
2017Q4,2017,Q4,2018-04-17,2017-12-31,-502284.0,201868.0,-501836.0,-0.06552,52269.0,0.2589266253195157,280287.0,-171645.0,252944.0,451932.0,451932.0,0.0,-2694587.0,464599520.066682,464647828.066682,-0.022388500649370216,0.5596948213448041,0.20144708816320414,-0.3289521978502141,4.356896042784463,-0.022388500649370216,2.9262955518657696,2301.5015756171456,-231.24343999942363,-2706.746599473809,0.0,0.0,0.0,0.7202189184657155,0.02935397360664879,-1.7920345931134873,-2315.8647369436235,0.2589266253195157,-1.184,-33.01969267662698,0.0,-25.46297083061789,-0.7637110773570576,-1.3341527680318233,-1.3355439826126616,-126.5045408293371,0.0,-53.2047000301888,Software—Application,Technology,BLBX
2017Q3,2017,Q3,2017-11-14,2017-09-30,-215189.0,384279.0,-214869.0,-0.03,221208.0,0.5756442584684565,685738.0,216889.0,661720.0,468849.0,468849.0,0.0,-2192303.0,394677550.12505597,394513637.12505597,0.028158157945027917,1.411371251724969,0.0,0.0,-0.9906864801811065,0.028158157945027917,-0.9921618892613272,1027.0598969109838,-458.5243090086575,1819.7213787930968,0.0,0.0,0.0,0.5603874949324669,0.35329924986509514,-0.3138064391939779,-1687.8102554099212,0.5756442584684565,0.34434579200617355,-14.962028361664556,0.0,0.0,2.4697661286527692,0.38948625706439094,0.38949692289333265,-5.655014959565474,0.0,6.694189567461778,Software—Application,Technology,BLBX
2017Q2,2017,Q2,2017-08-14,2017-06-30,-352472.0,196945.0,-351954.0,-0.04575582621789941,63753.0,0.32370966513493615,781496.0,403328.0,753585.0,378168.0,378168.0,0.0,-1977114.0,349422829.703325,349036359.703325,0.052357650754706574,1.9927254553531764,0.0,0.0,-0.8726247619803237,0.052357650754706574,-0.873909076483656,1774.2152870259463,-247.83729608545144,866.3490501609731,0.0,0.0,0.0,0.2520102470134204,1.0232224831291912,-0.4510221421478805,-2473.509759625989,0.32370966513493615,-0.5251942072633138,-89.47079532927964,0.0,0.0,1.034756798161624,-0.8377155251070131,-0.8393110043846126,-89.47079532927964,0.0,0.0,Software—Application,Technology,BLBX
2017Q1,2017,Q1,2017-05-15,2017-03-31,-191799.0,127612.0,-191351.0,-0.03,31332.0,0.24552549916935712,898866.0,755799.0,881314.0,143067.0,143067.0,0.0,-1624643.0,338330018.59335,337759078.59335,0.09811334715853219,6.160148741498738,0.0,0.0,-0.2531771013192661,0.09811334715853219,-0.2537698515081391,2651.239841028665,-440.99554558854584,447.6454964790242,0.0,0.0,0.0,0.1419699933026725,3.9970083946682324,-0.21337885736027395,-2435.5357890014684,0.24552549916935712,0.33774834437086093,-13.435232397408695,0.0,0.0,1.469419924337957,0.45042479118612017,0.45080047529117323,-13.435232397408695,0.0,0.0,Software—Application,Technology,BLBX
2016Q4,2016,Q4,2017-04-12,2016-12-31,-348995.0,75128.0,-348418.0,-0.0453,12688.0,0.16888510275795976,1037559.0,947598.0,1020895.0,89961.0,89961.0,0.0,-1432844.0,323539650.0,322836012.0,0.12301155669791941,11.34819532908705,0.0,0.0,-0.36768545311408424,0.12301155669791941,-0.3682943611109352,4306.5122191459905,-231.76524735311395,341.4313348065319,0.0,0.0,0.0,0.07240841243726863,7.839008014584097,-0.336361594858702,-498.9069340336193,0.16888510275795976,-0.51,-22.52492095495497,0.0,133.40954222250477,2.247504479140005,-1.1817914702609436,-1.2214868655955113,-22.52492095495497,0.0,133.40954222250477,Software—Application,Technology,BLBX
2016Q3,2016,Q3,2016-11-21,2016-09-30,-159958.0,19540.0,-156840.0,-0.03,3907.0,0.19994882292732855,71796.0,-148407.0,60197.0,220203.0,220203.0,0.0,-1083849.0,221003387.041514,221053562.041514,-0.02207940056362302,0.27337048087446586,1.100924842609616,-0.5326029095662603,2.2610826785843003,-0.02207940056362302,1.0778332558437271,11310.306399258649,-345.40846197363373,-1489.170908660063,0.0,0.0,0.0,0.27216000891414566,0.1469916395326131,-2.22795141790629,-2113.6109393614697,0.19994882292732855,0.0,-12.596907853780984,0.0,0.0,0.0,0.043845229627061506,0.06248318817882398,-12.596907853780984,0.0,0.0,Software—Application,Technology,BLBX
2016Q2,2016,Q2,2016-08-19,2016-06-30,-167293.0,0.0,-167293.0,-0.03,0.0,0.0,41284.0,-99356.0,28397.0,140640.0,140640.0,0.0,-924798.0,203999796.0,204055409.0,-0.014903414903414904,0.20191268486916952,1.452378645480089,-0.603486452755747,4.246446339729922,-0.014903414903414904,1.6837735013486856,0.0,-304.85405247081474,-2053.220701316478,0.0,0.0,0.0,0.0,0.20191268486916952,-4.052247844201143,-2930.9473290997385,0.0,-0.48736756815942184,-48.61711048366874,0.0,0.0,0.0,-0.22116135625387787,-0.22116135625387787,-48.61711048366874,0.0,0.0,Software—Application,Technology,BLBX
2016Q1,2016,Q1,2016-05-23,2016-03-31,-136995.0,0.0,-136995.0,-0.020169862945932194,0.0,0.0,139593.0,67936.0,125417.0,71657.0,71657.0,0.0,-757506.0,207837158.4,207823169.4,0.010002261462789515,1.7502407301449963,0.0,0.0,-2.016530263777673,0.010002261462789515,-2.016530263777673,0.0,-379.2787298806526,3059.3081488459725,0.0,0.0,0.0,0.0,1.7502407301449963,-0.9813887515849649,-4489.214385381342,0.0,0.6537362584389322,-10.69387937666057,0.0,0.0,0.0,0.653726868995291,0.653726868995291,-10.69387937666057,0.0,0.0,Software—Application,Technology,BLBX
2015Q4,2015,Q4,2016-04-14,2015-12-31,-395627.0,0.0,-395627.0,-0.05825,0.0,0.0,234079.0,204931.0,218614.0,29148.0,29148.0,0.0,-620511.0,207837158.4,207776872.4,0.030172124408721707,7.500137230684781,0.0,0.0,-1.9305375955809516,0.030172124408721707,-1.9305375955809516,0.0,-131.33403331926286,1014.1811556084732,0.0,0.0,0.0,0.0,7.383010841224098,-1.6901430713562515,-309.5887709974037,0.0,-53.541198501872664,-29.24623639876804,0.0,31.96780837930278,0.0,-109.7888546625595,-109.7888546625595,-29.24623639876804,0.0,31.96780837930278,Software—Application,Technology,BLBX
2015Q3,2015,Q3,2015-11-05,2015-09-30,-3571.0,0.0,-3571.0,-0.001068,0.0,0.0,73.0,73.0,73.0,0.0,0.0,0.0,-71003.0,102312109.80000001,102312036.80000001,2.1833192613920665e-05,0.0,0.0,0.0,-48.917808219178085,2.1833192613920665e-05,-48.917808219178085,0.0,-7162.707210865304,1401535.7506849314,0.0,0.0,0.0,0.0,0.0,-48.917808219178085,-4150.087607999027,0.0,0.7646021600176328,0.3897812713602187,0.0,0.0,0.0,0.7646167029200448,0.7646167029200448,0.3897812713602187,0.0,0.0,Software—Application,Technology,BLBX
2015Q2,2015,Q2,2015-08-07,2015-06-30,-15171.0,0.0,-15171.0,-0.004537,0.0,0.0,44.0,-21038.0,44.0,21082.0,21082.0,0.0,-67432.0,102312109.80000001,102312065.80000001,-0.006292146660433739,0.0020870885115264206,0.0,0.0,0.721123680958266,-0.006292146660433739,0.721123680958266,0.0,-1685.9816393118451,-4863.205143074437,0.0,0.0,0.0,0.0,0.0020870885115264206,-344.79545454545456,-31972.534312500004,0.0,-0.11748768472906403,-7.9716144293317575,0.0,0.0,0.0,-0.11756906077348066,-0.11756906077348066,-7.9716144293317575,0.0,0.0,Software—Application,Technology,BLBX
2015Q1,2015,Q1,2015-05-13,2015-03-31,-13575.0,0.0,-13575.0,-0.00406,0.0,0.0,119.0,-13456.0,119.0,13575.0,13575.0,0.0,-56725.0,102312109.80000001,102311990.80000001,-0.004024485476889266,0.008766114180478821,0.0,0.0,1.0088436385255648,-0.004024485476889266,1.0088436385255648,0.0,-1884.2009171270718,-7603.456435790726,0.0,0.0,0.0,0.0,0.008766114180478821,-114.07563025210084,-68208.07320000001,0.0,-6.96078431372549,-1.3539101786023935,0.0,0.0,0.0,-6.90162980209546,-4.1072234762979685,-1.3539101786023935,0.0,0.0,Software—Application,Technology,BLBX
2014Q4,2014,Q4,2015-03-11,2014-12-31,-1718.0,0.0,-2658.0,-0.00051,0.0,0.0,119.0,-1381.0,119.0,1500.0,1500.0,0.0,-43150.0,102312109.80000001,102311990.80000001,-0.00041303615068252655,0.07933333333333334,0.0,0.0,1.9246922519913106,-0.00041303615068252655,1.2440260680666184,0.0,-14888.25811990687,-74085.52483707458,0.0,0.0,0.0,0.0,0.07933333333333334,-14.436974789915967,-6051.106564939674,0.0,0.8785135778942353,0.7331883832893307,0.0,-1.4513071895424836,0.0,0.877600455970362,0.8106298090624109,0.7331883832893307,0.0,-1.4513071895424836,Software—Application,Technology,BLBX
2014Q3,2014,Q3,2014-11-18,2014-09-30,-14036.0,0.0,-14036.0,-0.004198,0.0,0.0,156.0,-16534.0,156.0,16690.0,16690.0,0.0,-41432.0,102312109.80000001,102311953.80000001,-0.004945068584637866,0.009346914319952068,0.0,0.0,0.8489173823636144,-0.004945068584637866,0.8489173823636144,0.0,-1822.3160052721576,-6187.982932139834,0.0,0.0,0.0,0.0,0.009346914319952068,-89.97435897435898,-57285.61578947369,0.0,-7.296442687747036,-1.3984962406015036,0.0,0.0,0.0,-7.300413956238912,-7.300413956238912,-1.3984962406015036,0.0,0.0,Software—Application,Technology,BLBX
2014Q2,2014,Q2,2014-06-30,2014-06-30,-1691.0,0.0,-1691.0,-0.000506,0.0,0.0,,,,,,,,102312109.80000001,,,0.0,0.0,0.0,0.0,,0.0,0.0,-15125.97720283856,0.0,0.0,0.0,0.0,0.0,0.0,0.0,-148063.83473227208,0.0,0.7066666666666667,0.0,0.0,0.0,0.0,0.7067799549159008,0.7067799549159008,0.0,0.0,0.0,Software—Application,Technology,BLBX
2014Q1,2014,Q1,2014-03-31,2014-03-31,-5767.0,0.0,-5767.0,-0.001725,0.0,0.0,,,,,,,,102312109.80000001,,,0.0,0.0,0.0,0.0,,0.0,0.0,-4435.239717357378,0.0,0.0,0.0,0.0,0.0,0.0,0.0,-11670.139135394093,0.0,0.10621761658031093,0.0,0.0,0.0,0.0,0.10436403168193818,0.10436403168193818,0.0,0.0,0.0,Software—Application,Technology,BLBX
2013Q4,2013,Q4,2013-12-31,2013-12-31,-6439.0,0.0,-6439.0,-0.00193,0.0,0.0,9500.0,3060.0,9500.0,6440.0,6440.0,0.0,-19938.0,102312109.80000001,102302609.80000001,0.0009151995808027018,1.4751552795031055,0.0,0.0,-2.104248366013072,0.0009151995808027018,-2.104248366013072,0.0,-3972.3602189781022,33435.33,0.0,0.0,0.0,0.0,1.4751552795031055,-0.6777894736842105,-40941.22040816327,0.0,-0.10285714285714288,0.0,0.0,0.0,0.0,-0.10030758714969241,-0.10030758714969241,0.0,0.0,0.0,Software—Application,Technology,BLBX
2013Q3,2013,Q3,2013-09-30,2013-09-30,-5852.0,0.0,-5852.0,-0.00175,0.0,0.0,,,,,,,,102312109.80000001,,,0.0,0.0,0.0,0.0,,0.0,0.0,-4370.81808783322,0.0,,0.0,,0.0,0.0,0.0,0.0,0.0,0.0,0.0,0.0,0.0,0.0,0.0,0.0,0.0,0.0,0.0,Software—Application,Technology,BLBX
