Quarters,Year,Quarter,FillingDate,Date,NetIncome,Revenue,OperatingIncome,EPSDiluted,GrossProfit,GrossProfitRatio,TotalAssets,CommonStockEquity,CurrentAssets,CurrentLiability,TotalLiability,Inventory,RetainedEarnings,MarketCap,EnterpriseValue,bookValuePerShare,currentRatio,debtToAssets,debtToEquity,roic,shareholdersEquityPerShare,roe,priceToSalesRatio,peRatio,pbRatio,payoutRatio,inventoryTurnover,dividendYield,assetTurnover,quickRatio,returnOnAssets,priceToFreeCashFlowsRatio,grossProfitMargin,epsdilutedGrowth,fiveYNetIncomeGrowthPerShare,fiveYRevenueGrowthPerShare,fiveYShareholdersEquityGrowthPerShare,grossProfitGrowth,netIncomeGrowth,operatingIncomeGrowth,threeYNetIncomeGrowthPerShare,threeYRevenueGrowthPerShare,threeYShareholdersEquityGrowthPerShare,Industry,Sector,Symbol
2023Q1,2023,Q1,2023-05-05,2023-03-31,-109000000.0,381000000.0,24000000.0,-0.46,175000000.0,0.4593175853,10978000000.0,6813000000.0,1953000000.0,998000000.0,4140000000.0,0.0,0.0,15795000000.0,17169000000.0,29.115384615384617,1.9569138276553106,0.26944798688285665,0.4341699691765742,0.0023280960072619506,29.115384615384617,-0.015998825774255102,41.45669291338583,-36.227064220183486,2.318361955085865,-0.1559633027522936,0.0,0.0010762899651788542,0.03470577518673711,2.407815631262525,-0.009928948806704318,81.0,0.45931758530183725,-1.3066666666666666,-5.329562594268476,2.2992577597840755,0.18932870842685176,-0.2290748898678414,-1.2914438502673797,-0.6571428571428571,0.6849318481971542,8.685733070348455,0.35230615230615236,Entertainment,Communication Services,FWONA
2022Q4,2022,Q4,2023-03-01,2022-12-31,374000000.0,754000000.0,70000000.0,1.5,227000000.0,0.301061008,11016000000.0,6910000000.0,2023000000.0,833000000.0,4081000000.0,0.0,545000000.0,13348096533.72,14562096533.72,27.659471825613682,2.4285714285714284,0.2675199709513435,0.4264833574529667,0.0416106574008319,27.659471825613682,0.05412445730824891,17.703045800689654,8.92252442093583,1.9317071684109985,0.0427807486631016,0.0,0.001198672781514634,0.06844589687726943,3.0672268907563027,0.033950617283950615,148.312183708,0.3010610079575597,3.8387096774193545,-0.16670011720326103,0.2231347515054301,0.1270661477715224,0.027149321266968326,2.462962962962963,0.09375,3.7229878059893435,0.3330531708567787,0.21957205415475486,Entertainment,Communication Services,FWONA
2022Q3,2022,Q3,2022-11-04,2022-09-30,108000000.0,715000000.0,64000000.0,0.31,221000000.0,0.3090909091,11731000000.0,6538000000.0,2418000000.0,810000000.0,4590000000.0,0.0,1486000000.0,12237160000.0,13571160000.0,28.06008583690987,2.9851851851851854,0.2943483079021396,0.5281431630468033,0.0069081781446439046,28.06008583690987,0.016518813092688895,17.11490909090909,28.326759259259262,1.8716977669011932,0.14814814814814814,0.0,0.0013074929150227667,0.06094962066320007,2.74320987654321,0.009206376268007842,71.98329411764706,0.3090909090909091,-0.11428571428571424,3.7059505857789117,0.3230191976561897,0.1640058653298506,0.05238095238095238,-0.02702702702702703,0.30612244897959184,1.6115356432534278,0.11984622582023072,0.2102090792244549,Entertainment,Communication Services,FWONA
2022Q2,2022,Q2,2022-08-05,2022-06-30,111000000.0,744000000.0,49000000.0,0.35,210000000.0,0.2822580645,11570000000.0,6408000000.0,2262000000.0,1168000000.0,4561000000.0,0.0,1079000000.0,13449040000.0,14885040000.0,27.620689655172413,1.9366438356164384,0.29213483146067415,0.5274656679151061,0.004751580974281896,27.620689655172413,0.017322097378277154,18.076666666666668,30.29063063063063,2.098789013732834,0.14414414414414414,0.0,0.0011896759917436486,0.06430423509075195,1.740582191780822,0.009593777009507346,-94.71154929577465,0.28225806451612906,3.3333333333333335,4.668103448275862,0.07764218540080611,0.16398264629900036,0.2727272727272727,4.171428571428572,1.5789473684210527,2.435344827586207,0.19482758620689647,0.19415671164978981,Entertainment,Communication Services,FWONA
2022Q1,2022,Q1,2022-05-06,2022-03-31,-35000000.0,360000000.0,19000000.0,-0.15,165000000.0,0.4583333333,11853000000.0,6281000000.0,2622000000.0,1542000000.0,4972000000.0,0.0,441000000.0,14646160000.0,16076160000.0,27.073275862068964,1.7003891050583657,0.31173542563064205,0.5882821206814202,0.0020199995139850795,27.073275862068964,-0.005572361088998567,40.68377777777778,-104.61542857142858,2.3318197739213504,-5.742857142857143,0.0,0.013723733729523643,0.030372057706909643,1.5648508430609598,-0.0029528389437273265,117.16928,0.4583333333333333,0.765625,0.7281339798850575,1.796336206896552,0.03989270074110362,-0.2794759825327511,0.7651006711409396,1.1583333333333334,0.7645328518173345,0.45710681244743495,0.1598528791056993,Entertainment,Communication Services,FWONA
2021Q4,2021,Q4,2022-02-25,2021-12-31,-149000000.0,787000000.0,-120000000.0,-0.64,229000000.0,0.290978399,11664000000.0,6340000000.0,2369000000.0,1296000000.0,4724000000.0,0.0,0.0,13766880000.0,15323880000.0,27.32758620689655,1.8279320987654322,0.3112997256515775,0.5727129337539432,-0.011954668538762411,27.32758620689655,-0.023501577287066245,17.492858958068616,-23.098791946308726,2.1714321766561517,0.0,0.0,0.0,0.06747256515775034,1.6512345679012346,-0.01277434842249657,128.66242990654206,0.2909783989834816,-1.9090909090909092,-3.7776939655172415,0.0,2.6762615970397383,0.045662100456621,-1.98,-2.764705882352941,0.19370783358320837,0.629122159294573,0.1374184529356943,Entertainment,Communication Services,FWONA
2021Q3,2021,Q3,2021-11-04,2021-09-30,-50000000.0,668000000.0,68000000.0,-0.22,219000000.0,0.3278443113772455,11835000000.0,6481000000.0,2466000000.0,1354000000.0,4755000000.0,0.0,0.0,10915600000.0,12346600000.0,27.935344827586206,1.8212703101920236,0.3063793831854668,0.5594815614874248,-0.05494541736750106,27.935344827586206,-0.007714858818083629,16.34071856287425,-54.578,1.6842462582934732,0.0,0.0,0.0,0.056442754541613856,1.7023633677991137,-0.004224757076468103,209.91538461538462,0.3278443113772455,-1.9166666666666665,-1.4398311028174937,0.0,0.8639929899803387,1.1262135922330097,-1.9090909090909092,2.5813953488372094,-2.185344827586207,0.02800724830783998,0.13530342279599117,Entertainment,Communication Services,FWONA
2021Q2,2021,Q2,2021-08-06,2021-06-30,55000000.0,501000000.0,-43000000.0,0.24,103000000.0,0.2055888223552894,12029000000.0,6565000000.0,2527000000.0,849000000.0,4866000000.0,0.0,0.0,9890160000.0,11277160000.0,28.29741379310345,2.9764428739693756,0.3002743370188711,0.5501904036557502,0.04285573913165541,28.29741379310345,0.008377760853008377,19.740838323353294,44.95527272727273,1.5064980959634426,0.0,0.0,0.0,0.04164934741042481,2.7538280329799765,0.004572283647851027,79.75935483870968,0.2055888223552894,2.7634740438664167,1.4159104636015327,0.0,0.8311527378462408,0.07291666666666667,2.1956521739130435,0.0851063829787234,5.084770114942528,-0.14728116710875333,0.1573481916088697,Entertainment,Communication Services,FWONA
2021Q1,2021,Q1,2021-05-07,2021-03-31,-46000000.0,180000000.0,-47000000.0,-0.136095,96000000.0,0.5333333333333333,12001000000.0,6502000000.0,2468000000.0,964000000.0,5493000000.0,0.0,0.0,12918360000.0,14888360000.0,19.236686390532544,2.5601659751037342,0.31272393967169404,0.5772070132266994,0.005346985210466439,19.236686390532544,-0.0070747462319286376,71.76866666666666,-70.20847826086957,1.9868286681021223,0.0,0.0,0.0,0.014998750104157986,1.995850622406639,-0.003833013915507041,71.3721546961326,0.5333333333333333,-1.7517628571428572,-1.039425734833439,0.0,0.19474956391673842,-0.2066115702479339,-2.0952380952380953,-0.14634146341463414,-0.8492864601461885,0.07910308315166627,-0.21420432250875016,Entertainment,Communication Services,FWONA
2020Q4,2020,Q4,2021-02-26,2020-12-31,42000000.0,485000000.0,-41000000.0,0.1810344827586207,121000000.0,0.24948453608247423,11191000000.0,6550000000.0,2264000000.0,692000000.0,4636000000.0,0.0,0.0,8813680000.0,10888680000.0,28.232758620689655,3.2716763005780347,0.3358949155571441,0.5738931297709924,0.014823763877988344,28.232758620689655,0.006412213740458015,18.172536082474227,52.462380952380954,1.3456000000000001,1.2380952380952381,0.0,0.005899919216490728,0.04333839692610133,4.079479768786127,0.00375301581628094,-6.490191458026509,0.24948453608247423,1.4415475189234652,5.043103448275862,0.0,8.621540323429333,1.6304347826086956,1.4421052631578948,0.6434782608695652,-0.8992314083921894,-0.15279038112522686,0.15042639643311168,Entertainment,Communication Services,FWONA
2020Q3,2020,Q3,2020-11-05,2020-09-30,-95000000.0,597000000.0,-115000000.0,-0.41,46000000.0,0.07705192629815745,11231000000.0,6501000000.0,2322000000.0,619000000.0,4724000000.0,0.0,0.0,7774320000.0,9903320000.0,28.021551724137932,3.751211631663974,0.3307808743655952,0.5714505460698354,-0.010356303837118245,28.021551724137932,-0.014613136440547608,13.022311557788944,-20.45873684210526,1.1958652514997692,-0.5473684210526316,0.0,0.006688687885242697,0.05315644199091799,2.8012924071082392,-0.008458730300062327,5.930068649885584,0.07705192629815745,0.5232558139534884,-0.614363711171274,0.0,0.21587123775194,4.75,0.525,0.15441176470588236,-1.39049394221808,0.10943629981416458,0.1624073693900122,Entertainment,Communication Services,FWONA
2020Q2,2020,Q2,2020-08-10,2020-06-30,-200000000.0,24000000.0,-136000000.0,-0.86,8000000.0,0.3333333333333333,11583000000.0,6613000000.0,2577000000.0,912000000.0,4967000000.0,0.0,13339000000.0,6769760000.0,10548760000.0,28.504310344827587,2.825657894736842,0.47880514547181213,0.8386511416906094,-0.009854740401863269,28.504310344827587,-0.030243459851807045,282.0733333333333,-8.462200000000001,1.0237048238318462,0.0,0.0,0.0,0.002072002072002072,2.098684210526316,-0.0172666839333506,-27.407935222672066,0.3333333333333333,0.4189189189189189,-35.67901810344827,0.0,0.24243257815676825,3.0,0.41690962099125367,0.10526315789473684,-5.60919540229885,-0.9652373488580385,0.20121991884757956,Entertainment,Communication Services,FWONA
2020Q1,2020,Q1,2020-05-07,2020-03-31,-343000000.0,39000000.0,-152000000.0,-1.48,-4000000.0,-0.10256410256410256,11362000000.0,4995000000.0,1383000000.0,1232000000.0,6364000000.0,0.0,0.0,5990240000.0,10274240000.0,21.530172413793103,1.1225649350649352,0.4733321598310157,1.0766766766766767,-0.013657949777641787,21.530172413793103,-0.06866866866866866,153.59589743589743,-4.366064139941691,1.1992472472472473,0.0,0.0,0.0,0.003432494279176201,0.9415584415584416,-0.030188347121985565,44.703283582089554,-0.10256410256410256,-1.6919685039370076,-13.117844517241378,0.0,-0.07275576166705297,-1.0263157894736843,-1.7007874015748032,-5.608695652173913,-1.6642869971264371,-0.6970635775862069,-0.17301957646842656,Entertainment,Communication Services,FWONA
2019Q4,2019,Q4,2020-02-26,2019-12-31,-127000000.0,523000000.0,-23000000.0,-0.5497835497835498,152000000.0,0.29063097514340347,11505000000.0,5239000000.0,748000000.0,426000000.0,6264000000.0,0.0,0.0,10113180000.0,15203180000.0,22.67965367965368,1.755868544600939,0.49343763581051714,1.0836037411719794,-0.001404665933797484,22.67965367965368,-0.024241267417446078,19.336864244741875,-19.90783464566929,1.9303645733918688,0.0,0.0,0.0,0.04545849630595393,1.539906103286385,-0.011038678835289004,10113.18,0.29063097514340347,-4.054353054353055,-4.539069980430528,-0.028381312459230406,-0.06496463890908177,-0.23618090452261306,-4.097560975609756,-1.71875,-3.377813852813853,0.0,2.0509954016952463,Entertainment,Communication Services,FWONA
2019Q3,2019,Q3,2019-11-12,2019-09-30,41000000.0,633000000.0,32000000.0,0.18,199000000.0,0.31437598736176936,11361000000.0,5356000000.0,653000000.0,507000000.0,6002000000.0,0.0,0.0,9145290000.0,14055290000.0,23.186147186147185,1.2879684418145956,0.4690608221107297,0.9949589245705751,0.001796911558259242,23.186147186147185,0.0076549663928304704,14.447535545023698,55.76396341463415,1.7074850634802095,0.0,0.0,0.0,0.05571692632690784,1.017751479289941,0.003608837250242056,149.9227868852459,0.31437598736176936,1.5454545454545454,1.5274245887445892,0.08757770752895745,-0.22291259763416105,0.11173184357541899,1.5324675324675325,1.2857142857142858,-0.6377771904761905,0.0,0.5471015692260954,Entertainment,Communication Services,FWONA
2019Q2,2019,Q2,2019-08-08,2019-06-30,-77000000.0,620000000.0,14000000.0,-0.33,179000000.0,0.2887096774193548,11298000000.0,5343000000.0,574000000.0,538000000.0,5952000000.0,0.0,0.0,8255940000.0,13177940000.0,23.12987012987013,1.066914498141264,0.46521508231545405,0.9837170129140932,0.0011690541180961551,23.12987012987013,-0.014411379374883024,13.316032258064515,-26.805000000000003,1.5451880965749578,0.0,0.0,0.0,0.05487696937511064,0.8773234200743495,-0.006815365551425031,-294.855,0.2887096774193548,0.484375,-4.237199386666666,0.12352419376026272,-0.1963794927222176,0.826530612244898,0.4797297297297297,1.2413793103448276,0.4152046814814815,0.0,0.49675604011070895,Entertainment,Communication Services,FWONA
2019Q1,2019,Q1,2019-05-09,2019-03-31,-148000000.0,246000000.0,-58000000.0,-0.64,98000000.0,0.3983739837398374,11367000000.0,5392000000.0,566000000.0,629000000.0,5972000000.0,0.0,0.0,7999530000.000001,12831530000.0,23.341991341991342,0.8998410174880763,0.4578164863200493,0.9651335311572701,-0.0042193595067321005,23.341991341991342,-0.02744807121661721,32.518414634146346,-13.512719594594596,1.4835923590504452,0.0,0.0,0.0,0.021641594088149908,0.766295707472178,-0.013020146036773116,37.03486111111111,0.3983739837398374,0.19652173913043477,-5.686102973632428,-0.8305050572533303,-0.7343911421340604,-0.35947712418300654,0.1956521739130435,-1.0,-1.185604456927156,0.0,0.44972129870129884,Entertainment,Communication Services,FWONA
2018Q4,2018,Q4,2019-02-28,2018-12-31,-184000000.0,481000000.0,-29000000.0,-0.7965367965367965,153000000.0,0.3180873180873181,10957000000.0,5550000000.0,310000000.0,360000000.0,5404000000.0,0.0,0.0,6865320000.0,11744320000.0,24.025974025974026,0.8611111111111112,0.45988865565391984,0.907927927927928,-0.002412656440421102,24.025974025974026,-0.033153153153153155,14.273014553014553,-9.327880434782609,1.2369945945945946,0.0,0.0,0.0,0.04389887742995346,0.75,-0.016792917769462443,-429.0825,0.3180873180873181,-5.425204425204425,-1.244523191919192,-0.6557590576201034,-0.7108649140363223,-0.2233502538071066,-5.380952380952381,-1.935483870967742,-16.78932178932179,0.0,7.187895522585248,Entertainment,Communication Services,FWONA
2018Q3,2018,Q3,2018-11-08,2018-09-30,42000000.0,647000000.0,31000000.0,0.18,197000000.0,0.3044822256568779,11483000000.0,5684000000.0,408000000.0,501000000.0,5797000000.0,0.0,0.0,8121959999.999999,13235960000.0,24.606060606060606,0.8143712574850299,0.45850387529391273,0.9262843068261788,0.0015646706500473486,24.606060606060606,0.007389162561576354,12.55326120556414,48.34499999999999,1.4289162561576354,0.0,0.0,0.0,0.05634416093355395,0.6067864271457086,0.0036575807715753723,324.87839999999994,0.3044822256568779,3.4999999999999996,-0.5946062870813397,-0.572414850887251,-0.7108253368051833,0.15204678362573099,3.6666666666666665,4.166666666666667,1.716808384673178,0.0,0.0676711147127083,Entertainment,Communication Services,FWONA
2018Q2,2018,Q2,2018-08-08,2018-06-30,9000000.0,585000000.0,6000000.0,0.04,171000000.0,0.2923076923076923,11589000000.0,5648000000.0,467000000.0,579000000.0,5939000000.0,0.0,0.0,8156610000.000001,13311610000.0,24.450216450216452,0.8065630397236615,0.4619035292087324,0.9477691218130312,0.0004958226938046954,24.450216450216452,0.001593484419263456,13.942923076923078,226.57250000000002,1.4441589943342776,0.0,0.0,0.0,0.050478902407455346,0.538860103626943,0.000776598498576236,121.74044776119405,0.2923076923076923,1.5714285714285714,-0.9312278522727273,-0.6019126142688481,-0.7117973731303013,4.181818181818182,1.5294117647058822,1.0508474576271187,0.5673114675324674,0.0,0.06572462526692284,Entertainment,Communication Services,FWONA
2018Q1,2018,Q1,2018-05-09,2018-03-31,-17000000.0,114000000.0,-118000000.0,-0.07,33000000.0,0.2894736842105263,11842000000.0,5655000000.0,563000000.0,615000000.0,6184000000.0,0.0,0.0,6765990000.0,12053990000.0,24.48051948051948,0.9154471544715447,0.4693463941901706,0.9828470380194518,-0.002323370021577459,24.48051948051948,-0.003006189213085765,59.35078947368421,-99.49985294117646,1.1964615384615385,0.0,0.0,0.0,0.00962675223779767,0.551219512195122,-0.0014355683161628103,38.0111797752809,0.2894736842105263,-1.0364583333333333,-1.001546847282049,-0.8940089586357876,-0.7094392413736016,-0.8235294117647058,-1.0409638554216867,-5.916666666666667,0.29725267532467525,0.0,0.0543074251076125,Entertainment,Communication Services,FWONA
2017Q4,2017,Q4,2018-03-01,2017-12-31,415000000.0,570000000.0,24000000.0,1.92,187000000.0,0.3280701754385965,11802000000.0,5669000000.0,479000000.0,305000000.0,6131000000.0,0.0,0.0,7558320000.0,13072320000.0,24.541125541125542,1.5704918032786885,0.49110320284697506,1.0224025401305346,-0.010594279514535223,24.541125541125542,0.07320515082025049,13.26021052631579,4.553204819277108,1.3332721820426883,0.0,0.0,0.0,0.04829689883070666,1.2,0.035163531604812746,-63.51529411764706,0.3280701754385965,12.294117647058822,1.9234043669852159,-0.7458988069005621,-0.34269452526283245,0.272108843537415,12.216216216216216,2.411764705882353,10.564677495107631,0.058934324853228956,0.011780008021457466,Entertainment,Communication Services,FWONA
2017Q3,2017,Q3,2017-11-09,2017-09-30,-37000000.0,501000000.0,-17000000.0,-0.17,147000000.0,0.2934131736526946,12193000000.0,5207000000.0,575000000.0,510000000.0,6984000000.0,0.0,0.0,7881840000.0,13395840000.0,24.10648148148148,1.1274509803921569,0.4866726810465021,1.1396197426541195,-0.0011610073250781486,24.10648148148148,-0.0071058190896869594,15.732215568862275,-53.255675675675676,1.5137007874015749,0.0,0.0,0.0,0.04108914951201509,0.9745098039215686,-0.00303452800787337,115.90941176470588,0.2934131736526946,-0.30769230769230776,-1.1336947455589073,1.5978967923881677,-0.16554757869905834,-0.2722772277227723,-0.37037037037037035,-1.5151515151515151,-3.439238703703704,-0.0794390639076576,-0.19206744767768982,Entertainment,Communication Services,FWONA
2017Q2,2017,Q2,2017-08-09,2017-06-30,-27000000.0,616000000.0,33000000.0,-0.13,202000000.0,0.32792207792207795,12254000000.0,4912000000.0,598000000.0,501000000.0,7342000000.0,0.0,0.0,7251210000.0,13113210000.0,23.729468599033815,1.1936127744510978,0.514525869103966,1.2835912052117264,0.001470981545867879,23.729468599033815,-0.005496742671009772,11.771444805194806,-67.14083333333333,1.4762235342019545,0.0,0.0,0.0,0.05026929982046679,1.0239520958083832,-0.0022033621674555246,-59.92735537190082,0.32792207792207795,0.7636363636363637,-1.0240111227321238,2.8022024559670777,0.14490804313908304,6.214285714285714,0.71875,1.4125,-2.2667301947826086,0.24569891440946182,-0.17554713943848532,Entertainment,Communication Services,FWONA
2017Q1,2017,Q1,2017-05-09,2017-03-31,-96000000.0,96000000.0,-80000000.0,-0.55,28000000.0,0.2916666666666667,12486000000.0,4504000000.0,781000000.0,748000000.0,7982000000.0,0.0,0.0,5657100000.000001,11728100000.0,26.034682080924856,1.0441176470588236,0.5363607240108922,1.4869005328596803,-0.0056201071040202786,26.034682080924856,-0.021314387211367674,58.92812500000001,-14.732031250000002,1.2560168738898758,0.0,0.0,0.0,0.0076886112445939455,0.8863636363636364,-0.0076886112445939455,65.02413793103449,0.2916666666666667,-3.46125,-1.6381055334104044,1.7347380003303055,0.0,0.0,-3.4,-3.7058823529411766,-5.058702528638991,-0.9116800636695769,-0.7037509751801939,Entertainment,Communication Services,FWONA
2016Q4,2016,Q4,2017-02-28,2016-12-31,40000000.0,0.0,-17000000.0,0.22346368715083798,0.0,0.0,2995000000.0,1286000000.0,175000000.0,31000000.0,1709000000.0,0.0,0.0,5423550000.0,6838550000.0,7.433526011560693,5.645161290322581,0.5285475792988313,1.2309486780715397,-0.005152530043796505,7.433526011560693,0.03110419906687403,0.0,33.8971875,4.217379471228616,0.0,0.0,0.0,0.0,5.483870967741935,0.01335559265442404,-93.50948275862069,0.0,-0.5344506517690876,0.0,0.0,0.0,0.0,-0.024390243902439025,-0.0625,-0.9290212901063919,-1.0,-0.9105429324096382,Entertainment,Communication Services,FWONA
2016Q3,2016,Q3,2016-11-08,2016-09-30,41000000.0,0.0,-16000000.0,0.48,0.0,0.0,2947000000.0,1254000000.0,228000000.0,45000000.0,1693000000.0,0.0,0.0,2397244886.85,3723244886.85,14.986829337743844,5.066666666666666,0.5246012894468951,1.2328548644338118,-0.004984802431610942,14.986829337743844,0.03269537480063796,0.0,14.617346871036585,1.9116785381578947,0.0,0.0,0.0,0.0,4.933333333333334,0.013912453342382083,48.9233650377551,0.0,1.8421052631578947,-0.6175607584992138,-1.0,-0.4812268211720881,0.0,1.9111111111111112,-0.3333333333333333,0.0925360613787615,-1.0,-0.8238721998013436,Entertainment,Communication Services,FWONA
2016Q2,2016,Q2,2016-08-05,2016-06-30,-45000000.0,0.0,-12000000.0,-0.57,0.0,0.0,2401000000.0,1220000000.0,561000000.0,65000000.0,1181000000.0,0.0,0.0,1511052623.52,1988052623.52,15.453333415751112,8.63076923076923,0.42940441482715536,0.8450819672131148,-0.0043616978312669115,15.453333415751112,-0.036885245901639344,0.0,-8.394736797333334,1.2385677241967212,0.0,0.0,0.0,0.0,8.569230769230769,-0.018742190753852563,-35.140758686511624,0.0,-1.9132142096131017,-1.104928606899,-1.0,-0.2544019413176495,0.0,-1.1557093425605536,-1.0245901639344261,-2.0061365266160616,-1.0,-0.817846549809446,Entertainment,Communication Services,FWONA
2016Q1,2016,Q1,2016-05-09,2016-03-31,289000000.0,0.0,488000000.0,0.624169,0.0,0.0,2346000000.0,1348000000.0,528000000.0,-118000000.0,998000000.0,0.0,0.0,3234157875.15,3874157875.15,16.1010198049113,-4.47457627118644,0.4411764705882353,0.7678041543026706,0.12810074245240005,16.1010198049113,0.21439169139465875,0.0,2.797714424870242,2.399226910348665,0.0,0.0,0.0,0.0,-4.415254237288136,0.12318840579710146,7.556443633528038,0.0,14.939774333333334,2.969435190279794,-1.0,0.0,0.0,20.266666666666666,1.5965770171149145,-0.9274442506476533,-1.0,-0.8088960271902522,Entertainment,Communication Services,FWONA
2015Q4,2015,Q4,2016-02-26,2015-12-31,-15000000.0,0.0,-818000000.0,-0.04477611940298507,0.0,0.0,1952000000.0,983000000.0,97000000.0,-124000000.0,969000000.0,0.0,0.0,13148750000.0,14105750000.0,2.934328358208955,-0.782258064516129,0.5292008196721312,1.0508646998982707,-0.3381283068783069,2.934328358208955,-0.015259409969481181,0.0,-219.14583333333334,13.376144455747712,0.0,0.0,0.0,0.0,-0.6370967741935484,-0.007684426229508197,-17.14308996088657,0.0,0.08913870777930201,0.0,0.0,0.0,0.0,0.8760330578512396,-3.5482866043613708,-1.0728616876936075,-1.0,-0.9214074313219616,Entertainment,Communication Services,FWONA
2015Q3,2015,Q3,2015-11-05,2015-09-30,-121000000.0,0.0,321000000.0,-0.049158,0.0,0.0,30680000000.0,10994000000.0,2110000000.0,2761000000.0,19686000000.0,0.0,11037000000.0,17039725205.6,23253725205.6,23.04647963870566,0.7642158638174574,0.22170795306388527,0.618701109696198,0.011135556717629735,23.04647963870566,-0.01100600327451337,0.0,-35.20604381322314,1.5499113339639803,0.0,0.0,0.0,0.0,0.32053603766751176,-0.00394393741851369,109.22900772820513,0.0,-3.000844826806,-1.1979705546856463,-1.0,-0.20223983115270783,0.0,-11.083333333333334,0.8771929824561403,-1.1979705546856463,-1.0,-0.20223983115270783,Entertainment,Communication Services,FWONA
2015Q2,2015,Q2,2015-08-05,2015-06-30,12000000.0,0.0,171000000.0,0.024568621884822613,0.0,0.0,31111000000.0,11075000000.0,2478000000.0,2970000000.0,20036000000.0,0.0,11112000000.0,17397658829.28,23164658829.28,22.942339766328114,0.8343434343434344,0.21076146700523932,0.5920541760722348,0.006465517241379311,22.942339766328114,0.0010835214446952596,0.0,362.45122561,1.5708947024180588,0.0,0.0,0.0,0.0,0.39494949494949494,0.000385715663270226,59.5810233879452,0.0,1.5830929603612818,-0.9954239130562521,-1.0,0.10693036454968013,0.0,1.2352941176470589,-0.3020408163265306,-0.9954239130562521,-1.0,0.10693036454968013,Entertainment,Communication Services,FWONA
2015Q1,2015,Q1,2015-05-08,2015-03-31,-51000000.0,0.0,245000000.0,-0.042135,0.0,0.0,31430000000.0,11308000000.0,2737000000.0,2684000000.0,20122000000.0,0.0,11333000000.0,18774000190.8,24073000190.8,23.219526769453196,1.0197466467958272,0.20588609608654151,0.5722497347010965,0.008676486824864124,23.219526769453196,-0.004510081358330385,0.0,-92.0294127,1.6602405545454544,0.0,0.0,0.0,0.0,0.5488077496274217,-0.0016226535157492842,74.79681350916334,0.0,-1.2712316759643836,-1.1204218018822585,-1.0,0.0,-1.0,-1.6986301369863013,0.18932038834951456,-1.1204218018822585,-1.0,0.0,Entertainment,Communication Services,FWONA
2014Q4,2014,Q4,2015-02-26,2014-12-31,73000000.0,1095000000.0,206000000.0,0.15534689984193772,556000000.0,0.5077625570776255,30269000000.0,11398000000.0,1385000000.0,2650000000.0,18871000000.0,0.0,11416000000.0,16573938730.800001,21737938730.800003,24.255396772580905,0.5226415094339623,0.19310185338134725,0.5128092647832954,0.00941269096462508,24.255396772580905,0.006404632391647657,15.136017105753426,56.760064146575345,1.4541093815406214,0.0,0.0,0.0,0.03617562522713007,0.4207547169811321,0.002411708348475338,58.56515452579506,0.5077625570776255,1.2121310052251724,0.0,0.0,0.0,-0.1664167916041979,1.2121212121212122,-0.17269076305220885,0.0,0.0,0.0,Entertainment,Communication Services,FWONA
2014Q3,2014,Q3,2014-11-05,2014-09-30,33000000.0,1184000000.0,249000000.0,0.070225,667000000.0,0.5633445945945946,33845000000.0,14021000000.0,2171000000.0,3231000000.0,19824000000.0,0.0,11964000000.0,16680921453.042992,22377921453.04299,29.837244968271353,0.6719281956050758,0.17946520904121732,0.43320733185935384,0.007186862403582983,29.837244968271353,0.0023536124384851294,14.088616092097121,126.37061706850753,1.189709824765922,0.0,0.0,0.0,0.03498301078445856,0.283503559269576,0.0009750332397695376,85.54318693868201,0.5633445945945946,-0.28571428571428575,-0.9451899703969492,1.8220802018993885,0.032824360031543647,0.02773497688751926,-0.34,0.07792207792207792,-0.9451899703969492,1.8220802018993885,0.032824360031543647,Entertainment,Communication Services,FWONA
2014Q2,2014,Q2,2014-08-05,2014-06-30,50000000.0,1160000000.0,231000000.0,0.098315,649000000.0,0.5594827586206896,34075000000.0,13976000000.0,2274000000.0,3321000000.0,20099000000.0,0.0,11931000000.0,17339525467.00521,22712525467.00521,28.782080497449247,0.6847335140018067,0.17429200293470287,0.4249427590154551,0.006792958471293052,28.782080497449247,0.003577561534058386,14.947866781901045,86.69762733502606,1.2406643865916722,0.0,0.0,0.0,0.03404255319148936,0.314965371875941,0.001467351430667645,77.06455763113426,0.5594827586206896,-0.2631606559342866,-0.9810448011494314,2.052264405134813,0.3886883021538844,0.2851485148514851,1.2727272727272727,0.49032258064516127,-0.9810448011494314,2.052264405134813,0.3886883021538844,Entertainment,Communication Services,FWONA
2014Q1,2014,Q1,2014-05-08,2014-03-31,22000000.0,1011000000.0,155000000.0,0.133428,505000000.0,0.49950544015825915,33693000000.0,14141000000.0,1801000000.0,3291000000.0,19552000000.0,0.0,11881000000.0,5495808145.871309,9786808145.87131,87.88107267782733,0.5472500759647524,0.13854509838838927,0.33010395304433915,-0.016952370825516656,87.88107267782733,0.0015557598472526696,5.436012013720385,62.45236529399215,0.38864352916139655,0.0,0.0,0.0,0.030006232748642152,0.17654208447280462,0.000652954619653934,24.104421692418022,0.49950544015825915,-0.9590398829115653,-0.8427809062359687,29.963994245864097,0.0,-0.015594541910331383,-0.9601449275362319,-0.17989417989417988,-0.8427809062359687,29.963994245864097,0.0,Entertainment,Communication Services,FWONA
2013Q4,2013,Q4,2014-02-28,2013-12-31,552000000.0,1025000000.0,189000000.0,3.257510219317069,513000000.0,0.5004878048780488,34542000000.0,14081000000.0,2494000000.0,3172000000.0,20461000000.0,0.0,11859000000.0,6476574976.056853,10943574976.056854,83.09601702573124,0.7862547288776797,0.1608187134502924,0.39450323130459486,0.00911006931660814,83.09601702573124,0.0392017612385484,6.318609732738394,2.933231420315604,0.459951351186482,0.0,0.0,0.0,0.029674020033582306,0.4126733921815889,0.01598054542296335,23.810937411973725,0.5004878048780488,6.362952810157495,0.0,0.0,0.0,-0.19592476489028213,6.2631578947368425,-0.23790322580645162,0.0,0.0,0.0,Entertainment,Communication Services,FWONA
2013Q3,2013,Q3,2013-11-05,2013-09-30,76000000.0,1110000000.0,248000000.0,0.442419,638000000.0,0.5747747747747748,33943000000.0,14419000000.0,2481000000.0,2760000000.0,19524000000.0,0.0,11307000000.0,6514559974.055583,10224559974.055584,85.09065190640003,0.8989130434782608,0.14379989983207142,0.33851168596990083,0.0070979521342215655,85.09065190640003,0.00527082321936334,5.868972949599624,21.42947359886705,0.45180386809456846,0.0,0.0,0.0,0.03270188256783431,0.5057971014492754,0.0022390478154553223,30.44186903764291,0.5747747747747748,-0.2025325354194456,-0.6499527521149695,6.336815650946414,1.9454360881290869,0.03403565640194489,-0.20833333333333334,0.05084745762711865,-0.6499527521149695,6.336815650946414,1.9454360881290869,Entertainment,Communication Services,FWONA
2013Q2,2013,Q2,2013-08-06,2013-06-30,96000000.0,1078000000.0,236000000.0,0.55478,617000000.0,0.5723562152133581,33884000000.0,14376000000.0,2365000000.0,2424000000.0,19508000000.0,0.0,11237000000.0,5652149995.8451185,9078149995.84512,84.83689658134453,0.9756600660066007,0.12876283791760124,0.3034919309961046,0.007594888237740695,84.83689658134453,0.00667779632721202,5.243181814327568,14.719140614179993,0.3931656925323538,0.0,0.0,0.0,0.03181442568764018,0.4933993399339934,0.002833195608546807,24.574565199326603,0.5723562152133581,-0.9881434780634147,-0.8957113630971071,7.128124390022797,3.093241483498487,0.44835680751173707,-0.9880922847928554,0.475,-0.8957113630971071,7.128124390022797,3.093241483498487,Entertainment,Communication Services,FWONA
2013Q1,2013,Q1,2013-05-09,2013-03-31,8062000000.0,789000000.0,160000000.0,46.791125,426000000.0,0.5399239543726235,32396000000.0,14277000000.0,3458000000.0,2452000000.0,18119000000.0,0.0,11141000000.0,4903960641.026344,5422960641.026344,84.25266920505396,1.4102773246329527,0.07466971231016174,0.16943335434615114,0.010029579840371384,84.25266920505396,0.5646844575190867,6.215412726269131,0.15207022578226076,0.34348677180264375,0.0,0.0,0.0,0.024354858624521546,0.8715334420880914,0.24885788368934436,15.667605881873305,0.5399239543726235,75.14059418367688,53.70876154835566,21.94638667912214,0.0,0.0,75.05660377358491,-0.5375722543352601,53.70876154835566,21.94638667912214,0.0,Entertainment,Communication Services,FWONA
2012Q4,2012,Q4,2013-02-28,2012-12-31,106000000.0,1675000000.0,346000000.0,0.6145358530710171,0.0,0.0,8325000000.0,6440000000.0,2211000000.0,385000000.0,1885000000.0,0.0,3079000000.0,4333776077.95851,3730776077.9585104,37.33595182808821,5.742857142857143,0.00048048048048048047,0.0006211180124223603,0.04043252878590441,37.33595182808821,0.016459627329192546,2.5873290017662747,10.221169995185166,0.6729465959562904,0.0,0.0,0.0,0.2012012012012012,1.6311688311688313,0.012732732732732732,-240.76533766436168,0.0,-0.5203618866660445,0.0,0.0,0.0,-1.0,-0.5203619909502263,33.6,0.0,0.0,0.0,Entertainment,Communication Services,FWONA
2012Q3,2012,Q3,2012-09-30,2012-09-30,221000000.0,154000000.0,10000000.0,1.281249,154000000.0,1.0,6165000000.0,4983000000.0,676000000.0,195000000.0,1182000000.0,0.0,0.0,4333776077.95851,4010776077.9585104,28.888982602385646,3.466666666666667,0.0,0.0,0.001300421432871764,28.888982602385646,0.04435079269516356,28.14140310362669,4.902461626649899,0.8697122371981758,0.0,0.0,0.0,0.024979724249797244,1.6564102564102565,0.03584752635847526,45.14350081206781,1.0,-0.7641409246419312,0.0,0.0,0.0,0.14074074074074075,-0.7641408751334045,4.0,0.0,0.0,0.0,Entertainment,Communication Services,FWONA
2012Q2,2012,Q2,2012-06-30,2012-06-30,937000000.0,135000000.0,2000000.0,5.432265,135000000.0,1.0,4332000000.0,3575000000.0,1188000000.0,179000000.0,757000000.0,0.0,0.0,4333776077.95851,3687776077.9585104,20.72609127102723,6.636871508379889,0.0,0.0,0.0003921058731082984,20.72609127102723,0.2620979020979021,32.10204502191489,1.1562903089537113,1.2122450567716112,0.0,0.0,0.0,0.031163434903047092,3.6089385474860336,0.2162973222530009,123.82217365595744,1.0,5.246668107899258,0.0,0.0,0.0,2.857142857142857,5.246666666666667,1.0625,0.0,0.0,0.0,Entertainment,Communication Services,FWONA
2012Q1,2012,Q1,2012-03-31,2012-03-31,150000000.0,35000000.0,-32000000.0,0.869626,35000000.0,1.0,,,,,,,,4333776077.95851,,,0.0,0.0,0.0,0.0,,0.0,123.82217365595744,7.222960129930851,0.0,0.0,0.0,0.0,0.0,0.0,0.0,47.10626171694033,1.0,0.0,0.0,0.0,0.0,0.0,0.0,0.0,0.0,0.0,0.0,Entertainment,Communication Services,FWONA
2011Q4,2011,Q4,2011-12-31,2011-12-31,,,,,,,7719000000.0,5259000000.0,3860000000.0,1230000000.0,2460000000.0,0.0,1665000000.0,0.0,-775000000.0,0.0,3.138211382113821,0.07008679880813577,0.10287126830195854,,0.0,,0.0,0.0,0.0,0.0,0.0,,,2.1601626016260163,,0.0,0.0,0.0,0.0,0.0,0.0,0.0,0.0,0.0,0.0,0.0,0.0,Entertainment,Communication Services,FWONA
