Quarters,Year,Quarter,FillingDate,Date,NetIncome,Revenue,OperatingIncome,EPSDiluted,GrossProfit,GrossProfitRatio,TotalAssets,CommonStockEquity,CurrentAssets,CurrentLiability,TotalLiability,Inventory,RetainedEarnings,MarketCap,EnterpriseValue,bookValuePerShare,currentRatio,debtToAssets,debtToEquity,roic,shareholdersEquityPerShare,roe,priceToSalesRatio,peRatio,pbRatio,payoutRatio,inventoryTurnover,dividendYield,assetTurnover,quickRatio,returnOnAssets,priceToFreeCashFlowsRatio,grossProfitMargin,epsdilutedGrowth,fiveYNetIncomeGrowthPerShare,fiveYRevenueGrowthPerShare,fiveYShareholdersEquityGrowthPerShare,grossProfitGrowth,netIncomeGrowth,operatingIncomeGrowth,threeYNetIncomeGrowthPerShare,threeYRevenueGrowthPerShare,threeYShareholdersEquityGrowthPerShare,Industry,Sector,Symbol
2023Q1,2023,Q1,2023-05-09,2023-03-31,-14008000.0,58900000.0,97011000.0,-0.0012,51800000.0,0.8794567063,305443000.0,100080000.0,291646000.0,26318000.0,205363000.0,824000.0,-175828000.0,261121400.8,388208400.8,0.008470267060546498,11.08161714415989,0.5855135000638417,1.786980415667466,0.34706868635788996,0.008470267060546498,-0.13996802557953636,4.433300522920204,-4.660219174757282,2.6091267066346924,0.0,8.616504854368932,0.0,0.19283466964376333,10.455543734326316,-0.04586125725585461,-28.572207112375533,0.8794567062818336,0.368421052631579,0.0,0.0,0.0,0.009746588693957114,0.3484651162790698,5.557930840067656,0.0,0.0,0.0,Software—Application,Technology,DAVEW
2022Q4,2022,Q4,2023-03-13,2022-12-31,-21500000.0,59600000.0,-21284000.0,-0.0019,51300000.0,0.860738255,321492000.0,106560000.0,308568000.0,36417000.0,214932000.0,831000.0,-161803000.0,382400733.0,537659733.0,0.009195798272698395,8.473185600131806,0.554128874124395,1.6718093093093094,-0.07419671756468811,0.009195798272698395,-0.20176426426426428,6.416119681208054,-4.446520151162791,3.5885954673423424,0.0,9.987966305655837,0.0,0.18538563945603623,8.132081170881731,-0.06687569208565065,-60.70816526432767,0.860738255033557,-18.0,0.0,0.0,0.0,0.08456659619450317,0.5476160417455709,0.4861667712809618,0.0,0.0,0.0,Software—Application,Technology,DAVEW
2022Q3,2022,Q3,2022-11-14,2022-09-30,-47526000.0,56800000.0,-41422000.0,-0.0001,47300000.0,0.8327464789,334226000.0,123225000.0,322297000.0,63226000.0,211001000.0,0.0,-140311000.0,11647182161.5,11776061161.5,0.00032903215961262617,5.097538987125549,0.5009694039362587,1.3587908297829174,-0.14215434593645912,0.00032903215961262617,-0.38568472306755935,205.0560239700704,-61.267422892206376,94.51963612497464,0.0,0.0,0.0,0.1699448875910312,4.926596653275551,-0.14219719590935476,-704.864570412733,0.8327464788732394,0.0,0.9995917913260867,-0.9999042548440376,-0.9998413418781662,0.23821989528795812,-0.7523044023302117,0.15755862433647216,0.9995917913260867,-0.9999042548440376,-0.9998413418781662,Software—Application,Technology,DAVEW
2022Q2,2022,Q2,2022-08-22,2022-06-30,-27122000.0,45800000.0,-49169000.0,-0.0001,38200000.0,0.8340611354,358500000.0,163272000.0,345587000.0,57419000.0,195228000.0,-270433000.0,-92807000.0,31580918870.000004,31712278870.000004,0.00043944636497525696,6.018687194134346,0.4399972105997211,0.9661117644176589,-0.15236609475750604,0.00043944636497525696,-0.16611543926699004,689.5397133187773,-291.1005721370106,193.42519764564653,0.0,-0.028103079136052183,0.0,0.1277545327754533,5.797645378707396,-0.07565411436541143,3675.191303386478,0.834061135371179,0.0,0.0,0.0,0.0,0.05817174515235457,0.2211245764172075,-0.9859843282979239,0.0,0.0,0.0,Software—Application,Technology,DAVEW
2022Q1,2022,Q1,2022-05-13,2022-03-31,-34822000.0,42600000.0,-24758000.0,-0.0001,36100000.0,0.8474178404,387774000.0,174440000.0,375008000.0,58790000.0,213334000.0,0.0,-67732000.0,530241179980.0,530374987980.0,0.0004819591718803115,6.37877189998299,0.40584722028810594,0.9021841320797982,-0.0741182414372553,0.0004819591718803115,-0.19962164641137353,12446.976055868545,-3806.7972831830457,3039.6765648933733,0.0,0.0,0.0,0.10985780377230037,6.185524749106991,-0.08979972870795876,-13267.63868334793,0.8474178403755869,0.0,0.0,0.0,0.0,0.0,0.0,0.0,0.0,0.0,0.0,Software—Application,Technology,DAVEW
2021Q3,2021,Q3,2021-11-23,2021-09-30,-7889000.0,40198000.0,-15671000.0,-0.08,33993000.0,0.8456390865217175,133856000.0,52627100.0,89578000.0,44897000.0,81228900.0,0.0,-17705000.0,43140216.6,70540216.6,2.0738437831580105,1.9951889881283826,0.3638761056657901,0.9255117610508654,-0.14953851830793385,2.0738437831580105,-0.1499037568097045,1.073193109109906,-1.3671002852072505,0.8197338747527414,0.0,0.0,0.0,0.3003077934496773,1.7802971245294785,-0.058936469041357874,-1.8709435597189696,0.8456390865217175,0.0,0.0,0.0,0.0,0.07118547929665343,-8.130787037037036,-1.4985650510204083,0.0,0.0,0.0,Software—Application,Technology,DAVEW
2021Q2,2021,Q2,2021-06-30,2021-06-30,-864000.0,37229000.0,-6272000.0,0.0,31734000.0,0.8524000107443123,,,,,,,,0.0,,0.0,0.0,0.0,0.0,0.0,0.0,0.0,0.0,0.0,0.0,0.0,0.0,,0.0,0.0,0.0,0.0,0.8524000107443123,0.0,0.0,0.0,0.0,0.0865575566664384,-1.2186234817813766,0.39301267782831706,0.0,0.0,0.0,Software—Application,Technology,DAVEW
2021Q1,2021,Q1,2021-03-31,2021-03-31,3952000.0,34426000.0,-10333000.0,0.0,29206000.0,0.8483704177075466,,,,,,,,0.0,,0.0,0.0,0.0,0.0,0.0,0.0,0.0,0.0,0.0,0.0,0.0,0.0,,0.0,0.0,0.0,0.0,0.8483704177075466,0.0,0.0,0.0,0.0,0.0,0.0,0.0,0.0,0.0,0.0,Software—Application,Technology,DAVEW
