Quarters,Year,Quarter,FillingDate,Date,NetIncome,Revenue,OperatingIncome,EPSDiluted,GrossProfit,GrossProfitRatio,TotalAssets,CommonStockEquity,CurrentAssets,CurrentLiability,TotalLiability,Inventory,RetainedEarnings,MarketCap,EnterpriseValue,bookValuePerShare,currentRatio,debtToAssets,debtToEquity,roic,shareholdersEquityPerShare,roe,priceToSalesRatio,peRatio,pbRatio,payoutRatio,inventoryTurnover,dividendYield,assetTurnover,quickRatio,returnOnAssets,priceToFreeCashFlowsRatio,grossProfitMargin,epsdilutedGrowth,fiveYNetIncomeGrowthPerShare,fiveYRevenueGrowthPerShare,fiveYShareholdersEquityGrowthPerShare,grossProfitGrowth,netIncomeGrowth,operatingIncomeGrowth,threeYNetIncomeGrowthPerShare,threeYRevenueGrowthPerShare,threeYShareholdersEquityGrowthPerShare,Industry,Sector,Symbol
2023Q1,2023,Q1,2023-03-31,2023-03-31,-404527.0,0.0,-569578.0,0.0,0.0,0.0,20293461.0,14579186.0,287699.0,1689275.0,5714275.0,0.0,-5426864.0,0.0,565952.0,0.0,0.1703091562948602,0.030699544055102283,0.04273215253581373,-0.04203943624283978,0.0,-0.027746885182753003,0.0,0.0,0.0,0.0,0.0,,0.0,0.03377070044841722,-0.019933859483111334,0.0,0.0,0.0,0.0,0.0,0.0,0.0,-41.36328411351974,-0.05689177203210878,0.0,0.0,0.0,Shell Companies,Financial Services,WINVU
2022Q4,2022,Q4,2022-12-31,2022-12-31,-9549.0,0.0,-538918.0,0.0,0.0,0.0,19937585.0,14983713.0,366023.0,928872.0,4953872.0,0.0,-4588137.0,0.0,36753.0,0.0,0.39405106408633267,0.006269565747305905,0.008342391502026234,0.0019151881740679976,0.0,-0.000637291971622788,0.0,0.0,0.0,0.0,0.0,,0.0,0.0950044785503277,-0.0004789446665681927,0.0,0.0,-1.0,1.0,0.0,1.0,0.0,-1.065733225946348,-1.1380289848172878,1.0,0.0,1.0,Shell Companies,Financial Services,WINVU
2022Q3,2022,Q3,2022-11-15,2022-09-30,145269.0,0.0,-252063.0,0.013,0.0,0.0,117351584.0,112993976.0,608521.0,332608.0,4357608.0,0.0,-3698336.0,116150000000.0,116149783754.0,0.009825563130434783,1.8295440879353473,0.0,0.0,-0.0011919484761400635,0.009825563130434783,0.001285634908537071,0.0,199887.79436769028,1027.9309049183294,0.0,0.0,0.0,0.0,0.650152732345584,0.0012378955191606105,-1162174.060955354,0.0,0.0,1.0008463123375857,0.0,-0.9996187727848042,0.0,3.1994969935245146,0.09687208885704049,1.0008463123375857,0.0,-0.9996187727848042,Shell Companies,Financial Services,WINVU
2022Q2,2022,Q2,2022-08-12,2022-06-30,34592.0,0.0,-279100.0,0.0,0.0,0.0,117042087.0,112848707.0,641151.0,168380.0,4193380.0,0.0,-3369667.0,116150000000.0,116149785845.0,0.009812931043478261,3.807762204537356,0.0,0.0,0.0006998030706457303,0.009812931043478261,0.0003065343052623545,0.0,839428.1914893617,1029.2541499833046,0.0,0.0,0.0,0.0,1.2718553272360138,0.00029555180436931206,-1242857.4485843303,0.0,0.0,182.10994764397904,0.0,4610.339776070611,0.0,1.1596264062831672,-0.22196828399050797,182.10994764397904,0.0,4610.339776070611,Shell Companies,Financial Services,WINVU
2022Q1,2022,Q1,2022-05-13,2022-03-31,-216706.0,0.0,-228402.0,0.0,0.0,0.0,117087930.0,112970961.0,745734.0,91969.0,4116969.0,0.0,-3179327.0,115459999999.99998,115459692390.99998,0.009823561826086957,8.108536572105818,0.0,0.0,-0.0018248008427185593,0.009823561826086957,-0.0019182451674461722,0.0,-133198.89620038206,1022.0325557821889,0.0,0.0,0.0,0.0,3.344703106481532,-0.001850797088991154,-576443.9806886773,0.0,1.0,0.0,0.0,0.0,0.0,0.9999993062211067,0.999999280822953,0.0,0.0,0.0,Shell Companies,Financial Services,WINVU
2021Q4,2021,Q4,2022-04-15,2021-12-31,-312356000000.0,0.0,-317588000000.0,-27.16,0.0,0.0,117330819000000.0,-2938941000000.0,901406000000.0,94760000000.0,4119760000000.0,0.0,-2939229000000.0,117530000000.0,-390376000000.0,-255.56008695652173,9.51251582946391,0.0,0.0,0.10716454423942214,-255.56008695652173,0.10628182056053524,0.0,-0.09406734623314424,-0.039990595251827105,0.0,0.0,0.0,0.0,5.359919797382862,-0.002662182047838599,-0.13159412176347096,0.0,0.0,0.0,0.0,0.0,0.0,-4753769.526732312,-4797908.144471469,0.0,0.0,0.0,Shell Companies,Financial Services,WINVU
2021Q3,2021,Q3,2021-11-15,2021-09-30,-65707.0,0.0,-66193.0,0.0,0.0,0.0,117522039.0,113459472.0,996704.0,37567.0,4062567.0,0.0,-2690816.0,44770109.58,44166905.58,25.773509179782536,26.531370617829477,0.0,0.0,-0.0005805439064676289,25.773509179782536,-0.0005791230898730077,0.0,-170.33995457105027,0.39459120328005753,,0.0,,0.0,16.05675193654005,-0.0005591036418284063,0.0,0.0,0.0,0.0,0.0,0.0,0.0,-343.0157068062827,-345.5602094240838,0.0,0.0,0.0,Shell Companies,Financial Services,WINVU
2021Q2,2021,Q2,2021-06-30,2021-06-30,-191.0,0.0,-191.0,0.0,0.0,0.0,301860.0,24472.0,25000.0,277388.0,277388.0,0.0,-528.0,115920000000.0,115919975000.0,2.128e-06,0.09012646545632833,0.0,0.0,-0.0078048381824125535,2.128e-06,-0.0078048381824125535,0.0,-151727748.69109946,4736842.105263158,,0.0,,0.0,0.09012646545632833,-0.00063274365599947,0.0,0.0,0.0,0.0,0.0,0.0,0.0,0.0,0.0,0.0,0.0,0.0,Shell Companies,Financial Services,WINVU
2021Q1,2021,Q1,2021-03-31,2021-03-31,,,,,,,101894.0,24663.0,25000.0,77231.0,77231.0,0.0,-337.0,0.0,-25000.0,0.0,0.3237042120392071,0.0,0.0,,0.0,,0.0,0.0,0.0,0.0,0.0,,,0.3237042120392071,,0.0,0.0,0.0,0.0,0.0,0.0,0.0,0.0,0.0,0.0,0.0,0.0,Shell Companies,Financial Services,WINVU
