Quarters,Year,Quarter,FillingDate,Date,NetIncome,Revenue,OperatingIncome,EPSDiluted,GrossProfit,GrossProfitRatio,TotalAssets,CommonStockEquity,CurrentAssets,CurrentLiability,TotalLiability,Inventory,RetainedEarnings,MarketCap,EnterpriseValue,bookValuePerShare,currentRatio,debtToAssets,debtToEquity,roic,shareholdersEquityPerShare,roe,priceToSalesRatio,peRatio,pbRatio,payoutRatio,inventoryTurnover,dividendYield,assetTurnover,quickRatio,returnOnAssets,priceToFreeCashFlowsRatio,grossProfitMargin,epsdilutedGrowth,fiveYNetIncomeGrowthPerShare,fiveYRevenueGrowthPerShare,fiveYShareholdersEquityGrowthPerShare,grossProfitGrowth,netIncomeGrowth,operatingIncomeGrowth,threeYNetIncomeGrowthPerShare,threeYRevenueGrowthPerShare,threeYShareholdersEquityGrowthPerShare,Industry,Sector,Symbol
2023Q1,2023,Q1,2023-05-09,2023-03-31,11337000.0,105276000.0,15495000.0,0.43,33286000.0,0.3161784262,293010000.0,199144000.0,247190000.0,104796000.0,107376000.0,19345000.0,61333000.0,350005320.0,244785320.0,7.863223564716102,2.35877323561968,0.0,0.0,0.05726124658719455,7.863223564716102,0.056928654641867193,3.3246449333181354,7.718208520772691,1.7575489093319407,0.1859398429919732,3.72137503230809,0.006022765596820072,0.3592914917579605,1.670731707317073,0.0386915122350773,31.43007543103448,0.3161784262319997,-0.08510638297872336,0.7631479270469079,0.12870816521905082,1.1454891708896573,-0.04113614103819784,-0.08090798540737738,0.0008396847952460922,1.0039534673617347,0.04301395345439904,1.086968870554829,Utilities—Regulated Electric,Utilities,GNE
2022Q4,2022,Q4,2023-03-15,2022-12-31,12335000.0,81389000.0,15482000.0,0.47,34714000.0,0.4265195542,277615000.0,187118000.0,227633000.0,99198000.0,103971000.0,15714000.0,49010000.0,265003860.0,166432860.0,7.30102618127902,2.294733764793645,0.0,0.0,0.06155168278189668,7.30102618127902,0.0659209696555115,3.2560156777942963,5.370974057559789,1.4162392714757532,0.18354276449128495,2.970281277841415,0.00854327178479589,0.29317219890856044,1.5544164196858807,0.044432037173783835,9.25163594470046,0.4265195542395164,-0.32857142857142857,15.331702569733705,0.05335311272153102,1.1064546392584738,-0.19537352525322763,-0.3427642796248934,-0.34225507689693263,13.718156131014918,0.01167914932072142,1.0106027270801397,Utilities—Regulated Electric,Utilities,GNE
2022Q3,2022,Q3,2022-11-09,2022-09-30,18768000.0,81285000.0,23538000.0,0.7,43143000.0,0.5307621332,259856000.0,175436000.0,214597000.0,86123000.0,97784000.0,18517000.0,34782000.0,235928550.0,154223550.0,6.952641382316807,2.4917501712666765,0.0,0.0,0.09779852997093678,6.952641382316807,0.10697918329191272,2.902485698468352,3.1426970108695653,1.3448126382270458,0.11855285592497869,2.0598369066263436,0.009430821322811504,0.31280786281632905,1.4595404247413584,0.07222461671079367,9.610515703287303,0.5307621332349142,-0.46153846153846156,21.530654709419263,0.0927725347062885,0.8896873387659896,-0.36059815632688147,-0.4556686678847994,-0.5144401353246968,2.782445673787425,0.0028349995257458296,0.857625365526088,Utilities—Regulated Electric,Utilities,GNE
2022Q2,2022,Q2,2022-08-08,2022-06-30,34479000.0,75026000.0,48476000.0,1.3,67474000.0,0.8993415616,239235000.0,163809000.0,201080000.0,75321000.0,85981000.0,16043000.0,18361000.0,233241080.0,172148080.0,6.4332168244118915,2.66964060487779,0.0,0.0,0.23063336718593078,6.4332168244118915,0.21048294049777486,3.1088033481726334,1.6911821688564055,1.4238599832732024,0.06859247657994721,0.47073489995636725,0.010139723242578023,0.313607958701695,1.4216619535056625,0.1441218885196564,25.324764386536373,0.8993415615919814,1.03125,3.682672143643082,0.32430941515797307,0.7471160654840163,0.48157744499582805,1.0601696940726577,0.9840379814185732,5.236186480423262,0.284423700910761,0.7096830426616261,Utilities—Regulated Electric,Utilities,GNE
2022Q1,2022,Q1,2022-05-09,2022-03-31,16736000.0,98529000.0,24433000.0,0.64,45542000.0,0.4622192451,220185000.0,139978000.0,187024000.0,91007000.0,93893000.0,18865000.0,-13530000.0,173907000.0,85722000.0,5.4330849247011335,2.0550507103849154,0.0,0.0,0.12564514761689893,5.4330849247011335,0.11956164540142022,1.765033644916725,2.5977981596558317,1.2423880895569304,0.13766730401529637,2.8087463556851313,0.013248460383998344,0.44748279855575995,1.5264979616952543,0.07600881077275927,9.512991630654778,0.4622192450953526,-0.30434782608695654,3.3810330864562683,0.29146880211698245,0.29168998311189326,2.291082526376644,-0.290757299656736,-0.2227700725283115,1.8398227095435562,0.17143348874520806,0.32736589860100446,Utilities—Regulated Electric,Utilities,GNE
2021Q4,2021,Q4,2022-03-16,2021-12-31,23597000.0,17514000.0,31436000.0,0.92,13838000.0,0.7901107685,229465000.0,123285000.0,200345000.0,116292000.0,118676000.0,17720000.0,-29115000.0,142112980.0,46620980.0,4.832052990515011,1.7227754273724762,0.0,0.0,0.2419249085919268,4.832052990515011,0.19140203593300076,8.114250314034487,1.5056255032419377,1.1527191466926228,0.015637581048438362,0.20744920993227992,0.002596525665706257,0.076325365524154,1.3228768960891548,0.10283485498877824,2.1240057990075925,0.7901107685280347,11.132158590308372,17.851654307560867,-0.6875487858752335,0.17380034627775717,-0.6734472342835567,11.18429003021148,1.3246321082600014,0.9425674751553904,-0.7098254967488449,0.23664313013614488,Utilities—Regulated Electric,Utilities,GNE
2021Q3,2021,Q3,2021-11-09,2021-09-30,-2317000.0,113164000.0,13523000.0,-0.0908,42376000.0,0.3744653777,193620000.0,94211000.0,152491000.0,108092000.0,111057000.0,23648000.0,-56673000.0,166606420.0,132623420.0,3.692521752763189,1.410751952040854,0.0,0.0,-0.22098407014635385,3.692521752763189,-0.02459373109297216,1.4722563712841539,-17.976523521795425,1.768439141926102,-0.16012084592145015,2.993403247631935,0.002226804945451682,0.5844644148331783,0.9309107056951486,-0.011966738973246566,28.339244769518626,0.3744653776819483,-1.454,0.9442698016867043,0.7704069572018767,-0.1341251696463352,0.7830514179920895,-1.431712316005217,8.972713864306785,-1.3960497803159273,0.5931445717794873,0.02966850907774029,Utilities—Regulated Electric,Utilities,GNE
2021Q2,2021,Q2,2021-08-09,2021-06-30,5367000.0,97706000.0,1356000.0,0.2,23766000.0,0.2432399239,185126000.0,98963000.0,136590000.0,95295000.0,98626000.0,15653000.0,-54017000.0,163081280.0,131635280.0,3.835180592156255,1.4333385801983316,0.0,0.0,0.008576992685737021,3.835180592156255,0.054232389883087616,1.6691019998771826,7.596482206074158,1.6479015389590048,0.06893981740264579,4.723695138312145,0.0022688073088462392,0.527781078832795,1.0963324413662836,0.02899106554454804,40.54730979612133,0.24323992385319224,3.0000000000000004,1.2491247881784064,0.9626741285652599,-0.33934161888199815,0.35581037138456273,2.992204899777283,1.206235741444867,3.05022091773939,0.6495048995880044,0.08376242488326459,Utilities—Regulated Electric,Utilities,GNE
2021Q1,2021,Q1,2021-05-07,2021-03-31,-2694000.0,135341000.0,-6575000.0,-0.1,17529000.0,0.1295172934,191257000.0,95918000.0,139795000.0,104381000.0,107833000.0,19020000.0,-59014000.0,164865360.0,140494360.0,3.6885863713274882,1.3392763050746783,0.0,0.0,-0.08553435633480391,3.6885863713274882,-0.02808649054400634,1.218147937432116,-15.299309576837416,1.7188156550386788,-0.13734224201930215,6.1941114616193484,0.0022442555549570874,0.7076394589479078,0.9821423439131642,-0.014085758952613499,-16.531170159430463,0.12951729335530254,-2.2610340479192943,-1.3640356119694672,1.0402928951583668,-0.35558949837932785,-0.20239341129362515,-2.3103112840466924,-8.570596797671033,-1.4080511825460016,0.4132146068510651,0.006434835591505582,Utilities—Regulated Electric,Utilities,GNE
2020Q4,2020,Q4,2021-03-16,2020-12-31,2056000.0,102860000.0,-687000.0,0.0793,21977000.0,0.2136593428,187339000.0,98095000.0,133820000.0,97473000.0,101260000.0,16930000.0,-56658000.0,186940880.0,151480880.0,3.783361616784943,1.3728930062684026,0.007755993146114797,0.014812171874203578,-0.002951706598367998,3.783361616784943,0.020959274172995566,1.8174302936029554,22.73113813229572,1.9057126255160814,1.2641050583657587,4.777495569994094,0.013902791085609526,0.5490581245763029,1.0544458465421194,0.01097475699133656,-203.41771490750816,0.21365934279603344,-0.6828000000000001,1.4400406226919567,1.0588655934476658,-0.3011128929367254,-0.1954532142334163,-0.6944114149821641,-1.0809664113140838,3.361263131241533,0.3158834764579375,0.09155609523823964,Utilities—Regulated Electric,Utilities,GNE
2020Q3,2020,Q3,2020-11-06,2020-09-30,6728000.0,96326000.0,8485000.0,0.25,27316000.0,0.2835786807,148892000.0,101489000.0,115313000.0,60442000.0,62394000.0,13414000.0,-52691000.0,207424000.0,189290000.0,3.914262573279852,1.9078289930842791,0.009550546704994224,0.01401137069041965,0.05939113453514876,3.914262573279852,0.06629289873779425,2.1533542345784107,7.707491082045184,2.0438077032978943,0.38466111771700356,5.144625018637245,0.012476858994137611,0.646952153238589,1.0645412130637637,0.0451871154931091,20.0023143683703,0.28357868073002096,6.621951219512194,1.019900560101815,0.5750098087245263,-0.31265999866904864,0.40175501616462256,6.6454545454545455,2.108058608058608,6.86034611171613,0.26026755878821883,0.06387371627496877,Utilities—Regulated Electric,Utilities,GNE
2020Q2,2020,Q2,2020-08-07,2020-06-30,880000.0,76075000.0,2730000.0,0.0328,19487000.0,0.2561551101,142421000.0,96988000.0,106813000.0,57718000.0,59819000.0,14702000.0,-56831000.0,192000320.0,160002320.0,3.7178671368881053,1.850601198932742,0.009773839532091474,0.014352291005072793,0.016645942385250467,3.7178671368881053,0.009073287417000041,2.523829378902399,54.545545454545454,1.9796296449045243,5.2102272727272725,3.8490001360359134,0.023880168533052446,0.5341557775889791,1.3020374926366125,0.006178864072011852,12.02482119371203,0.2561551100887282,-0.850909090909091,1.1579239856295824,0.6323273165177455,-0.3308619436623038,-0.32582598166407195,-0.8491083676268861,-0.7037117429997829,1.0668314743747271,0.3107053340372934,0.009688555738377114,Utilities—Regulated Electric,Utilities,GNE
2020Q1,2020,Q1,2020-05-11,2020-03-31,5832000.0,104051000.0,9214000.0,0.22,28905000.0,0.2777964652,157176000.0,98369000.0,120823000.0,69729000.0,71967000.0,18061000.0,-56184000.0,187455440.0,162188440.0,3.7677723303202084,1.7327510791779603,0.02826767445411513,0.04516666836096738,0.06400993387414211,3.7677723303202084,0.05928697048867021,1.8015726903153262,8.035641289437585,1.9056353119377039,0.06344307270233196,4.160677703338686,0.0019738024140563753,0.6620031047997149,1.0785182635632233,0.03710490151168117,-68.86680382072007,0.2777964651949525,6.8201058201058204,3.0322046882181706,0.18375078942005635,-0.3184956520860666,0.3151788151788152,6.902834008097166,2.3837679030481085,0.5065448585308281,0.34587829493617095,-0.10423012981184271,Utilities—Regulated Electric,Utilities,GNE
2019Q4,2019,Q4,2020-03-16,2019-12-31,-988000.0,81953000.0,2723000.0,-0.0378,21978000.0,0.2681781021,156244000.0,94805000.0,112939000.0,72156000.0,75314000.0,16632000.0,-59671000.0,201814840.0,174900840.0,3.6312624482917113,1.5652059426797493,0.027700263690125702,0.045651600653973945,-0.057741555456016426,3.6312624482917113,-0.010421391276831391,2.462568057301136,-51.06650809716599,2.128736248088181,-2.4038461538461537,3.606000481000481,0.011768212882660164,0.5245193415427153,1.1234547369588115,-0.006323442820204296,-820.3855284552845,0.26817810208290116,-1.1989473684210525,0.9197822485393473,0.3966482075227742,-0.35789732169487637,-0.16601525443023565,-1.1882980750905279,-0.6079193664506839,0.31047877271257085,0.42878431688686713,-0.11789520363353195,Utilities—Regulated Electric,Utilities,GNE
2019Q3,2019,Q3,2019-11-12,2019-09-30,5247000.0,85713000.0,6945000.0,0.19,26353000.0,0.3074562785,150230000.0,99868000.0,103716000.0,57113000.0,62446000.0,9629000.0,-57621000.0,199055180.0,163646180.0,3.7427575609938915,1.8159788489485755,0.02274512414298076,0.034215164016501785,0.04779155116734124,3.7427575609938915,0.052539351944566826,2.322345268512361,9.484237659615019,1.9931828012977129,0.4595006670478369,6.164710769550317,0.012112219335362185,0.5705451640817414,1.3730499185824594,0.03492644611595554,16.517731308605097,0.30745627851084434,1.59375,1.8649805206746102,0.47614467920756837,-0.41436375082361265,1.9352862552907106,1.6172215033525468,1.748706338939198,1.1206756130740638,0.2821989249814503,-0.12234516539940328,Utilities—Regulated Electric,Utilities,GNE
2019Q2,2019,Q2,2019-08-08,2019-06-30,-8501000.0,61009000.0,-9276000.0,-0.32,8978000.0,0.1471586159,147561000.0,100072000.0,96188000.0,53451000.0,58853000.0,10854000.0,-60456000.0,296534250.0,267012250.0,3.762812558751645,1.799554732371705,0.023210739965166947,0.03422535774242545,-0.07485104715109382,3.762812558751645,-0.08494883683747702,4.860500090150634,-8.720569638866017,2.96320898952754,-0.28608399011880953,4.793716602174314,0.008201413496080133,0.41344935314886727,1.2750930759012928,-0.057610073122301965,-94.13785714285714,0.1471586159419102,-2.4545454545454546,-0.3517467649070206,-0.004851224512835822,-0.290603024440778,-0.6491735375718026,-2.4007249958807053,-1.9432580841976814,-4.456519501711133,0.1890713326993644,-0.3518079282629868,Utilities—Regulated Electric,Utilities,GNE
2019Q1,2019,Q1,2019-05-10,2019-03-31,6069000.0,86617000.0,9834000.0,0.22,25591000.0,0.2954500849,154236000.0,108599000.0,102204000.0,50507000.0,55865000.0,9685000.0,-50558000.0,224195399.99999997,190089399.99999997,4.093132820744761,2.023561090541905,0.02226458155035141,0.03162091731968066,0.05966133548045216,4.093132820744761,0.05588449249072275,2.5883533255596474,9.235269401878398,2.0644333741563,0.39166254737188994,6.30108415074858,0.01060235847836307,0.5615874374335434,1.573267071891025,0.039348790165720064,33.496996862393544,0.2954500848563215,-0.5416666666666667,1.6775544856077549,-0.4697878992089232,-0.2514674779706071,0.7354536823545368,-0.5195535148828372,22.471615720524017,-0.1962266813271963,0.2797833116977915,-0.2849136474830873,Utilities—Regulated Electric,Utilities,GNE
2018Q4,2018,Q4,2019-03-19,2018-12-31,12632000.0,62765000.0,-458000.0,0.48,14746000.0,0.234939855,146864000.0,103671000.0,97904000.0,50786000.0,54202000.0,9893000.0,-53939000.0,159987960.0,121825960.0,3.9073948439620083,1.9277753711652819,0.023416221810654756,0.03317224681926479,0.030396305441714767,3.9073948439620083,0.12184699674933203,2.5489996016888394,3.166322830905637,1.5432277107387795,0.18888537048765042,4.853836045688871,0.014913622250074317,0.42736817736136834,1.5264246052061592,0.08601154809892145,-183.05258581235697,0.23493985501473752,1.1818181818181819,10.015320750829254,-0.2533215435538593,-0.317112333267215,-0.3067230841560884,1.134865641372317,-1.075752563678465,3.642048627526643,0.22771634720727346,-0.2782006703944971,Utilities—Regulated Electric,Utilities,GNE
2018Q3,2018,Q3,2018-11-09,2018-09-30,5917000.0,71842000.0,6046000.0,0.22,21270000.0,0.2960663679,131463000.0,92540000.0,100993000.0,48829000.0,52513000.0,7912000.0,-64186000.0,141411400.0,98009400.0,3.586126719627979,2.0682995760715968,0.019123251409141735,0.027166630646207047,0.056835091375296645,3.586126719627979,0.06393991787335207,1.968366693577573,5.974792969410175,1.5281110870974715,0.4034138921750887,6.391809908998989,0.016879827227507825,0.5464807588446939,1.705687194085482,0.045008861809026114,19.58606648199446,0.29606636786281004,3.1999999999999997,1.232388861677588,-0.2466886703762943,-0.4288691309544766,0.3234196117471379,3.372493985565357,7.813411078717201,0.7848870176451817,0.18027526362190727,-0.37028027678361186,Utilities—Regulated Electric,Utilities,GNE
2018Q2,2018,Q2,2018-08-09,2018-06-30,-2494000.0,56433000.0,686000.0,-0.1,16072000.0,0.2847979019,124385000.0,86997000.0,91838000.0,46828000.0,50698000.0,7765000.0,-67715000.0,121936640.0,81275640.0,3.5387650504393102,1.961177073545742,0.020211440286208145,0.028897548191316944,0.008548154373807086,3.5387650504393102,-0.028667655206501375,2.1607329045062285,-12.222999198075382,1.4016189063990712,-0.9013632718524459,5.197810688989054,0.01843580403724426,0.4536961852313382,1.5843939523362092,-0.02005064919403465,35.8110543318649,0.28479790193681004,-1.4,0.6823496945067347,-0.19589857921636014,-0.4150368518069551,-0.3428734974241557,-1.4052648683782905,-0.896484080277652,0.5250657784294951,0.2849020337884024,-0.36309656033897275,Utilities—Regulated Electric,Utilities,GNE
2018Q1,2018,Q1,2018-05-10,2018-03-31,6154000.0,89268000.0,6627000.0,0.25,24458000.0,0.2739839584,125178000.0,88836000.0,89867000.0,49586000.0,53478000.0,5677000.0,-63550000.0,120952610.0,86761610.0,3.66500268162878,1.8123462267575525,0.020083401236639025,0.028299338106173175,0.06383930143669529,3.66500268162878,0.06927371786212796,1.3549380517094591,4.913576941826454,1.3615269710477735,0.3631784205394865,11.416240972344548,0.018478311464299943,0.7131285050088674,1.5559432097769532,0.04916199332151017,14.583145647455993,0.27398395841735,8.440476190476192,52.14672656275586,-0.15662435439852931,-0.41124104008723966,-0.08581894296180011,8.56019656019656,-0.0943009430094301,3.3097572069091794,0.09387761054972431,-0.3370843448935335,Utilities—Regulated Electric,Utilities,GNE
2017Q4,2017,Q4,2018-03-16,2017-12-31,-814000.0,73076000.0,7317000.0,-0.0336,26754000.0,0.366111993,125778000.0,84013000.0,90162000.0,54741000.0,58650000.0,3986000.0,-67469000.0,105682040.00000001,78282040.00000001,3.4660258261479435,1.6470652710034526,0.01997964667906947,0.029912037422779807,-0.149967843735511,3.4660258261479435,-0.009688976705985978,1.4461935519185507,-32.45762899262899,1.2579248449644698,-2.7444717444717446,11.62117410938284,0.021138880362264013,0.5809919063747238,1.3617215615352296,-0.006471720014628949,18.01603136720082,0.3661119929935957,-2.1199999999999997,-1.6232991117542523,-0.0931090545368487,-0.4432966601058483,0.22843105744065384,-2.0462724935732646,4.215253029223093,0.9288136296025234,0.34139241003077264,-0.38711550108659676,Utilities—Regulated Electric,Utilities,GNE
2017Q3,2017,Q3,2017-11-09,2017-09-30,778000.0,69473000.0,1403000.0,0.03,21779000.0,0.3134886934,120210000.0,86709000.0,80195000.0,47217000.0,50947000.0,4861000.0,-65449000.0,154363850.0,127485850.0,3.6792548903127256,1.6984348857403053,0.02089676399633974,0.02897046442699143,0.010982716720070111,3.6792548903127256,0.008972540336066613,2.221925784117571,49.602779562982,1.7802517616395068,2.87146529562982,9.811561407117876,0.014472300347523077,0.577930288661509,1.3573289281402885,0.0064720073205224195,38.08631877621515,0.3134886934492537,1.06,1.6406632609203846,-0.02683671869104755,-0.35407012444913705,0.6310192466112484,1.0656817222456734,1.1136860870269831,1.145212905285361,0.3546547901397721,-0.42430013202499767,Utilities—Regulated Electric,Utilities,GNE
2017Q2,2017,Q2,2017-08-09,2017-06-30,-11845000.0,52212000.0,-12341000.0,-0.5,13353000.0,0.2557458056,121185000.0,86410000.0,88188000.0,48585000.0,52328000.0,4719000.0,-63993000.0,178818540.0,147894540.0,3.6821920143179785,1.815128125964804,0.020679126954656103,0.029001273000810093,-0.13104933893926798,3.6821920143179785,-0.13707904177757205,3.424855205699839,-3.7741355002110595,2.0694195116305982,-0.18742085268045588,8.234583598219961,0.012414820074025883,0.4308454016586211,1.460059689204487,-0.09774312002310517,-15.223781712923548,0.25574580556193977,-4.333333333333334,-1.8590345213511361,0.09292170330070254,-0.3739258738577084,-0.43469793827526354,-4.406672418751797,-4.110131048387097,-1.1345326837735474,-0.03482323803039374,-0.3058022854978197,Utilities—Regulated Electric,Utilities,GNE
2017Q1,2017,Q1,2017-05-10,2017-03-31,3477000.0,69440000.0,3968000.0,0.15,23621000.0,0.3401641705,123165000.0,98635000.0,97843000.0,40718000.0,41523000.0,6922000.0,-50310000.0,169778000.0,134967000.0,4.206183368869936,2.4029421877302424,0.009418260057646247,0.011760531251584123,0.03202453535189134,4.206183368869936,0.035251178587722413,2.4449596774193547,12.207218866839229,1.7212754093374565,0.6384814495254529,6.619329673504767,0.013075899115315294,0.563796533105996,1.7033253106734123,0.028230422603824138,74.10650371017023,0.34016417050691244,3.7322404371584703,1.5883053560129528,0.08138552520416784,-0.30588306356317113,0.6212079615648592,3.7016317016317015,3.950185873605948,1.4391965495833312,-0.519068358456284,-0.23079333530021479,Utilities—Regulated Electric,Utilities,GNE
2016Q4,2016,Q4,2017-03-16,2016-12-31,-1287000.0,51519000.0,-1345000.0,-0.0549,14570000.0,0.2828082843,121813000.0,96534000.0,97810000.0,41145000.0,41948000.0,5989000.0,-51567000.0,134837500.0,100356500.0,4.116588486140725,2.377202576254709,0.005836815446627207,0.00736528062651501,-0.014425085331015337,4.116588486140725,-0.013332090247995525,2.61723830043285,-26.192210567210566,1.3967876603062133,-1.435897435897436,6.169477375187844,0.013705386112913694,0.4229351547043419,1.7511240733989548,-0.010565374795793553,35.41830837930129,0.2828082843222889,0.966319018404908,-0.13550474229836051,0.007433354669572816,-0.3209084194111922,-0.2789627356856535,0.96537902835315,-1.3414572226453414,-0.03923736797738889,-0.3065571827124355,-0.2805519742793056,Utilities—Regulated Electric,Utilities,GNE
2016Q3,2016,Q3,2016-11-09,2016-09-30,-37174000.0,57153000.0,3939000.0,-1.63,20207000.0,0.3535597431,117968000.0,97286000.0,104986000.0,35644000.0,36555000.0,6841000.0,-48901000.0,134596700.0,92295700.0,4.264498312365756,2.945404556166536,0.0,0.0,0.04101292063412929,4.264498312365756,-0.3821104783833234,2.3550242331986073,-0.9051803679991391,1.3835156137573754,-0.049765965459729916,5.400672416313404,0.013744764916227515,0.48447884171978844,2.1159802491302884,-0.31511935440119354,-63.33962352941177,0.35355974314559163,-19.253079507278834,-5.981897910368856,0.0991677505640013,0.8327461303196857,0.07449750079761779,-18.634724857685008,1.8899486426999266,-16.864596664035194,-0.32211413270381456,-0.3208308524475991,Utilities—Regulated Electric,Utilities,GNE
2016Q2,2016,Q2,2016-08-09,2016-06-30,2108000.0,43977000.0,1363000.0,0.0893,18806000.0,0.4276326261,165243000.0,132327000.0,110671000.0,40702000.0,43753000.0,7305000.0,-13406000.0,154322150.0,108565150.0,5.805088835270893,2.7190555746646354,0.012103387132889139,0.015114073469511135,0.007916219033463623,5.805088835270893,0.015930233436864737,3.509155922413989,18.301962760910815,1.1662181565364589,0.8766603415559773,3.445722108145106,0.011974949804678071,0.26613532797153283,1.9065893567883643,0.012756970038065153,-254.23747940691928,0.42763262614548514,-0.6692592592592593,1.3962302332736642,-0.15356551370532376,1.3401685365670004,-0.24364543114543114,-0.6749922910884983,-0.8000293427230047,1.2895585448489313,-0.32420302787713284,-0.04041014528534467,Utilities—Regulated Electric,Utilities,GNE
2016Q1,2016,Q1,2016-05-10,2016-03-31,6486000.0,58138000.0,6816000.0,0.27,24864000.0,0.4276720905,159313000.0,130455000.0,108174000.0,35124000.0,38360000.0,6799000.0,-15010000.0,173439510.0,128672510.0,5.723969988153218,3.0797745131533993,0.012553903322390514,0.015330957034992909,0.043119632420950654,5.723969988153218,0.04971829366448201,2.9832383294918987,6.685149167437558,1.3294968379901115,0.2850755473327166,4.89395499338138,0.010660777351135273,0.36492941567856985,2.1234483544015488,0.04071230847451244,172.57662686567164,0.42767209054319033,2.5,0.0,0.0,0.0,0.5442519098192659,2.579254930606282,2.9819715033439955,58.330880746469376,-0.41583348927266,-0.08048126848866312,Utilities—Regulated Electric,Utilities,GNE
2015Q4,2015,Q4,2016-03-15,2015-12-31,-4107000.0,43915000.0,-3439000.0,-0.18,16101000.0,0.3666401002,155815000.0,123377000.0,114624000.0,37552000.0,41118000.0,11440000.0,-19647000.0,254119650.0,208483650.0,5.413408801719977,3.052407328504474,0.012835734685364053,0.01621047683117599,-0.02668846848877488,5.413408801719977,-0.033288214172819894,5.786625298872822,-15.468690650109568,2.0597003493357757,-0.09009009009009009,2.4312937062937063,0.0014560070423518998,0.28184064435388123,1.9934490839369408,-0.026358181176395084,-19.783546126897626,0.36664010019355575,-2.5,-2.7283319640693016,-0.11642940547312557,-0.10697890937847979,-0.2620313502612522,-2.443585237258348,-1.895806199531128,-4.344630328257679,-0.4203784774090396,-0.13051347240559366,Utilities—Regulated Electric,Utilities,GNE
2015Q3,2015,Q3,2015-11-09,2015-09-30,2845000.0,52238000.0,3839000.0,0.12,21818000.0,0.4176653011,150229000.0,126117000.0,121211000.0,32640000.0,34134000.0,11612000.0,-15482000.0,182261580.0,125049580.0,5.694798157680846,3.7135723039215685,0.0,0.0,0.023663531433847224,5.694798157680846,0.022558417976957904,3.489061219801677,16.01595606326889,1.4451785247032518,0.13040421792618628,2.6197037547364794,0.0020355359588126033,0.3477224770184186,2.6019301470588236,0.018937755027324952,-63.638819832402234,0.41766530112178873,1.5714285714285714,-0.027795354789335452,0.10778719132908653,0.0,0.5611047510017172,1.601988997037664,1.8861957525392428,3.4931103398679615,-0.22130890484373167,-0.000221410328704869,Utilities—Regulated Electric,Utilities,GNE
2015Q2,2015,Q2,2015-08-10,2015-06-30,-4726000.0,39527000.0,-4332000.0,-0.21,13976000.0,0.3535810965,147611000.0,122931000.0,124768000.0,33000000.0,34494000.0,9930000.0,-17957000.0,231648750.0,170958750.0,5.556203389830508,3.7808484848484847,0.0,0.0,-0.0337811034449098,5.556203389830508,-0.03844433055941951,5.860519391808131,-12.253954189589505,1.8843802620982504,-0.3914515446466356,2.5731117824773415,0.00798622915081562,0.26777814661508964,2.5957575757575757,-0.032016584129909015,-296.22602301790283,0.353581096465707,-0.9090909090909091,-5.319817323930229,-0.2170205670532966,2.3478928348984645,-0.18744186046511627,-0.9448559670781893,-1.5259475218658891,-0.2099079920532782,-0.12241969382873964,-0.055292290996594134,Utilities—Regulated Electric,Utilities,GNE
2015Q1,2015,Q1,2015-05-11,2015-03-31,-2430000.0,74429000.0,-1715000.0,-0.11,17200000.0,0.2310927192,153608000.0,122221000.0,137912000.0,35951000.0,37479000.0,8521000.0,-11613000.0,175750650.0,115050650.0,5.5286108472429545,3.8361102611888405,0.0,0.0,-0.014577879075848553,5.5286108472429545,-0.019882017001988203,2.36131951255559,-18.08134259259259,1.4379742433787974,-0.757201646090535,6.716230489379181,0.01046937806488909,0.48453856569970316,2.788128285722233,-0.015819488568303734,-12.659414391702082,0.23109271923578176,0.7659574468085106,0.0,0.0,0.0,0.34775113618555087,0.766995876881772,0.7550349950007141,-2.918801855450937,0.22949299788300692,-0.08765213318060548,Utilities—Regulated Electric,Utilities,GNE
2014Q4,2014,Q4,2015-03-16,2014-12-31,-10429000.0,49686000.0,-7001000.0,-0.47,12762000.0,0.2568530371,152928000.0,125021000.0,142372000.0,32082000.0,33585000.0,11166000.0,-7759000.0,136621260.0,60057260.0,5.655267562310581,4.437753257278224,0.0,0.0,-0.054306241252975916,5.655267562310581,-0.08341798577838923,2.749693273759208,-3.2750326013999427,1.092786491869366,-0.176718764982261,3.306824288017195,0.013489847773326055,0.32489799121155055,3.3660931363381335,-0.06819549068842855,-12.215777896995709,0.2568530370728173,-1.043478260869565,-8.760366119016757,0.030613843706335846,-0.06708076348372194,-0.28411959387446006,-1.1614507772020726,-0.7046505965424884,-8.760366119016757,0.030613843706335846,-0.06708076348372194,Utilities—Regulated Electric,Utilities,GNE
2014Q3,2014,Q3,2014-11-10,2014-09-30,-4825000.0,46186000.0,-4107000.0,-0.23,17827000.0,0.3859827653,158831000.0,135641000.0,144977000.0,26908000.0,28893000.0,8979000.0,4521000.0,149204720.0,58305720.0,6.390925367508481,5.387877211238293,0.0,0.0,-0.03352307214568121,6.390925367508481,-0.03557184037274865,3.230518338890573,-7.7308145077720205,1.0999971984871832,-0.07689119170984456,3.1583695289007685,0.002486516512346258,0.2907870629788895,4.316114166790546,-0.030378200729076817,-100.3394216543376,0.38598276534014636,0.04166666666666659,-2.7204450155149935,0.02199367528595347,0.0,0.5568072657409833,0.03634911124425804,0.054558011049723756,0.025937821007606103,-0.04524825513443785,1.7466170410946318,Utilities—Regulated Electric,Utilities,GNE
2014Q2,2014,Q2,2014-08-11,2014-06-30,-5007000.0,48810000.0,-4344000.0,-0.24,11451000.0,0.2346035648,134713000.0,112312000.0,121342000.0,25307000.0,27696000.0,4719000.0,9284000.0,166639380.0,97109380.0,5.304241050344762,4.7947998577468685,0.0,0.0,-0.039741553121484585,5.304241050344762,-0.0445811667497685,3.414041794714198,-8.32032055122828,1.483718391623335,-0.06091471939285001,7.916719643992371,0.0018302996566597883,0.36232583343849517,3.9300193622317936,-0.03716790510195749,7.586932252777272,0.23460356484326983,0.2941176470588236,-5.78222082712033,0.010289126596623855,2.19607281467161,0.15713419563459985,0.29942633272701835,0.33097181580163254,-0.01319090530405488,0.011377401503012172,1.138264954872938,Utilities—Regulated Electric,Utilities,GNE
2014Q1,2014,Q1,2014-05-12,2014-03-31,-7147000.0,130348000.0,-6493000.0,-0.34,9896000.0,0.0759198453,157465000.0,115762000.0,144822000.0,44577000.0,46856000.0,651000.0,14462000.0,211064900.0,162981900.0,5.468209730751063,3.2488054377818156,0.0,0.0,-0.05470382610602434,5.468209730751063,-0.061738739828268344,1.6192415687237243,-7.382989366167624,1.8232658385307787,-0.042815167203022246,185.02611367127497,0.001449791035837792,0.8277903026069285,2.791910626556296,-0.04538786396977106,-7.075117323679271,0.07591984533709761,-5.4393939393939394,0.0,0.0,0.0,-0.4121420933824403,-5.392665474060823,-7.4800399201596806,0.0,0.0,0.0,Utilities—Regulated Electric,Utilities,GNE
2013Q4,2013,Q4,2014-03-17,2013-12-31,-1118000.0,67071000.0,1002000.0,-0.0528,16834000.0,0.2509877592,158843000.0,121132000.0,146092000.0,40334000.0,42503000.0,3344000.0,21552000.0,216145700.00000003,137917700.00000003,5.721870571563533,3.622055833787871,0.0,0.0,0.008563018488554269,5.721870571563533,-0.009229600766106396,3.222640187264243,-48.33311717352416,1.784381501172275,-0.27280858676207514,15.023026315789474,0.0014110852078019593,0.42224712451917934,3.0037685327515247,-0.0070383964039963985,114.36280423280425,0.25098775924020816,-1.5866666666666664,-0.09263271056960891,0.45279946601826176,-0.056093621344585974,-0.15572496113145093,-1.5615268709191361,-0.7831168831168831,-0.09263271056960891,0.45279946601826176,-0.056093621344585974,Utilities—Regulated Electric,Utilities,GNE
2013Q3,2013,Q3,2013-11-12,2013-09-30,1991000.0,71638000.0,4620000.0,0.09,19939000.0,0.2783299366,146176000.0,121712000.0,135684000.0,29642000.0,29867000.0,3478000.0,22340000.0,189963200.0,112777200.0,6.278992983904251,4.577423925511099,0.0,0.0,0.02485129013105452,6.278992983904251,0.01635828841856185,2.6517099863201095,23.852737317930693,1.5607598264756146,0.1531893520843797,14.864577343300748,0.0016055741322529838,0.4900804509632224,3.937656028608056,0.013620566987740806,-83.72111062141913,0.2783299366258131,1.28125,-0.22268226673249203,0.7356619605549136,0.0,1.0007023881196067,1.3227950713359273,1.9699769053117784,-0.22268226673249203,0.7356619605549136,0.0,Utilities—Regulated Electric,Utilities,GNE
2013Q2,2013,Q2,2013-08-09,2013-06-30,-6168000.0,55134000.0,-4763000.0,-0.32,9966000.0,0.1807596039,142097000.0,116835000.0,131975000.0,28452000.0,28519000.0,1853000.0,20658000.0,174975780.0,97947780.0,6.049552115155595,4.6385139884718125,0.0,0.0,-0.040238469994973235,6.049552115155595,-0.05279239953780973,3.1736456632930676,-7.092079280155642,1.4976315316471949,-0.05025940337224384,24.37560712358338,0.0017716737710784885,0.38800256163043556,4.092787853226486,-0.04340696847927824,82.071191369606,0.1807596038741974,-63.0,-7.458766267772668,0.25115046411341735,2.6451603297574913,-0.4759976865240023,-62.58762886597938,-2.2660818713450293,-7.458766267772668,0.25115046411341735,2.6451603297574913,Utilities—Regulated Electric,Utilities,GNE
2013Q1,2013,Q1,2013-05-10,2013-03-31,-97000.0,85331000.0,3762000.0,-0.005,19019000.0,0.2228850008,150460000.0,121642000.0,141637000.0,31798000.0,31798000.0,269000.0,26559000.0,204008040.0,130155040.0,6.224962898521058,4.4542738537014905,0.0,0.0,-0.0018460931383770542,6.224962898521058,-0.0007974219430788708,2.390784591766181,-525.7939175257732,1.6771184294898143,-2.1752577319587627,246.51301115241637,0.0010342729629675379,0.5671341220257876,4.017265236807346,-0.0006446896185032567,-241.14425531914893,0.2228850007617396,-1.1004016064257027,0.0,0.0,0.0,0.02989115719932853,-1.0915094339622642,0.9883720930232558,0.0,0.0,0.0,Utilities—Regulated Electric,Utilities,GNE
2012Q4,2012,Q4,2013-03-21,2012-12-31,1060000.0,65403000.0,1892000.0,0.0498,18467000.0,0.2823570784,150306000.0,122490000.0,141201000.0,32209000.0,32209000.0,2644000.0,28375000.0,139685400.0,68071400.0,6.225983531564501,4.383898910242479,0.0,0.0,0.014151191358961587,6.225983531564501,0.008653767654502409,2.1357644144764003,32.94466981132076,1.140382072005878,0.0,17.751891074130107,0.0,0.4351323300467047,3.8197708714955447,0.0070522800154351785,-73.21037735849056,0.2823570784214791,1.966990291262136,2.11472168764657,0.5243923147940303,0.027067196880239813,-0.1386660447761194,1.977859778597786,-0.5242645209957254,2.11472168764657,0.5243923147940303,0.027067196880239813,Utilities—Regulated Electric,Utilities,GNE
2012Q3,2012,Q3,2012-11-14,2012-09-30,-1084000.0,63725000.0,3977000.0,-0.0515,21440000.0,0.336445665,147201000.0,119828000.0,138375000.0,31024000.0,31024000.0,2771000.0,26576000.0,149993810.0,76269810.0,5.696059324048106,4.46025657555441,0.0,0.0,-0.012448835256716863,5.696059324048106,-0.009046299696231264,2.353767124362495,-34.59266835793358,1.2517425810328138,-1.0599630996309963,15.259833994947673,0.007660316115711708,0.4329114611993125,3.8993037648272306,-0.007364080407062452,-166.47481687014428,0.33644566496665357,0.7138888888888889,-1.389956525254375,0.42262727571935943,0.0,0.8406593406593407,0.708131394722671,1.9697634723238235,-1.389956525254375,0.42262727571935943,0.0,Utilities—Regulated Electric,Utilities,GNE
2012Q2,2012,Q2,2012-08-14,2012-06-30,-3714000.0,42826000.0,-4101000.0,-0.18,11648000.0,0.2719843086,144716000.0,123727000.0,134290000.0,27390000.0,27390000.0,1695000.0,30368000.0,163457490.0,82161490.0,5.88139943908352,4.902884264330048,0.0,0.0,-0.021799643839910097,5.88139943908352,-0.03001770025944216,3.816781627983001,-11.00279281098546,1.3211141464676261,-0.5134625740441573,18.39410029498525,0.011666641889582424,0.29593134138588684,4.200912741876597,-0.025664059260897206,4807.573235294118,0.2719843085975809,-4.435114503816794,-4.570368451405358,-0.10779739763906634,2.5438398596643554,-0.35403726708074534,-4.087281795511222,-2.1610985277463195,-4.570368451405358,-0.10779739763906634,2.5438398596643554,Utilities—Regulated Electric,Utilities,GNE
2012Q1,2012,Q1,2012-05-15,2012-03-31,1203000.0,57505000.0,3532000.0,0.0524,18032000.0,0.3135727328,147378000.0,127255000.0,137614000.0,26045000.0,26045000.0,980000.0,34770000.0,203070000.0,101206000.0,6.0597619047619045,5.283701286235362,0.0,0.0,0.01674504476850456,6.0597619047619045,0.009453459589014184,3.53134510042605,42.20074812967581,1.595772268280225,0.9551122194513716,40.27857142857143,0.005658147436844438,0.39018713783604064,4.965367632942983,0.008162683711273053,135.28980679546967,0.31357273280584297,2.18552036199095,0.0,0.0,0.0,1.2410501831403897,2.185221674876847,1.8740410789408561,0.0,0.0,0.0,Utilities—Regulated Electric,Utilities,GNE
2011Q4,2011,Q4,2012-03-15,2011-12-31,-1015000.0,45796000.0,-4041000.0,-0.0442,-74806000.0,1.6334614377,150200000.0,127300000.0,141800000.0,29900000.0,22900000.0,4100000.0,34900000.0,166530000.0,64330000.0,6.061904761904762,4.74247491638796,0.0,0.0,-0.012349586316265197,6.061904761904762,-0.007973291437549096,3.636343785483448,-41.01724137931034,1.3081696779261587,0.0,7.075609756097561,0.0,0.3049001331557923,4.294314381270903,-0.0067576564580559256,175.85005279831046,-1.6334614376801468,0.8078260869565218,0.0,0.0,0.0,-7.7808194343727335,0.7864506627393225,-0.5260574018126888,0.0,0.0,0.0,Utilities—Regulated Electric,Utilities,GNE
2011Q3,2011,Q3,2011-12-15,2011-10-31,-4753000.0,46417000.0,-2648000.0,-0.23,11032000.0,0.2376715428,67406000.0,47386000.0,60607000.0,25765000.0,25825000.0,2756000.0,35225000.0,169029500.0,145153500.0,2.3268352565676405,2.3522996312827478,0.0,0.0,-0.05066857942948295,2.3268352565676405,-0.10030388722407461,3.641542969170778,-8.890674310961499,3.5670767737306384,0.0,12.839259796806967,0.0,0.6886182238969825,2.17787696487483,-0.07051301071121265,-178.48944033790917,0.23767154275373248,0.0,-2.766257896692679,0.07042870650093402,0.0,0.0,0.0,-3.9487750556792873,-2.766257896692679,0.07042870650093402,0.0,Utilities—Regulated Electric,Utilities,GNE
2011Q2,2011,Q2,2011-04-30,2011-07-31,-4753000.0,46417000.0,898000.0,-0.23,11032000.0,0.2376715428,74074000.0,50518000.0,65251000.0,26033000.0,26513000.0,673000.0,38329000.0,175139000.0,135654000.0,2.4806285293395534,2.506472554065993,0.0,0.0,0.016117622725775767,2.4806285293395534,-0.09408527653509641,3.773165004201047,-9.212023984851673,3.4668632962508408,0.0,52.57800891530461,0.0,0.6266301266301266,2.6840932662390045,-0.06416556416556417,-62.43814616755793,0.23767154275373248,0.0,-5.719960278053624,-0.0010760324531386878,0.4947038286289131,0.0,0.0,0.0,-5.719960278053624,-0.0010760324531386878,0.4947038286289131,Utilities—Regulated Electric,Utilities,GNE
2010Q3,2010,Q3,2010-10-31,2010-10-31,2691000.0,43363000.0,5848000.0,0.12,14722000.0,0.3395060305,,,,,,,,175139000.0,,,0.0,0.0,0.0,0.0,,0.0,4.038904134861518,16.27081010776663,0.0,0.0,0.0,0.0,0.0,0.0,0.0,87.61330665332666,0.33950603048682054,1.42914979757085,0.0,0.0,0.0,0.31917562724014337,1.6722939424031777,0.567408201554543,0.0,0.0,0.0,Utilities—Regulated Electric,Utilities,GNE
2010Q2,2010,Q2,2010-07-31,2010-07-31,1007000.0,46467000.0,3731000.0,0.0494,11160000.0,0.2401704435,58466000.0,33798000.0,50985000.0,24030000.0,24230000.0,2694000.0,33822000.0,175139000.0,161997000.0,1.6596120795482445,2.1217228464419478,0.0,0.0,0.03489235606308847,1.6596120795482445,0.02979466240605953,3.7691049562054793,43.480387288977155,5.181933842239186,0.0,13.105790645879733,0.0,0.7947696096876817,1.9210986267166041,0.017223685560838777,-5307.242424242424,0.24017044354057718,0.0,0.0,0.0,0.0,0.0,0.0,0.0,0.0,0.0,0.0,Utilities—Regulated Electric,Utilities,GNE
2011Q1,2011,Q1,2011-04-30,2011-04-30,,,,,,,74074000.0,50518000.0,65251000.0,26033000.0,26513000.0,673000.0,38329000.0,0.0,-39485000.0,0.0,2.506472554065993,0.0,0.0,,0.0,,0.0,0.0,0.0,0.0,,,,2.429992701571083,,0.0,0.0,0.0,0.0,0.0,0.0,0.0,0.0,0.0,0.0,0.0,0.0,Utilities—Regulated Electric,Utilities,GNE
