Quarters,Year,Quarter,FillingDate,Date,NetIncome,Revenue,OperatingIncome,EPSDiluted,GrossProfit,GrossProfitRatio,TotalAssets,CommonStockEquity,CurrentAssets,CurrentLiability,TotalLiability,Inventory,RetainedEarnings,MarketCap,EnterpriseValue,bookValuePerShare,currentRatio,debtToAssets,debtToEquity,roic,shareholdersEquityPerShare,roe,priceToSalesRatio,peRatio,pbRatio,payoutRatio,inventoryTurnover,dividendYield,assetTurnover,quickRatio,returnOnAssets,priceToFreeCashFlowsRatio,grossProfitMargin,epsdilutedGrowth,fiveYNetIncomeGrowthPerShare,fiveYRevenueGrowthPerShare,fiveYShareholdersEquityGrowthPerShare,grossProfitGrowth,netIncomeGrowth,operatingIncomeGrowth,threeYNetIncomeGrowthPerShare,threeYRevenueGrowthPerShare,threeYShareholdersEquityGrowthPerShare,Industry,Sector,Symbol
2023Q1,2023,Q1,2023-05-08,2023-03-31,253000.0,21202000.0,9283000.0,0.0071,20074000.0,0.9467974719,1426450000.0,734880000.0,38728000.0,12808000.0,691570000.0,0.0,-123594000.0,853137528.0,1413466528.0,20.673243669571644,3.023735165521549,0.4199635458656104,0.8151766274765948,0.0010060869227171683,20.673243669571644,0.0003442738950576965,40.23854013772286,843.0212727272727,1.1609208687132593,42.07509881422925,0.0,0.012477472448029506,0.014863472256300607,3.023735165521549,0.00017736338462616985,462.9069603906674,0.9467974719366098,1.0473333333333332,1.334480745576163,-0.09951399944479174,1.3259972972518446,-0.1661889927310488,1.0488228483211115,0.11628186628186628,-0.9505303329316394,-0.17005097455146428,0.43787241947774064,REIT—Industrial,Real Estate,LANDM
2022Q4,2022,Q4,2023-02-21,2022-12-31,-5182000.0,24791000.0,8316000.0,-0.15,24075000.0,0.9711185511,1457251000.0,731362000.0,61141000.0,20736000.0,725889000.0,0.0,-114370000.0,810160170.4,1375519170.4,21.133085833566422,2.9485435956790123,0.4299190736530632,0.8566209346397543,-0.028591258746311323,21.133085833566422,-0.007085410508065773,32.67960834173692,-39.085303473562334,1.107741679770073,-1.983018139714396,0.0,0.012683911620743385,0.017012168802766306,2.9485435956790123,-0.003556010598036989,48.626143112658305,0.9711185510870881,-0.15384615384615377,0.47062290914011917,0.2462097661636821,1.278448776561608,0.024337318640173595,-0.10963597430406852,-0.16438906752411575,0.29812666568218366,-0.010009069497008267,0.42417766272573976,REIT—Industrial,Real Estate,LANDM
2022Q3,2022,Q3,2022-11-08,2022-09-30,-4670000.0,24209000.0,9952000.0,-0.13,23503000.0,0.9708372919,1437812000.0,707226000.0,37006000.0,14925000.0,730586000.0,0.0,-104775000.0,845113684.8000001,1447853684.8000002,20.43566354517988,2.479463986599665,0.4449441234319925,0.9045849558698351,-0.01910517121033401,20.43566354517988,-0.006603264020270748,34.909070378784754,-45.241631948608145,1.1949697618583028,-2.0539614561027837,0.0,0.011349952287507912,0.016837389032780363,2.479463986599665,-0.0032479906969756825,-377.95781967799644,0.9708372919162295,0.23529411764705885,-6.493208630847803,0.3078306038735385,1.2995133903510145,0.19925502602306358,0.2098138747884941,0.3374546431931192,0.2774921520957875,0.3189980110442673,0.6912184384768536,REIT—Industrial,Real Estate,LANDM
2022Q2,2022,Q2,2022-08-09,2022-06-30,-5910000.0,20293000.0,7441000.0,-0.17,19598000.0,0.9657517371,1410321000.0,651932000.0,48444000.0,17649000.0,758389000.0,0.0,-96442000.0,859549693.1999999,1473051693.1999998,18.885594315747003,2.7448580656127826,0.4693583942946322,1.0153604977206212,-0.05460133611368423,18.885594315747003,-0.009065362645183853,42.35695526536244,-36.35997010152284,1.3184652589533876,-1.494077834179357,0.0,0.010272820838463655,0.014388922805517325,2.7448580656127826,-0.0041905353462084165,165.23446620530564,0.9657517370521855,0.31999999999999995,-9.937811684975935,0.16186108964832116,1.4041644976684644,0.018607068607068608,-0.12336057783691314,-0.13092735342209763,0.05267013848999332,0.3105417157758716,0.5217385530764321,REIT—Industrial,Real Estate,LANDM
2022Q1,2022,Q1,2022-05-10,2022-03-31,-5261000.0,19943000.0,8562000.0,-0.25,19240000.0,0.9647495362,1385748000.0,629677000.0,49381000.0,16739000.0,753823000.0,0.0,-87868000.0,546170602.5,1156887602.5,29.3988058429051,2.95005675368899,0.4763477919506288,1.0483120711094736,-0.029422451232775607,29.3988058429051,-0.008355077285655979,27.386581883367597,-25.953744654058166,0.8673821697473467,-1.5706139517202053,0.0,0.015128972453254659,0.014391505526257299,2.95005675368899,-0.003796505569555215,135.35826579925651,0.9647495361781077,-0.19047619047619052,-17.799324367700656,0.6834093941964494,2.2374206779244186,-0.13702623906705538,-0.1862457722660654,0.019285714285714285,-61.66312080380636,1.1439173272152188,1.721305521666792,REIT—Industrial,Real Estate,LANDM
2021Q4,2021,Q4,2022-02-22,2021-12-31,-4435000.0,22800000.0,8400000.0,-0.21,22295000.0,0.9778508772,1351550000.0,586815000.0,16708000.0,15198000.0,762484000.0,0.0,-80467000.0,549169186.2,1200443186.2,27.397634423211198,1.0993551783129358,0.4942340275979431,1.1383178684934776,-0.014934237665310253,27.397634423211198,-0.007557748182987824,24.086367815789476,-30.956549391206313,0.9358472196518495,-1.782412626832018,0.0,0.014394471136843985,0.016869520180533462,1.0993551783129358,-0.003281417631608154,59.216000237222346,0.9778508771929825,0.0454545454545455,-0.2550533123439554,1.1619529590086495,2.569979860834853,0.1799417835406192,-3.9665551839464883,0.10221755675108253,0.2840920978578453,1.0556315804811005,1.410504334595608,REIT—Industrial,Real Estate,LANDM
2021Q3,2021,Q3,2021-11-09,2021-09-30,1495000.0,19591000.0,7621000.0,-0.22,18895000.0,0.9644734827,1261836000.0,523320000.0,66491000.0,11690000.0,736389000.0,0.0,-74427000.0,557629475.925,1137205475.925,24.433134882978255,5.687852865697177,0.5120055221122237,1.2345543835511732,-0.020045579367788148,24.433134882978255,0.00285676068180081,28.46355346460109,93.24907624163879,1.065561178485439,4.910367892976589,0.0,0.013164655594689814,0.015525789405279291,5.687852865697177,0.001184781540548851,228.44304626177794,0.9644734827216579,0.29032258064516125,20.93255614231393,1.0503904827009871,2.1712220224780263,0.18189779195596423,3.8207547169811322,0.35822491534485834,-0.8658962333582787,0.8320902835370487,1.7697504435177602,REIT—Industrial,Real Estate,LANDM
2021Q2,2021,Q2,2021-08-10,2021-06-30,-530000.0,16893000.0,5611000.0,-0.31,15987000.0,0.9463683182,1201634000.0,479284000.0,66789000.0,12900000.0,720320000.0,0.0,-68533000.0,557593064.5515,1118312064.5514998,22.37715091961582,5.177441860465116,0.5222122543137095,1.3092613147945686,0.0636994634015923,22.37715091961582,-0.0011058161757955616,33.007344139673236,-263.0155964865566,1.1633876043254103,-14.350943396226414,0.0,0.013640772246903547,0.014058357203607754,5.177441860465116,-0.0004410660816854383,54.0879876371617,0.9463683182383236,-22.846153846153847,-3.2935590280133122,0.8569126041622739,1.9224437594722625,0.024479333546940082,-1.9584086799276672,-0.259567168118237,0.7797308386365361,0.07338753176190697,1.6823920968841266,REIT—Industrial,Real Estate,LANDM
2021Q1,2021,Q1,2021-05-12,2021-03-31,553000.0,16034000.0,7578000.0,-0.013,15605000.0,0.9732443557,1134466000.0,415832000.0,72894000.0,11819000.0,716799000.0,0.0,-61066000.0,547027340.6999999,1103145340.6999998,19.414658993844327,6.167526863524833,0.5544564579282235,1.512658958425518,-0.0036394702944755495,19.414658993844327,0.0013298639835318108,34.11671078333541,247.29988277576854,1.3155008289405337,11.4249547920434,0.0,0.01154969693455397,0.014133521850809103,6.167526863524833,0.00048745400919904166,150.73776266189032,0.9732443557440439,0.9821917808219178,0.1006343516736347,1.0313437998364983,1.4986818087486025,-0.7248183677787966,1.0352993744414656,-0.7037065999374413,2.2133759901809467,0.1302165925354705,1.1843908516985915,REIT—Industrial,Real Estate,LANDM
2020Q4,2020,Q4,2021-02-24,2020-12-31,-15666000.0,57031000.0,25576000.0,-0.73,56708000.0,0.9943364135,12950000.0,383790000.0,9218000.0,623961000.0,683499000.0,0.0,-55213000.0,478488284.7,1093231284.7,17.918659399102317,0.014773359232387921,48.19003861003861,1.626048099220928,-0.08023257958778747,17.918659399102317,-0.040819197998905654,8.389968345285897,-7.635776278245882,1.2467450551082622,-0.3688242052853313,0.0,0.012075530759593538,4.403938223938224,0.014773359232387921,-1.2097297297297298,62.76079285152151,0.994336413529484,-3.5624999999999996,-6.563109627997722,5.593502795075426,0.9386905264251748,3.138665888191505,-3.3264291632145815,2.7778434268833085,-1.58587299646502,3.6322226536888516,0.9318876527091124,REIT—Industrial,Real Estate,LANDM
2020Q3,2020,Q3,2020-11-04,2020-09-30,-3621000.0,13989000.0,6770000.0,-0.16,13702000.0,0.9794838802,878377000.0,317315000.0,6455000.0,25863000.0,561062000.0,0.0,-49457000.0,491285440.94,988351440.94,14.429121055239548,0.24958434829679466,0.5732401918538396,1.58681751571782,-0.018889868220896434,14.429121055239548,-0.011411373556245372,35.11941103295447,-33.91918261115714,1.5482578539936658,-1.6260701463684064,0.0,0.011984885993637848,0.01592596345305034,0.24958434829679466,-0.004122375699728021,1372.3057009497206,0.9794838801915791,0.2727272727272727,-0.9763001782919466,0.8690795097039804,0.8408521976710474,0.14940021810250817,0.2468801996672213,0.3084654039427909,-8.143199967380093,0.189268907705311,0.6236300330627234,REIT—Industrial,Real Estate,LANDM
2020Q2,2020,Q2,2020-08-05,2020-06-30,-4808000.0,12638000.0,5174000.0,-0.22,11921000.0,0.9432663396,856689000.0,305236000.0,24779000.0,14196000.0,550306000.0,0.0,-45653000.0,478488284.7,945347284.7,14.251074598984847,1.74549168779938,0.5738815369404766,1.6106815709811424,-0.1715259519429313,14.251074598984847,-0.01575174618983344,37.86107649153347,-24.879798497296175,1.567601084734435,-0.9097337770382695,0.0,0.009141289640439969,0.0147521445938958,1.74549168779938,-0.005612305048856703,-1573.9746207236842,0.943266339610698,-6.5,-61.54986387902016,0.7888704797819686,0.6728333168607059,-0.19228945050477675,-2.571755475645636,-0.36099790045695934,-12.719030391075819,0.16619132252576607,0.8141831827837299,REIT—Industrial,Real Estate,LANDM
2020Q1,2020,Q1,2020-05-06,2020-03-31,3059000.0,15280000.0,8097000.0,0.04,14759000.0,0.9659031414,841120000.0,305699000.0,30232000.0,11754000.0,533065000.0,0.0,-40701000.0,474994867.2,922288867.2,14.377662016133888,2.5720605751233623,0.5677263648468709,1.5620790385313659,0.010087992607895882,14.377662016133888,0.010006575095109896,31.086051518324606,38.819456292906175,1.5537992181852083,1.6263484798953907,0.0,0.0104737973892784,0.01816625451778581,2.5720605751233623,0.0036368175765645805,583.5317778869779,0.9659031413612565,1.1904761904761905,44.394979151548114,1.1221617298478628,0.8839167007507626,0.1392512543419529,1.7691727432738245,0.3768066655330726,8.83977988042562,0.29928673246905535,0.5832799658586658,REIT—Industrial,Real Estate,LANDM
2019Q4,2019,Q4,2020-02-19,2019-12-31,-3977000.0,13489000.0,5881000.0,-0.21,12955000.0,0.9604121877,816787000.0,276621000.0,13688000.0,12401000.0,537817000.0,0.0,-38785000.0,416456426.92,884697426.9200001,14.838798828735818,1.1037819530683008,0.5900302037128407,1.7421996160812085,-0.0321852619869053,14.838798828735818,-0.014377071878129281,30.87378063014308,-26.179056255971837,1.5055126939747887,-1.0626100075433744,0.0,0.010147520188977181,0.016514709465258383,1.1037819530683008,-0.004869078474559463,100.30260763969171,0.9604121877085032,-0.1052631578947368,-26.483017714035576,1.0144480377883498,0.6158472510236512,0.23663612065673922,-0.02552862300154719,0.19581130540870273,-0.293081449441566,0.4695788332255679,0.933532368498467,REIT—Industrial,Real Estate,LANDM
2019Q3,2019,Q3,2019-11-06,2019-09-30,-3878000.0,11012000.0,4918000.0,-0.19,10476000.0,0.9513258264,757027000.0,250895000.0,3992000.0,12309000.0,503737000.0,0.0,-35344000.0,463859159.1,911971159.1,12.08339684587679,0.32431554147371844,0.5972098749450152,1.8019649654237828,-0.051872828901782624,12.08339684587679,-0.015456665138803085,42.12306203232837,-29.90324646080454,1.848817868431017,-0.9894275399690562,0.0,0.008271907376895858,0.014546376813508633,0.32431554147371844,-0.0051226706577176245,74.56343981674972,0.9513258263712314,-0.05555555555555561,-13.290497395789819,0.9706116708163351,0.33491279481537906,0.3472222222222222,-0.15108340753932917,0.3234660925726588,-59.68688174711398,0.18886173248129012,0.5683265519350793,REIT—Industrial,Real Estate,LANDM
2019Q2,2019,Q2,2019-08-07,2019-06-30,-3369000.0,8362000.0,3716000.0,-0.18,7776000.0,0.9299210715,628723000.0,231354000.0,28705000.0,9598000.0,397369000.0,0.0,-31919000.0,416456426.92,737995426.9200001,12.41053811613488,2.990727234840592,0.5570720333119673,1.5138878082937834,-0.1237099307010376,12.41053811613488,-0.014562099639513474,49.80344737144224,-30.903563885425942,1.8000831060625706,-0.9002671415850401,0.0,0.007282874759386604,0.013299974710643639,2.990727234840592,-0.005358480602745565,-629.0882581873112,0.9299210715139918,-46.0,-2.9196135354980544,0.8705993158100105,0.7222767502614456,0.1086398631308811,-47.15068493150685,0.03423323128305038,-17.75084821994476,0.05607943463986576,0.6208095391356334,REIT—Industrial,Real Estate,LANDM
2019Q1,2019,Q1,2019-05-07,2019-03-31,73000.0,7830000.0,3593000.0,0.004,7014000.0,0.8957854406,575949000.0,194769000.0,23108000.0,7491000.0,381180000.0,0.0,-28731000.0,402763972.84,713590972.8399999,10.803199276536365,3.0847683887331465,0.5797996003118332,1.7145182241527142,0.00459350005267948,10.803199276536365,0.0003748029717254799,51.43856613537675,1379.328674109589,2.0679059441697603,41.23287671232877,0.0,0.007473359592655864,0.013594953719860612,3.0847683887331465,0.00012674733353126752,-638.2947271632329,0.8957854406130268,1.013793103448276,0.2640550647771822,0.8962654995355183,0.4714249585013909,-0.04804560260586319,1.0162764771460424,0.5046063651591289,-0.8273917755770402,0.1784848629358397,0.3903802027697836,REIT—Industrial,Real Estate,LANDM
2018Q4,2018,Q4,2019-02-26,2018-12-31,-4485000.0,8030000.0,2388000.0,-0.29,7368000.0,0.9175591532,565119000.0,176246000.0,14730000.0,10197000.0,384066000.0,0.0,-25826000.0,346415478.08,667573478.0799999,11.365934518349452,1.4445425125036775,0.5943668501678407,1.9057907697195964,0.019310108059387637,11.365934518349452,-0.025447386039966866,43.14015916313823,-19.309669904124863,1.9655224974183811,-0.5698996655518395,0.0,0.007378423199120815,0.014209396604962848,1.4445425125036775,-0.007936381540879,-112.32667901426719,0.9175591531755916,-1.5576923076923077,-0.4447692519302374,1.8714177670733565,0.52998361748441,-0.0037858301784748512,-1.5366116295764538,-0.2860986547085202,-1.9907405654252874,0.2823151515515342,0.22972534294596095,REIT—Industrial,Real Estate,LANDM
2018Q3,2018,Q3,2018-11-08,2018-09-30,8358000.0,8017000.0,3345000.0,0.52,7396000.0,0.9225396033,509896000.0,141654000.0,2929000.0,7524000.0,362696000.0,0.0,-22305000.0,358734759.38,672047759.38,8.821421056240219,0.3892876129718235,0.6202088268980341,2.2324960820026263,0.0101422695353591,8.821421056240219,0.059002922614257276,44.74675806161906,10.730281149198373,2.5324717931015006,0.2605886575735822,0.0,0.006071338065383543,0.01572281406404443,0.3892876129718235,0.016391577890393336,-160.2209733720411,0.9225396033428963,2.3333333333333335,713.0619019995545,2.273038665281496,0.06039591233465338,-0.3322499097146984,5.797933409873709,0.35315533980582525,7.247225558200299,0.4669436267131442,0.1254276872301051,REIT—Industrial,Real Estate,LANDM
2018Q2,2018,Q2,2018-08-08,2018-06-30,-1742000.0,11394000.0,2472000.0,-0.39,11076000.0,0.972090574,475211000.0,129359000.0,2583000.0,14265000.0,340060000.0,0.0,-25763000.0,346415478.08,637256478.0799999,8.342237119475998,0.1810725552050473,0.6174604544086733,2.2682921172860024,0.019151040465800896,8.342237119475998,-0.013466399709336033,30.40332438827453,-49.71519490241102,2.6779387447336482,-1.1871412169919633,0.0,0.005969710162668953,0.023976717710659054,0.1810725552050473,-0.0036657400607309175,-67.30434779094618,0.9720905739863086,-8.72568578553616,-25.16685998172046,4.052202955979584,-0.03871999283486279,0.2562095951003743,-4.865319865319865,-0.11270638908829864,-30.302864494409416,1.2276696193983232,-0.020763515503202115,REIT—Industrial,Real Estate,LANDM
2018Q1,2018,Q1,2018-05-08,2018-03-31,-297000.0,9245000.0,2786000.0,-0.0401,8817000.0,0.9537047052,472916000.0,124055000.0,4738000.0,13425000.0,340948000.0,2059000.0,-21950000.0,311815732.88,602086732.88,8.887905284325562,0.3529236499068901,0.6194546177333818,2.361452581516263,0.011765239078698284,8.887905284325562,-0.0023940993913989764,33.728040333153054,-262.47115562289565,2.513528135746242,-6.232323232323233,0.2078678970373968,0.005936198224841797,0.019548926236371788,0.19955307262569832,-0.0006280185064578065,-180.55340641574986,0.953704705246079,0.8567857142857143,-3.3509997665662365,2.802067311035144,-0.20903206414599854,0.37894901470128245,0.9113961813842482,-0.05495251017639077,-7.713912638929189,0.9559283080974773,0.1645894291465835,REIT—Industrial,Real Estate,LANDM
2017Q4,2017,Q4,2018-02-20,2017-12-31,-3352000.0,6812000.0,2948000.0,-0.28,6394000.0,0.9386376982,462278000.0,109917000.0,4466000.0,18338000.0,344327000.0,1528000.0,-19802000.0,264742940.16,562806940.16,9.275207786526684,0.2435380085069255,0.6511276764198166,2.7384481017495017,0.11185021073298157,9.275207786526684,-0.030495737692986528,38.864201432765704,-19.7451476849642,2.408571378039794,-0.5405727923627685,0.27356020942408377,0.0068443751470951405,0.0147357217951103,0.1602137637692224,-0.007251048070641476,-90.38680101058381,0.9386376981796829,0.0,-4.201487190299532,0.7242962331375608,2.134776986830868,0.01379419692405264,-14.167420814479637,0.009934909215484755,-34.78659734288403,0.6002805799855022,0.01000890823513793,REIT—Industrial,Real Estate,LANDM
2017Q3,2017,Q3,2017-11-07,2017-09-30,-221000.0,6564000.0,2919000.0,-0.28,6307000.0,0.9608470445,456560000.0,109060000.0,3758000.0,10466000.0,337574000.0,0.0,-17801000.0,274154804.5,565730804.5,8.886951313669208,0.3590674565258934,0.6468678815489749,2.70799559875298,0.09898004229210142,8.886951313669208,-0.002026407482119934,41.7664235984156,-310.1298693438914,2.5137979506693564,-7.416289592760181,0.0,0.005978374163419047,0.01437708077799194,0.3590674565258934,-0.0004840546697038724,232.72903607809846,0.9608470444850701,-0.4000000000000001,-2.2248919825616698,0.7336310999577962,2.0960044532124513,0.09610705596107055,-1.973568281938326,0.004473503097040606,-2.185070543284703,0.9874384852663234,-0.018214400566801275,REIT—Industrial,Real Estate,LANDM
2017Q2,2017,Q2,2017-08-08,2017-06-30,227000.0,5996000.0,2906000.0,-0.2,5754000.0,0.9596397598,417020000.0,93091000.0,2766000.0,40570000.0,312544000.0,0.0,-15941000.0,264742940.16,533967940.15999997,7.855366941015089,0.0681784569879221,0.6522253129346315,2.9217754670161455,-0.07566545082377948,7.855366941015089,0.0024384741811775573,44.15325886591061,291.5671147136564,2.843915525238745,6.81057268722467,0.0,0.005839626919099938,0.014378207280226369,0.0681784569879221,0.0005443384010359215,340.7245047104247,0.9596397598398932,-21.0,-0.6797252373296054,0.7137621928872133,1.7456305936743592,0.04580152671755725,0.4934210526315789,0.11597542242703533,1.4154447507545709,1.1099755028484999,0.09013128364623628,REIT—Industrial,Real Estate,LANDM
2017Q1,2017,Q1,2017-05-09,2017-03-31,152000.0,5750000.0,2604000.0,0.01,5502000.0,0.9568695652,386982000.0,94403000.0,2473000.0,23626000.0,281034000.0,0.0,-14621000.0,232240742.24,470537742.24,9.080934721697435,0.10467281808177431,0.622173641151268,2.550448608624726,0.006421875587706592,9.080934721697435,0.0016101183225109372,40.389694302608696,381.974905,2.460099173119498,9.026315789473685,0.0,0.005907662827662516,0.014858572233333851,0.10467281808177431,0.00039278312686378175,101.94940396839333,0.9568695652173913,1.0625,-0.7363426972567297,0.8698255329310756,0.0,0.158299207506082,1.092194912175248,0.44209602343682936,3.564560063181694,1.4150016481256456,0.23684786830216448,REIT—Industrial,Real Estate,LANDM
2016Q4,2016,Q4,2017-02-21,2016-12-31,-1648681.0,4920325.0,1805705.0,-0.16,4750068.0,0.9653972045,333985019.0,76690333.0,2438021.0,20101990.0,246207857.0,0.0,-13401529.0,223242301.94,428151292.94,7.6744506947454205,0.12128256953664786,0.6208272832740441,2.703691637380164,-0.126226932807942,7.6744506947454205,-0.021497898568258924,45.3714545157078,-33.85165200848436,2.9109575249855806,-0.7752688361180847,0.0,0.005725487458660632,0.014732172762515434,0.12128256953664786,-0.004936392072124648,187.4974189890832,0.9653972044529578,0.058823529411764754,-3.015089814383596,0.7323906519322497,1.800391570106908,0.10254880101275202,-52.710347206975506,-7.14351374489571e-05,0.17587427238676215,1.7302060473402288,0.03306805236262011,REIT—Industrial,Real Estate,LANDM
2016Q3,2016,Q3,2016-11-14,2016-09-30,31883.0,4469174.0,1805834.0,-0.17,4308261.0,0.9639949127,316306732.0,77187668.0,2396852.0,25359088.0,229761677.0,0.0,-12197348.0,223809514.54,411792286.53999996,7.704643418150189,0.09451649049839647,0.6018829343157958,2.4664512989302905,-0.33926818341891724,7.704643418150189,0.00041305821028302087,50.078496505170754,1754.9282889000406,2.89955015275238,38.901985384060474,0.0,0.005541819803993754,0.01412924085346372,0.09451649049839647,0.00010079772820010672,-172.8672613057952,0.9639949127064643,-0.21428571428571425,1.0176064209274933,0.6301605352589474,0.0,0.05443109570732058,-0.7042749946666914,0.13286830857752988,3.3660387805298986,1.9245660213970974,-0.07384849509896547,REIT—Industrial,Real Estate,LANDM
2016Q2,2016,Q2,2016-08-02,2016-06-30,107813.0,4244441.0,1594037.0,-0.14,4085863.0,0.9626386608,275185109.0,76515946.0,2077250.0,19181532.0,192957968.0,0.0,-10988919.0,223242301.94,401638727.94,7.656999676071338,0.10829426971735104,0.6558264604354009,2.3586413739170133,-0.07336437618032787,7.656999676071338,0.0014090265576798854,52.59639654314903,517.6609081001363,2.9175918695431147,11.470101008227209,0.0,0.005539389216351852,0.015423948684665201,0.10829426971735104,0.00039178355395676586,-55.993913556462246,0.962638660780065,-11.071942446043167,-0.8196085757950564,0.43865722198445833,1.6762966929791123,0.1665648338859903,-0.5400783222988192,0.13843522353949436,1.320940475455217,1.920423744619716,-0.11768023396347108,REIT—Industrial,Real Estate,LANDM
2016Q1,2016,Q1,2016-05-02,2016-03-31,234416.0,3682677.0,1400200.0,0.0139,3502474.0,0.9510673893,256970629.0,77644757.0,2193360.0,8175115.0,173530422.0,0.0,-9860106.0,223242301.94,380776996.94,7.769960515127629,0.26829714322061526,0.6215809784238027,2.0571647226611836,0.00342118539062743,7.769960515127629,0.003019083439207621,60.6195715616656,238.0834733337315,2.8751754859635916,5.11549126339499,0.0,0.0053715312446576185,0.01433112030869489,0.26829714322061526,0.0009122287668136579,94.27470037559154,0.951067389293169,1.1437435367114788,-0.5769951111778899,0.2458300137848001,0.0,0.08328304780120518,1.2871988385413158,-0.09777614255162721,1.591820494549094,1.1154270198941778,-0.30852215075287526,REIT—Industrial,Real Estate,LANDM
2015Q4,2015,Q4,2016-02-23,2015-12-31,-816215.0,3408330.0,1551943.0,-0.0967,3233203.0,0.9486179449,229738247.0,78006719.0,2532522.0,4160932.0,151731528.0,0.0,-8895369.0,188546360.7,328746995.7,9.2426610409776,0.6086429674890145,0.6212860020647759,1.8297546522883497,-0.01559955662961041,9.2426610409776,-0.010463393544343277,55.319279735236904,-57.750213087238045,2.4170528272058203,-1.3784248022886127,0.0,0.005967184918462337,0.014835709963435039,0.6086429674890145,-0.003552804161511688,758.6401779247742,0.9486179448586258,-0.16086434573829525,-2.1811925102217353,0.420862383671179,2.3726283605197898,0.11805358159273037,-0.08127567518874286,0.3291131868800063,-2.0946078638444834,0.21139314277317944,2.123777040383122,REIT—Industrial,Real Estate,LANDM
2015Q3,2015,Q3,2015-11-03,2015-09-30,-754863.0,3083553.0,1167653.0,-0.0833,2891814.0,0.9378188084,219190114.0,71017308.0,2701450.0,8240880.0,148172806.0,0.0,-8138142.0,202407414.76,339791358.76,7.838283308944922,0.3278108648590927,0.6391045264021351,1.9725528599309903,-0.020229678182842457,7.838283308944922,-0.010629282089937851,65.64097155456709,-67.03448664194694,2.850113873085699,-1.4403116856966098,0.0,0.005371532467272347,0.01406793830126846,0.3278108648590927,-0.0034438733856400113,162.99557396257197,0.9378188083681389,0.24272727272727274,0.5390729801963584,0.24367428961603352,0.0,0.10061702458050549,-23.922017894285055,0.3051199826528411,-6.666868048699622,0.10308499660204393,1.7306732279165484,REIT—Industrial,Real Estate,LANDM
2015Q2,2015,Q2,2015-08-04,2015-06-30,-30289.0,2783853.0,894671.0,-0.11,2627448.0,0.9438170765,189215674.0,71900172.0,3158707.0,6313160.0,117315502.0,0.0,-7257300.0,188546360.7,295848819.7,8.519124084477754,0.500336915269057,0.5837844384921305,1.5363129590288045,0.15472562540463586,8.519124084477754,-0.00042126463897749784,67.72856206847128,-1556.228009343326,2.6223353220907457,-34.095216085047376,0.0,0.005477220542289682,0.014712591938868659,0.500336915269057,-0.0001600765906951239,1260.185009156652,0.9438170765482229,-4.851063829787234,-1.060005081457705,0.11722711107703385,1.9776289119636763,0.08574115749116307,-2.2325628713274193,-0.06269375063514064,-1.060005081457705,0.11722711107703385,1.9776289119636763,REIT—Industrial,Real Estate,LANDM
2015Q1,2015,Q1,2015-05-15,2015-03-31,24574.0,2625724.0,954513.0,-0.0188,2419958.0,0.9216345663,172103621.0,59174762.0,2180340.0,14308707.0,112928859.0,0.0,-6194301.0,173218037.78,277704500.78,7.631792854962336,0.1523785482503765,0.6197824449027717,1.802572573084451,-0.03422005138634585,7.631792854962336,0.00041527839182521766,65.96962886426753,1762.208409090909,2.9272282967525918,33.13013754374542,0.0,0.0047000878801895865,0.015256645878473411,0.1523785482503765,0.00014278607188630854,-1304.7653458172013,0.9216345663139005,-3.2380952380952386,-0.9428498509890373,0.14479470287280746,0.0,0.1019413629520884,-0.5505030181086519,0.25894803761097257,-0.9428498509890373,0.14479470287280746,0.0,REIT—Industrial,Real Estate,LANDM
2014Q4,2014,Q4,2015-02-24,2014-12-31,54670.0,2345676.0,758183.0,0.0084,2196086.0,0.9362273392,151702624.0,59969328.0,3433207.0,6396352.0,91733296.0,0.0,-5404735.0,145886097.76,229684116.76,9.183293049101843,0.536744538136738,0.5696497444895877,1.4410260024924741,0.004636611626210818,9.183293049101843,0.0009116326932994814,62.19362680949969,667.1213543076642,2.4326785479403736,12.724181452350466,0.0,0.004768315903167112,0.015462329774862695,0.5159919278989024,0.00036037610002052434,199.57686460723113,0.9362273391551093,-0.44736842105263164,-0.8977485599555614,0.26381251102043196,2.350965100099487,0.33922708401430407,-0.45534246575342463,0.7817296936540613,-0.8977485599555614,0.26381251102043196,2.350965100099487,REIT—Industrial,Real Estate,LANDM
2014Q3,2014,Q3,2014-10-27,2014-09-30,100375.0,1777675.0,425532.0,0.0152,1639816.0,0.9224498291,120621425.0,59789693.0,3714433.0,4876867.0,60831732.0,0.0,-4763774.0,147561597.76,201875999.76,9.051824877854996,0.7616432845103219,0.4754180113524608,0.9591218004748745,0.0034005222114988545,9.051824877854996,0.0016788010602429419,83.00819765142671,367.5257727521793,2.4680106278518608,5.855282689912827,0.0,0.003982906182378816,0.014737638856446937,0.7611747459998397,0.0008321490149863509,217.6456846856148,0.9224498291307466,1.3297180043383947,1.0840703113704464,-0.016531005640629714,0.0,0.10465861208322247,1.3333676526267544,-0.20433199765898608,1.0840703113704464,-0.016531005640629714,0.0,REIT—Industrial,Real Estate,LANDM
2014Q2,2014,Q2,2014-08-04,2014-06-30,-301094.0,1565935.0,534811.0,-0.0461,1484455.0,0.9479671889,93771099.0,47056369.0,4511901.0,3991031.0,46714730.0,0.0,-4276423.0,145886097.76,186388504.76,7.20589075724963,1.130510136353238,0.4727682460029609,0.9421040964720419,0.00598368860212019,7.20589075724963,-0.006398581241999356,93.16229457799972,-121.13002730044438,3.100241282109973,-1.9519585245803637,0.0,0.004028642955183258,0.016699548333117008,1.130127027327024,-0.0032109466905149526,-389.14478088180766,0.9479671889318522,-15.40625,-1.7709202296783884,-0.1877810000288594,1.5186237977602681,0.038043398452223036,-15.394014724161009,0.3533214907486133,-1.7709202296783884,-0.1877810000288594,1.5186237977602681,REIT—Industrial,Real Estate,LANDM
2014Q1,2014,Q1,2014-05-05,2014-03-31,20918.0,1495636.0,395184.0,0.0032,1430051.0,0.9561490898,91623638.0,47945186.0,14227863.0,1444950.0,43678452.0,0.0,-3387606.0,145886097.76,173771624.76,7.341998118299658,9.846612685560054,0.45219769597011633,0.8641534522360598,0.003358250893476348,7.341998118299658,0.0004362898915440645,97.541178308091,1743.5473965006213,3.0427684180847687,28.096567549478916,0.0,0.004028649809846007,0.01632369149105387,9.846072182428458,0.0002283035301436077,-1331.8066255249223,0.9561490897517845,1.016,-0.9422381786867122,-0.22574564933224678,0.0,0.2652284275187101,1.016000722090145,0.344455935986065,-0.9422381786867122,-0.22574564933224678,0.0,REIT—Industrial,Real Estate,LANDM
2013Q4,2013,Q4,2014-02-24,2013-12-31,-1307316.0,1177703.0,293936.0,-0.2,1130271.0,0.9597249901,93673464.0,48511992.0,16951766.0,1357989.0,45161472.0,0.0,-2820800.0,145886097.76,172768980.76,7.428794915488869,12.482992130274987,0.4606871909850585,0.8895566481788668,-0.19980122568750605,7.428794915488869,-0.026948305895169177,123.87341949540757,-27.898017342402298,3.007217220847167,-3.446666299502186,0.0,0.030886301499493892,0.012572429263425125,12.482961938572403,-0.013956097534729792,147.07861113911594,0.9597249900866347,-286.7142857142857,-3.4451242654679954,-0.3654725607175519,1.710752272033222,0.16339039784587642,-275.64621848739495,-0.15684879638341326,-3.4451242654679954,-0.3654725607175519,1.710752272033222,REIT—Industrial,Real Estate,LANDM
2013Q3,2013,Q3,2013-10-29,2013-09-30,4760.0,996096.0,348616.0,0.0007,971532.0,0.9753397263,85701381.0,54325189.0,40058209.0,833249.0,31376192.0,0.0,2992398.0,145886097.76,136097325.76,8.318988175669467,48.07471596125528,0.3452589054545107,0.5446675022152246,0.00021931847074384744,8.318988175669467,8.762049589924114e-05,146.45786928167564,7662.084966386555,2.685422737507641,493.88550420168065,0.0,0.01611459238472128,0.01162286988117496,48.07471596125528,5.554169541328628e-05,-1306.6610934365146,0.9753397262914418,-0.8478260869565217,1.004032584640798,-0.4425974577656476,0.0,0.05511390293489027,-0.8431940967189353,0.030119111289717306,1.004032584640798,-0.4425974577656476,0.0,REIT—Industrial,Real Estate,LANDM
2013Q2,2013,Q2,2013-08-07,2013-06-30,30356.0,949756.0,338423.0,0.0046,920784.0,0.969495323,88205335.0,56671324.0,43085610.0,808363.0,31534011.0,0.0,5338532.0,145886097.76,133069711.75999999,8.678259255674808,53.29982940832274,0.3354577702131056,0.5221188232694193,0.0015427975972459851,8.678259255674808,0.000535650093511138,153.60376534604677,1201.46015417051,2.57424897572536,77.44416260376862,0.0,0.01611459238472128,0.01076755731385182,53.29982940832274,0.0003441515187261632,167.80533388852015,0.9694953230092782,-0.54,-0.9222765830866203,-0.5073806584969424,2.0332502976798446,0.02755979323459303,-0.3611415102281337,-0.10108160370592705,-0.9222765830866203,-0.5073806584969424,2.0332502976798446,REIT—Industrial,Real Estate,LANDM
2013Q1,2013,Q1,2013-05-06,2013-03-31,47516.0,914583.0,376478.0,0.01,896088.0,0.9797776692,90013631.0,58991767.0,49751319.0,930013.0,31021864.0,0.0,7659071.0,117282721.32,117797051.32,11.236745361528929,53.49529415180218,0.3287187137245913,0.5015812630260762,0.0018925809347343976,11.236745361528929,0.0008054683291653223,128.2362796159561,617.069625599798,1.988120161242161,10.994633386648708,0.0,0.004454373109015783,0.01016049446999866,53.49529415180218,0.0005278756058624054,-45.785519385001685,0.9797776691672598,-0.8868778280542987,-0.8367923667122242,-0.41107398077617374,0.0,-0.013020027337541538,-0.8044327372255263,-0.30660267024221516,-0.8367923667122242,-0.41107398077617374,0.0,REIT—Industrial,Real Estate,LANDM
2012Q4,2012,Q4,2013-03-27,2012-12-31,242965.0,916757.0,542947.0,0.0884,907909.0,0.9903485875,40500901.0,8136726.0,873474.0,1118431.0,32364175.0,0.0,8133976.0,61435000.0,91379406.0,2.9588094545454546,0.7809815715050816,0.7609183805565215,3.7875037207840108,0.013222206391619182,2.9588094545454546,0.029860290244503748,67.0133961344173,63.21383738398535,7.5503341270186555,0.0,0.0,0.0,0.022635471739258343,0.7809815715050816,0.00599900234318244,101.46311010403127,0.9903485874664715,5.013605442176871,0.07910106371166536,0.17291598697551852,0.07966359856020543,0.15820526525941678,5.009373995201702,0.7765485784588,0.07910106371166536,0.17291598697551852,0.07966359856020543,REIT—Industrial,Real Estate,LANDM
2012Q3,2012,Q3,2012-09-30,2012-09-30,40431.0,848461.0,305619.0,0.0147,783893.0,0.923899861,40284218.0,7893760.0,1205797.0,1111638.0,32390458.0,0.0,7891010.0,61435000.0,91347083.0,2.870458181818182,1.0847029338687595,0.7724583359170581,3.942085900762121,0.005307099832021459,2.870458181818182,0.005121893748986541,72.4075708842245,379.87559051223076,7.782729649748662,0.0,0.0,0.0,0.021061870929206073,1.0847029338687595,0.001003643660154952,568.3058592810494,0.9238998610425229,-0.754180602006689,1.0813371717574067,0.12745100644742927,0.0,-0.0011162520435949942,-0.7541784973825492,-0.4512887449369452,1.0813371717574067,0.12745100644742927,0.0,REIT—Industrial,Real Estate,LANDM
2012Q2,2012,Q2,2012-06-30,2012-06-30,164473.0,811900.0,556976.0,0.0598,784769.0,0.9665833231,32353302.0,7867868.0,1490542.0,769866.0,24485434.0,0.0,7865118.0,61435000.0,83255338.0,2.861042909090909,1.9361057638602042,0.7205100734385628,2.9627950036782518,0.00968120618218859,2.861042909090909,0.020904392397025472,75.66818573715975,93.38158846740802,7.808341471920983,0.0,0.0,0.0,0.02509481103350749,1.9361057638602042,0.005083654212481929,134.8915334621465,0.9665833230693435,0.07747747747747745,0.0,0.0,0.0,-0.023226665670935863,0.07848318732623406,0.12277023744489218,0.0,0.0,0.0,REIT—Industrial,Real Estate,LANDM
2012Q1,2012,Q1,2012-03-31,2012-03-31,152504.0,813475.0,496073.0,0.0555,803430.0,0.987651741,,,,,,,,61435000.0,,,0.0,0.0,0.0,0.0,,0.0,75.52168167429853,100.71047316791692,0.0,0.0,0.0,0.0,0.0,0.0,0.0,-1965.542615817763,0.9876517409877378,-0.32234432234432236,0.0,0.0,0.0,0.07603192885650764,-0.32267104883302616,0.10961916137662,0.0,0.0,0.0,REIT—Industrial,Real Estate,LANDM
2011Q4,2011,Q4,2011-12-31,2011-12-31,225155.0,781605.0,447066.0,0.0819,746660.0,0.9552907159,32768277.0,7536353.0,2003854.0,1668606.0,25231924.0,0.0,7533603.0,61435000.0,83564146.0,2.740492,1.2009150152882107,0.736474487199922,3.202211998296789,0.014311818525637484,2.740492,0.029875856398977066,78.60108366758145,68.21411916235482,8.151820913908889,0.0,0.0,0.0,0.023852490016487593,1.2009150152882107,0.006871127218559584,97.99933640882321,0.9552907158986956,1.455,0.0,0.0,0.0,0.006066093742841821,1.4529561699448177,12.086262916020257,0.0,0.0,0.0,REIT—Industrial,Real Estate,LANDM
2011Q3,2011,Q3,2011-09-30,2011-09-30,-497079.0,752548.0,34163.0,-0.18,742158.0,0.9861935717,,,,,,,,61435000.0,,,0.0,0.0,0.0,0.0,,0.0,81.63598866783248,-30.89800615193963,0.0,0.0,0.0,0.0,0.0,0.0,0.0,91.49656115309347,0.9861935717057251,0.0,0.0,0.0,0.0,0.0,0.0,0.0,0.0,0.0,0.0,REIT—Industrial,Real Estate,LANDM
