Quarters,Year,Quarter,FillingDate,Date,NetIncome,Revenue,OperatingIncome,EPSDiluted,GrossProfit,GrossProfitRatio,TotalAssets,CommonStockEquity,CurrentAssets,CurrentLiability,TotalLiability,Inventory,RetainedEarnings,MarketCap,EnterpriseValue,bookValuePerShare,currentRatio,debtToAssets,debtToEquity,roic,shareholdersEquityPerShare,roe,priceToSalesRatio,peRatio,pbRatio,payoutRatio,inventoryTurnover,dividendYield,assetTurnover,quickRatio,returnOnAssets,priceToFreeCashFlowsRatio,grossProfitMargin,epsdilutedGrowth,fiveYNetIncomeGrowthPerShare,fiveYRevenueGrowthPerShare,fiveYShareholdersEquityGrowthPerShare,grossProfitGrowth,netIncomeGrowth,operatingIncomeGrowth,threeYNetIncomeGrowthPerShare,threeYRevenueGrowthPerShare,threeYShareholdersEquityGrowthPerShare,Industry,Sector,Symbol
2022Q4,2022,Q4,2022-12-31,2022-12-31,13814000.0,338000.0,10998000.0,0.35,338000.0,1.0,46222000.0,-5979000.0,38523000.0,7352000.0,49229000.0,0.0,-375276000.0,73495302.47999999,44060302.47999999,-0.15294201970335233,5.239798694232862,0.10732984293193717,-0.8297374142833249,3.4781237435770618,-0.15294201970335233,-2.310419802642582,217.44172331360943,1.3300872752280295,-12.292239919719016,0.0,0.0,0.0,0.007312535156419021,5.069096844396083,0.2988620137596815,20.004165073489382,1.0,0.0,1.5296222256147403,0.0,-1.1290424962448788,0.0,0.0,0.0,1.7075484255267235,0.0,-1.1400884090689374,Biotechnology,Healthcare,BYSI
2021Q4,2021,Q4,2021-12-31,2021-12-31,-10728000.0,338000.0,-10492000.0,0.0,338000.0,1.0,81648000.0,26684000.0,75123000.0,15155000.0,60725000.0,0.0,-341997000.0,0.0,-38050000.0,0.0,4.956977895084131,0.04378551832255536,0.13397541597961324,-0.35794720059669005,0.0,-0.40203867486134015,0.0,0.0,0.0,0.0,0.0,,0.0041397217323143245,4.775189706367535,-0.13139329805996472,0.0,1.0,1.0,1.0,0.0,-1.0,0.002967359050445104,0.4674080325671449,0.4281977219467001,1.0,0.0,1.0,Biotechnology,Healthcare,BYSI
2021Q3,2021,Q3,2021-09-30,2021-09-30,-20143000.0,337000.0,-18349000.0,-0.52,337000.0,1.0,98369000.0,38331000.0,94668000.0,18557000.0,64562000.0,0.0,-332484000.0,615032297.92,555163297.92,0.982219246116043,5.101471142964919,0.03624109221401051,0.09300566121416086,-0.4794928915508621,0.982219246116043,-0.5255015522683989,1825.0216555489612,-7.633325447053568,16.04529748558608,0.0,0.0,0.0,0.0034258760381827608,4.936142695478795,-0.2047697953623601,218.79484095339734,1.0,-0.06122448979591842,-1.8416668673297338,0.0,0.05527945317798045,-0.0029585798816568047,-0.04731451151666407,0.08158566494819561,0.2192787652220553,0.0,2.8568926649838478,Biotechnology,Healthcare,BYSI
2021Q2,2021,Q2,2021-06-30,2021-06-30,-19233000.0,338000.0,-19979000.0,-0.49,338000.0,1.0,82534000.0,55308000.0,79842000.0,16571000.0,29997000.0,0.0,-314114000.0,407273326.2,359215326.2,1.4177592364996872,4.818176332146521,0.03935347856640899,0.05872568163737615,-0.32397141532443324,1.4177592364996872,-0.34774354523757867,1204.950669230769,-5.293939143659335,7.363732664352353,0.0,0.0,0.0,0.004095281944410788,4.604791503228531,-0.2330312356119902,-28.62880122311261,1.0,-0.1136363636363636,-1.2045125433449144,0.0,5.335896341446155,0.0,-0.13008989952406133,-0.14690011481056256,0.12160438922780319,0.0,0.5979358026100053,Biotechnology,Healthcare,BYSI
2021Q1,2021,Q1,2021-03-31,2021-03-31,-17019000.0,338000.0,-17420000.0,-0.44,338000.0,1.0,97093000.0,72506000.0,94372000.0,12630000.0,26721000.0,0.0,-294806000.0,431781021.63,344546021.63,1.8589085202725657,7.472050673000791,0.0343897088358584,0.046051361266653795,-0.2206686194791196,1.8589085202725657,-0.2347254020356936,1277.4586438757397,-6.342632082231624,5.955107461865225,0.0,0.0,0.0,0.0034811984386104045,7.171338083927157,-0.17528555096659904,-22.787683218809374,1.0,0.0,-2.755618265495543,0.0,0.0,0.8777777777777778,0.019077809798270895,0.06419554123019071,0.25073630814122294,0.0,1.35631077053395,Biotechnology,Healthcare,BYSI
2020Q4,2020,Q4,2020-12-31,2020-12-31,-17350000.0,180000.0,-18615000.0,0.0,180000.0,1.0,117038000.0,88340000.0,113400000.0,13766000.0,30413000.0,0.0,-277818000.0,0.0,-106583000.0,0.0,8.2376870550632,0.025239665749585603,0.03343898573692552,-0.18809563085002176,0.0,-0.19640027167760923,0.0,0.0,0.0,0.0,0.0,,0.0015379620294263402,7.957068138892924,-0.14824245116970555,0.0,1.0,1.0,1.0,0.0,-1.0,0.0,-0.20678862071363985,-0.21294063986446862,1.0,0.0,-1.0,Biotechnology,Healthcare,BYSI
2020Q3,2020,Q3,2020-09-30,2020-09-30,-14377000.0,0.0,-15347000.0,-0.47,0.0,0.0,39396000.0,24044000.0,35687000.0,12819000.0,16473000.0,0.0,-260222000.0,403334167.83000004,375265167.83000004,0.7934503583512086,2.7839145019112257,0.0712001218397807,0.11666112127765763,-0.49949597373008153,0.7934503583512086,-0.597945433372151,0.0,-7.013531470925785,16.77483645940775,0.0,0.0,0.0,0.0,2.408456197831344,-0.3649355264493857,-35.1458842654235,0.0,-0.021739130434782507,-1.6119931567607182,0.0,-0.14753059095951285,0.0,-0.12893600314095013,-0.12704707351105235,0.24857430731747868,0.0,-0.536825264202894,Biotechnology,Healthcare,BYSI
2020Q2,2020,Q2,2020-07-24,2020-06-30,-12735000.0,0.0,-13617000.0,-0.46,0.0,0.0,46723000.0,32136000.0,42977000.0,11306000.0,15101000.0,0.0,-245682000.0,421049072.08,385729072.08,1.1509605700019763,3.8012559702812667,0.059071549344006165,0.08588498879761015,-0.34196450486723,1.1509605700019763,-0.3962845407020164,0.0,-8.265588380054966,13.102099579288026,0.0,0.0,0.0,0.0,3.3681231204670086,-0.2725638336579415,-29.481100131634225,0.0,0.20689655172413784,-1.0394759469515815,0.0,4.143586214700645,0.0,0.20969343428074966,0.1812770562770563,0.248317714031654,0.0,-0.4808984625298809,Biotechnology,Healthcare,BYSI
2020Q1,2020,Q1,2020-04-30,2020-03-31,-16114000.0,0.0,-16632000.0,-0.58,0.0,0.0,33504000.0,17688000.0,29753000.0,12207000.0,15512000.0,0.0,-232929000.0,355252671.69,332433671.69,0.6378087993599123,2.4373719996723193,0.06261938872970392,0.11861148801447309,-0.7206212390246565,0.6378087993599123,-0.9110131162369969,0.0,-5.511553178757603,20.084388946743555,0.0,0.0,0.0,0.0,2.0412058654870155,-0.4809574976122254,-32.123399194321365,0.0,-0.15999999999999992,-4.001248905137852,0.0,0.0,0.0,-0.16346570397111915,-0.08812561334641805,0.7809903966288366,0.0,-0.7901038253951905,Biotechnology,Healthcare,BYSI
2019Q4,2019,Q4,2020-01-23,2019-12-31,-13850000.0,0.0,-15285000.0,-0.5,0.0,0.0,44555000.0,30277000.0,40862000.0,10053000.0,13424000.0,0.0,-216845000.0,429852959.5,395921959.5,1.0917535627668513,4.064657316224013,0.04493322859387274,0.06612279948475741,-0.4044503976716101,1.0917535627668513,-0.4574429434884566,0.0,-7.7590786913357395,14.197343181292728,0.0,0.0,0.0,0.0,3.5743559136576146,-0.31085175625631245,-33.89472949850181,0.0,-0.35135135135135137,-2.9307401340035812,0.0,0.9297916484668142,0.0,-0.45989248445240855,-0.575123660346249,-1.2503840892709668,0.0,0.5164906194189518,Biotechnology,Healthcare,BYSI
2019Q3,2019,Q3,2019-10-29,2019-09-30,-9487000.0,0.0,-9704000.0,-0.37,0.0,0.0,34140000.0,20475000.0,30241000.0,8369000.0,11859000.0,0.0,-202772000.0,458106945.6,435369945.6,0.8089759466855811,3.6134544151033574,0.05685413005272408,0.0947985347985348,-0.3741113996371672,0.8089759466855811,-0.46334554334554334,0.0,-12.071965468535891,22.373965597069596,0.0,0.0,0.0,0.0,2.9487393953877405,-0.27788517867603985,-20.47222351521652,0.0,-0.12121212121212115,-1.063627562290117,0.0,-0.13085016606196664,0.0,-0.2445231536140627,-0.32045176214450943,-1.063627562290117,0.0,-0.13085016606196664,Biotechnology,Healthcare,BYSI
2019Q2,2019,Q2,2019-06-30,2019-06-30,-7623000.0,0.0,-7349000.0,-0.33,0.0,0.0,6014000.0,-16239000.0,1964000.0,18919000.0,24096000.0,0.0,-193405000.0,550795739.85,554944739.85,-0.7031647523371817,0.10381098366721285,0.8019620884602594,-0.2970010468624915,0.8531847867107595,-0.7031647523371817,0.4694254572325882,0.0,-18.063614713695397,-33.91808238499908,0.0,0.0,0.0,0.0,0.03562556160473598,-1.2675424010641836,-68.48138006340918,0.0,-0.06451612903225812,-0.4759605242564588,0.0,-4.14240871585958,0.0,-0.06600475457977906,0.07780148073785921,-0.4759605242564588,0.0,-4.14240871585958,Biotechnology,Healthcare,BYSI
2019Q1,2019,Q1,2019-04-30,2019-03-31,-7151000.0,0.0,-7969000.0,-0.31,0.0,0.0,7845000.0,-14841000.0,3558000.0,19470000.0,24877000.0,0.0,-186053000.0,383899464.54,385954464.54,-0.6444381741882385,0.18274268104776578,0.5119184193753984,-0.270601711474968,0.944078810474647,-0.6444381741882385,0.4818408463041574,0.0,-13.42118111243183,-25.867493062462103,0.0,0.0,0.0,0.0,0.12028762198253724,-0.9115360101975781,-75.80953091232227,0.0,0.4918032786885246,-1.6726876354473434,0.0,0.0,0.0,0.4934834962459272,0.4582596872875595,-1.6726876354473434,0.0,0.0,Biotechnology,Healthcare,BYSI
2018Q4,2018,Q4,2018-12-31,2018-12-31,-14118000.0,0.0,-14710000.0,-0.61,0.0,0.0,7063000.0,-7766000.0,5871000.0,16445000.0,16445000.0,0.0,-178760000.0,431800537.5,427911537.5,-0.3372216737919183,0.3570082091821222,0.0,0.0,1.817800709499373,-0.3372216737919183,1.8179242853463817,0.0,-7.646276694645134,-55.6014083826938,0.0,0.0,0.0,0.0,0.26573426573426573,-1.9988673368257115,-51.221890569395015,0.0,0.07575757575757582,-3.82507483700623,0.0,-1.596075517368949,0.0,0.06959272439699486,0.06012395374097502,-3.82507483700623,0.0,-1.596075517368949,Biotechnology,Healthcare,BYSI
2018Q3,2018,Q3,2018-10-23,2018-09-30,-15174000.0,0.0,-15651000.0,-0.66,0.0,0.0,16006000.0,5845000.0,15158000.0,11176000.0,11176000.0,0.0,-164643000.0,598544213.3475,585705213.3475,0.25466595299201994,1.3562992125984252,0.0,0.0,-2.5562134958053155,0.25466595299201994,-2.5960650128314797,0.0,-9.861345283832543,102.40277388323354,0.0,0.0,0.0,0.0,1.1488010021474588,-0.9480194926902411,-61.83946826609154,0.0,-0.17857142857142852,-2.639797075761581,0.0,-0.7263912831283316,0.0,-0.20706387717763106,-0.2640122758843482,-2.639797075761581,0.0,-0.7263912831283316,Biotechnology,Healthcare,BYSI
2018Q2,2018,Q2,2018-06-30,2018-06-30,-12571000.0,0.0,-12382000.0,-0.56,0.0,0.0,25494000.0,19872000.0,24795000.0,5684000.0,5684000.0,0.0,-149713000.0,593756187.4200001,574343187.4200001,0.8872441772591709,4.362244897959184,0.0,0.0,-0.6125624659429798,0.8872441772591709,-0.6325986312399355,0.0,-11.808054001670513,29.87903519625604,0.0,0.0,0.0,0.0,3.9470443349753697,-0.4930964148427081,-45.32144015113351,0.0,0.034482758620689495,-1.5097035052428478,0.0,2.9650506178642173,0.0,0.02814070351758794,0.16349142007836778,-1.5097035052428478,0.0,2.9650506178642173,Biotechnology,Healthcare,BYSI
2018Q1,2018,Q1,2018-03-31,2018-03-31,-12935000.0,0.0,-14802000.0,-0.58,0.0,0.0,23893000.0,17523000.0,23286000.0,5802000.0,5802000.0,0.0,-137547000.0,591943457.3,573593457.3,0.7889063461061756,4.013443640124095,0.0,0.0,-0.7759698968672716,0.7889063461061756,-0.7381726873252297,0.0,-11.440731683417084,33.780942606859554,0.0,0.0,0.0,0.0,3.7121682178559117,-0.5413719499434981,-66.12415742850759,0.0,0.13432835820895533,-4.012411926939349,0.0,0.0,0.0,0.1513580894895683,0.10502448757482315,-4.012411926939349,0.0,0.0,Biotechnology,Healthcare,BYSI
2017Q4,2017,Q4,2017-12-31,2017-12-31,-15242000.0,0.0,-16539000.0,-0.67,0.0,0.0,32828000.0,27076000.0,32344000.0,4792000.0,4792000.0,0.0,-123891000.0,662503898.0,635022898.0,1.1852066114183075,6.749582637729549,0.0,0.0,-0.5715737506867956,1.1852066114183075,-0.562933963657852,0.0,-10.866420056423042,24.468307652533607,0.0,0.0,0.0,0.0,6.376252086811352,-0.4642987693432436,-65.01510284592737,0.0,-0.06349206349206354,-4.251269411401249,0.0,1.0949799464141015,0.0,-0.056711037160288406,0.11185694340027924,-4.251269411401249,0.0,1.0949799464141015,Biotechnology,Healthcare,BYSI
2017Q3,2017,Q3,2017-09-30,2017-09-30,-14424000.0,0.0,-18622000.0,-0.63,0.0,0.0,43572000.0,39135000.0,43170000.0,3081000.0,3081000.0,0.0,-108399000.0,842293748.9399999,804577748.9399999,1.713069165971911,14.011684518013633,4.590103736344442e-05,5.110514884374601e-05,-0.39191217488534874,1.713069165971911,-0.3685703334610962,0.0,-14.598823990224624,21.522773704867763,0.0,0.0,0.0,0.0,13.217786432976306,-0.3310382814651611,-102.071467394571,0.0,-0.03278688524590167,-2.476049837258213,0.0,0.840492028507168,0.0,-0.09380450443618715,-0.2390711291503094,-2.476049837258213,0.0,0.840492028507168,Biotechnology,Healthcare,BYSI
2017Q2,2017,Q2,2017-06-30,2017-06-30,-13187000.0,0.0,-15029000.0,-0.61,0.0,0.0,51118000.0,48186000.0,50821000.0,3212000.0,3212000.0,0.0,-92865000.0,931787497.375,882809497.375,2.2172166463063667,15.82222914072229,3.912516139129074e-05,4.150583156933549e-05,-0.2764905004418967,2.2172166463063667,-0.27366870045241354,0.0,-17.6648877184917,19.337307462229692,0.0,0.0,0.0,0.0,15.24906600249066,-0.25797175163347547,-181.38748245571344,0.0,0.769811320754717,-1.713215390361701,0.0,8.908632210507996,0.0,0.7213052391318131,0.6855265635789165,-1.713215390361701,0.0,8.908632210507996,Biotechnology,Healthcare,BYSI
2017Q1,2017,Q1,2017-03-31,2017-03-31,-47317000.0,0.0,-47791000.0,-2.65,0.0,0.0,55956000.0,54194000.0,55665000.0,1930000.0,1930000.0,0.0,-79524000.0,355445092.68,300888092.68,3.0386871059502285,28.8419689119171,0.0001250982915147616,0.0001291655902867476,-0.8744367441866997,3.0386871059502285,-0.8731040336568624,0.0,-1.8779988834879642,6.5587536015057015,0.0,0.0,0.0,0.0,28.271502590673574,-0.845610837086282,-67.1538055318345,0.0,-11.045454545454545,-21.835751620727148,0.0,0.0,0.0,-11.631340096102509,-12.733045977011495,-21.835751620727148,0.0,0.0,Biotechnology,Healthcare,BYSI
2016Q4,2016,Q4,2016-12-31,2016-12-31,-3746000.0,0.0,-3480000.0,-0.22,0.0,0.0,14908000.0,12152000.0,14707000.0,2609000.0,2609000.0,0.0,-32128000.0,283577750.40000004,272100750.40000004,0.7199210788294623,5.637025680337294,0.014086396565602361,0.01728110599078341,-0.2857026262432513,0.7199210788294623,-0.30826201448321267,0.0,-18.92537042178324,23.335891244239633,0.0,0.0,0.0,0.0,4.479494059026447,-0.2512744834987926,-54.48179642651297,0.0,-0.22222222222222227,-0.7466974427805262,0.0,0.27253780785417586,0.0,-0.2217873450750163,-0.06000609198903442,-0.7466974427805262,0.0,0.27253780785417586,Biotechnology,Healthcare,BYSI
2016Q3,2016,Q3,2016-09-30,2016-09-30,-3066000.0,0.0,-3283000.0,-0.18,0.0,0.0,19490000.0,15711000.0,19295000.0,3465000.0,3465000.0,0.0,-28593000.0,283577750.40000004,266612750.40000004,0.9307669576604414,5.5685425685425685,0.018676244227809134,0.023168480682324487,-0.1919588303219218,0.9307669576604414,-0.19514989497804086,0.0,-23.122778082191783,18.049630857361084,0.0,0.0,0.0,0.0,5.001154401154401,-0.1573114417650077,-80.90663349500714,0.0,0.18181818181818185,0.0,0.0,0.0,0.0,0.13340870548332392,0.11029810298102981,0.0,0.0,0.0,Biotechnology,Healthcare,BYSI
2016Q2,2016,Q2,2016-06-30,2016-06-30,-3538000.0,0.0,-3690000.0,-0.22,0.0,0.0,6680000.0,3540000.0,6580000.0,2650000.0,3140000.0,0.0,-25510000.0,265777444.8,260147444.8,0.22376616663145826,2.483018867924528,0.0,0.0,-1.0013345789403443,0.22376616663145826,-0.9994350282485875,0.0,-18.780203843979653,75.07837423728814,0.0,0.0,0.0,0.0,2.2,-0.5296407185628742,-86.82699928128064,0.0,-0.8333333333333334,0.0,0.0,0.0,0.0,-0.9249183895538629,-0.9268929503916449,0.0,0.0,0.0,Biotechnology,Healthcare,BYSI
2016Q1,2016,Q1,2016-03-31,2016-03-31,-1838000.0,0.0,-1915000.0,-0.12,0.0,0.0,,,,,,,,265777444.8,,,0.0,0.0,0.0,0.0,,0.0,0.0,-36.150359738846575,0.0,0.0,0.0,0.0,0.0,0.0,0.0,-133.48942481165244,0.0,0.07692307692307698,0.0,0.0,0.0,0.0,0.08557213930348259,0.07263922518159806,0.0,0.0,0.0,Biotechnology,Healthcare,BYSI
2015Q4,2015,Q4,2015-12-31,2015-12-31,-2010000.0,0.0,-2065000.0,-0.13,0.0,0.0,10970000.0,8950000.0,10936000.0,1312000.0,1312000.0,0.0,-20118000.0,265777444.8,254956444.8,0.5657364947320767,8.335365853658537,0.0,0.0,-0.22512610511471495,0.5657364947320767,-0.2245810055865922,0.0,-33.05689611940299,29.69580388826816,0.0,0.0,0.0,0.0,8.247713414634147,-0.18322698268003645,-125.30761188118812,0.0,0.0,0.0,0.0,0.0,0.0,0.0,0.0,0.0,0.0,0.0,Biotechnology,Healthcare,BYSI
2022Q2,2022,Q2,2022-06-30,2022-06-30,,,,,,,63765000.0,8108000.0,55729000.0,11109000.0,62704000.0,0.0,-360486000.0,0.0,-25458000.0,0.0,5.01656314699793,0.08283541127577825,0.6514553527380365,,0.0,,0.0,0.0,0.0,0.0,0.0,,,4.67521829147538,,0.0,0.0,0.0,1.0,0.0,-1.0,0.0,0.0,0.0,1.0,0.0,1.0,Biotechnology,Healthcare,BYSI
