Quarters,Year,Quarter,FillingDate,Date,NetIncome,Revenue,OperatingIncome,EPSDiluted,GrossProfit,GrossProfitRatio,TotalAssets,CommonStockEquity,CurrentAssets,CurrentLiability,TotalLiability,Inventory,RetainedEarnings,MarketCap,EnterpriseValue,bookValuePerShare,currentRatio,debtToAssets,debtToEquity,roic,shareholdersEquityPerShare,roe,priceToSalesRatio,peRatio,pbRatio,payoutRatio,inventoryTurnover,dividendYield,assetTurnover,quickRatio,returnOnAssets,priceToFreeCashFlowsRatio,grossProfitMargin,epsdilutedGrowth,fiveYNetIncomeGrowthPerShare,fiveYRevenueGrowthPerShare,fiveYShareholdersEquityGrowthPerShare,grossProfitGrowth,netIncomeGrowth,operatingIncomeGrowth,threeYNetIncomeGrowthPerShare,threeYRevenueGrowthPerShare,threeYShareholdersEquityGrowthPerShare,Industry,Sector,Symbol
2023Q3,2023,Q3,2023-05-15,2023-03-31,-351720.0,5048065.0,-493268.0,-0.0624,1736098.0,0.343913559,18186643.0,9697897.0,8269397.0,6494712.0,8488746.0,2959732.0,-48142882.0,38298811.67,40260892.67,1.7193410907205833,1.2732507615426212,0.14154211967541233,0.26543651680359154,-0.034036692624123975,1.7193410907205833,-0.036267656791982836,7.5868301359035595,-27.222514834243146,3.9491873000919684,0.0,1.1190090859577826,0.0,0.27756991765880046,0.770165328347123,-0.019339467982078935,77.4461230642924,0.34391355895773923,-1.5672727272727272,-1.2540731343801994,11.282358440909768,34.7356570330466,-0.36295218301321286,-1.5543961413574603,-1.7078874367301602,-0.7367312363864091,3.8930539814381078,7.031340284380744,Medical Instruments & Supplies,Healthcare,POCI
2023Q2,2023,Q2,2023-02-14,2022-12-31,634420.0,5886961.0,696817.0,0.11,2725224.0,0.4629254381,17469241.0,9852180.0,7473992.0,5477991.0,7617061.0,2846975.0,-47533485.0,31405342.14,33740445.14,1.747366494380755,1.3643673383180075,0.15549736820277424,0.2757177599272445,0.047814461703594,1.747366494380755,0.06439387018913581,5.334729097067231,12.375611637401091,3.187654117159857,0.0,1.110560155955005,0.0,0.3369900844575903,0.8057406446998544,0.03631640321408354,-164.35101362206743,0.46292543809955594,5.761904761904762,19.61313803308214,11.819442916335483,22.065169772864287,0.5801569474224975,5.863953140692923,43.00476219181385,3.629828423895499,3.806177888671654,6.096740334385594,Medical Instruments & Supplies,Healthcare,POCI
2023Q1,2023,Q1,2022-11-14,2022-09-30,-130433.0,5085301.0,-16589.0,-0.0231,1724654.0,0.3391449198,17167832.0,8972974.0,7031345.0,5196135.0,8194858.0,2755660.0,-48167905.0,34675926.300000004,36860442.300000004,1.5914150244344014,1.3531875134114106,0.16647518451951301,0.31851401776044375,-0.0023638142855203132,1.5914150244344014,-0.014536206167542668,6.8188542428461965,-66.46310040403885,3.8644853200287885,0.0,1.2195434124674307,0.0,0.2962110183743643,0.7867745930388644,-0.007597523088529757,203.30632211538463,0.33914491983857004,-1.044423076923077,-6.320006814004284,6.985437965427931,17.058380210422285,0.19654299677250162,-1.1344584160600044,0.9614671696290034,-2.4473744211487727,3.601887509379087,4.926258786442083,Medical Instruments & Supplies,Healthcare,POCI
2022Q4,2022,Q4,2022-09-27,2022-06-30,970062.0,4793511.0,-430516.0,0.52,1441364.0,0.3006906629,16704020.0,8971495.0,6505216.0,4586641.0,7732525.0,3022147.0,-48094394.0,11220340.379999999,13613567.379999999,4.773458142630785,1.4182963087802163,0.1795361835055274,0.33427828918145747,-0.12225236783290142,4.773458142630785,0.10812712931345334,2.3407352940256105,2.891655476660255,1.2506656226191957,0.0,1.1091938942745008,0.0,0.2869675084201288,0.7128574047979774,0.05807356552494549,-90.86473049139968,0.3006906628565158,18.449664429530202,20.786214768861004,31.25508811138191,76.86574722568058,-0.1659781889806152,6.820011159308123,-6.043667479262447,61.678058174430156,12.749234135302517,17.139428178598518,Medical Instruments & Supplies,Healthcare,POCI
2022Q3,2022,Q3,2022-05-16,2022-03-31,-166677.0,4651352.0,-61121.0,-0.0298,1728209.0,0.3715498204,17267004.0,8528341.0,7463048.0,5770887.0,8738663.0,2965220.0,-48363691.0,33606078.0,35498082.0,1.5226426005438658,1.2932237279988328,0.1577337330784194,0.3193574225045645,-0.0077408067494212675,1.5226426005438658,-0.019543894879437865,7.225012856476998,-50.405991828506636,3.940517622360551,0.0,0.9858098218681919,0.0,0.26937805771053275,0.7242001099657643,-0.00965291952211281,-160.5089410236326,0.371549820353308,-0.07194244604316553,-0.6163981684675608,6.4945111558434485,17.035060034610677,0.5436198509800979,0.6379341805148256,0.8896087242358347,-3.444483073079151,6.199850514399482,6.527165199005014,Medical Instruments & Supplies,Healthcare,POCI
2022Q2,2022,Q2,2022-02-14,2021-12-31,-460350.0,3897041.0,-553676.0,-0.0278,1119582.0,0.28729028,16888747.0,9189485.0,6365716.0,4566314.0,7699262.0,2503392.0,-48249792.0,119371831.2,120824266.2,0.5542705622832064,1.3940600668285186,0.1607954101035441,0.2955152546633462,-0.04151939454816699,0.5542705622832064,-0.05009529913809098,30.63140244098022,-64.8266705767351,12.990045818672103,0.0,1.1094782598969717,0.0,0.23074778726923909,0.7803819448246441,-0.027257794790815446,-220.83443166114452,0.2872902799842239,0.30500000000000005,0.2789352267469736,2.166702821826401,4.210812703361007,0.7519967701147986,0.20189112016102606,0.0319537303829692,-1.5614843328351449,0.8479880435832096,1.6083284395436952,Medical Instruments & Supplies,Healthcare,POCI
2022Q1,2022,Q1,2021-11-15,2021-09-30,-576801.0,2336344.0,-571952.0,-0.04,639032.0,0.27351794085117603,7101925.0,4034397.0,5643977.0,2758416.0,3067528.0,2120890.0,-47742779.0,75710113.2,74268157.2,0.30373832408957485,2.0460934826364117,0.032049479542518404,0.05641809668210639,-0.1273942155053999,0.30373832408957485,-0.14297080827692465,32.40537917361485,-32.814659301908286,18.766153454902927,0.0,0.8002829001032585,0.0,0.32897334173481135,1.2256168032668024,-0.08121755721160108,-355.93783532199376,0.27351794085117603,-0.20084058841188837,-0.11589230473573209,0.5610510125501632,5.456966435977401,-0.18692322471222467,-0.30364649724715903,-0.3045160113128364,-0.4888916243389213,0.15740442486297512,4.12845343627125,Medical Instruments & Supplies,Healthcare,POCI
2021Q4,2021,Q4,2021-09-28,2021-06-30,-442452.0,2673266.0,-438440.0,-0.03331,785943.0,0.2940010459116302,6261300.0,3431127.0,4776435.0,2511110.0,2830173.0,1885395.0,-47165978.0,66943679.04,66334020.04,0.25831983434413885,1.9021209743898118,0.04024579560155239,0.07344263269765298,-0.11141749821923612,0.25831983434413885,-0.12895238211817867,25.041907180205786,-37.82539068644734,19.510696934272616,0.0,1.0010225973867546,0.0,0.4269506332550748,1.091312208545225,-0.07066455847827129,751.8382641509434,0.2940010459116302,-1.8327499999999999,-0.6802974499017748,0.576265451711083,2.316955803859944,-0.039217675765014226,-1.8011400055769016,-0.7125358373239382,-21.1160958423269,0.41362496364391826,3.699503769689607,Medical Instruments & Supplies,Healthcare,POCI
2021Q3,2021,Q3,2021-03-31,2021-03-31,552278.0,2458290.0,-256018.0,0.04,818024.0,0.332761391048249,5905975.0,3453901.0,4397063.0,2107535.0,2452074.0,1949281.0,-46723526.0,65953103.10000001,65447041.10000001,0.2607978422777199,2.086353488791408,0.04669559217572035,0.07984681668640763,-0.0639171412472004,0.2607978422777199,0.15989977709262657,26.82885383742358,29.85502912482482,19.09525000861345,0.0,0.8414723172287628,0.0,0.41623779308242925,1.0987366757847439,0.09351174022917469,591.051772623806,0.332761391048249,3.0,2.4052525125400885,0.2177367256848969,1.8313096873030084,-0.04261972754084547,3.5873396610042443,-0.20351627688330004,2.5074340302992715,1.547414268548158,4.420554593207109,Medical Instruments & Supplies,Healthcare,POCI
2021Q2,2021,Q2,2020-12-31,2020-12-31,-213454.0,2785450.0,-212725.0,-0.02,854440.0,0.3067511533145452,5863344.0,2787325.0,4498815.0,2680315.0,3076019.0,1945066.0,-47275804.0,59363050.5,59491540.5,0.21129241833689122,1.678465031162382,0.16112870061862308,0.33894612217807396,-0.05499798467838492,0.21129241833689122,-0.07658023373664714,21.31183489202822,-69.5267487374329,21.297498677046992,0.0,0.9927735099991466,0.0,0.47506167129201354,0.8980772782303572,-0.03640482291334092,-938.8728174226609,0.3067511533145452,-345.8275862068965,0.5841239796655328,0.5989704778797358,0.8413235876142903,-0.12381124266544159,-270.1727616645649,-133.953125,-1.6766505018375228,1.5924954265439306,1.7890517051413224,Medical Instruments & Supplies,Healthcare,POCI
2021Q1,2021,Q1,2020-09-30,2020-09-30,793.0,2757901.0,1600.0,5.8e-05,975178.0,0.3535942733259823,6131862.0,2843700.0,4735916.0,2875003.0,3288162.0,2138390.0,-47062350.0,41554135.35,41633596.35,0.21556590997627387,1.6472734115407879,0.1598162189560039,0.34461124591201603,0.0004005327085023081,0.21556590997627387,0.0002788620459260822,15.067304935891462,13100.29487704918,14.612700126595632,0.0,0.8336753351820763,0.0,0.44976566661154477,0.8645246631046993,0.0001293245020843587,-194.8656960303876,0.3535942733259823,1.0024565861922914,1.001005816782174,0.5561780307291424,2.574745069596141,0.49223643116077864,1.0024544624479625,1.0049991251530983,1.0190215738866821,0.8510152967176302,1.4461068313344156,Medical Instruments & Supplies,Healthcare,POCI
2020Q4,2020,Q4,2020-06-30,2020-06-30,-323085.0,2237025.0,-320056.0,-0.02361,653501.0,0.2921295023524547,6351531.0,2771761.0,4947085.0,3149380.0,3579770.0,2197244.0,-47063143.0,57384282.15,57264521.15,0.21011259352313777,1.5708123503673739,0.15979391425468914,0.3661700990814143,-0.0801608747627841,0.21011259352313777,-0.11656308029444097,25.652052234552585,-44.40339395979386,20.703185501924587,0.0,0.7206864599470973,0.0,0.35220248472376187,0.8306822295181909,-0.05086726334170454,-109.19316147508229,0.2921295023524547,0.40975000000000006,0.5691771437477628,0.12530674319594723,1.013199683859519,-0.20013977643114786,0.30687790959603545,0.31236854034938455,0.06112445689527876,1.1445854065844503,2.427404956187183,Medical Instruments & Supplies,Healthcare,POCI
2020Q3,2020,Q3,2020-03-31,2020-03-31,-466130.0,2374584.0,-465447.0,-0.04,817019.0,0.34406826627316617,5847364.0,2779279.0,4410010.0,2454280.0,3068085.0,2167523.0,-46740058.0,54526474.800000004,54134780.800000004,0.2140789743480721,1.796865068370357,0.04111886997286299,0.08651056622958689,-0.1427684528916281,0.2140789743480721,-0.1677161594787713,22.96253777503765,-29.244242378735546,19.618928074511413,0.0,0.71859214412027,0.0,0.40609478048570263,0.8602148084163176,-0.07971626189168315,182.39756341509923,0.34406826627316617,0.0,-0.14939208962065556,0.014692233768113364,0.48315573877277024,-0.10994194603345102,0.1537602686878773,0.15618439515734284,-0.9502405386792675,0.650669363688104,1.5356752485030256,Medical Instruments & Supplies,Healthcare,POCI
2020Q2,2020,Q2,2019-12-31,2019-12-31,-550825.0,2796762.0,-551598.0,-0.04,917939.0,0.3282149142472617,5781558.0,3169842.0,4500379.0,2021535.0,2611716.0,2019195.0,-46273928.0,69519443.4,69326907.4,0.24622099894430396,2.226218690252704,0.026865076852986686,0.04899991860793062,-0.15848303943759579,0.24622099894430396,-0.17377049076894052,24.857118124459646,-31.55241837244134,21.93151690210427,0.0,0.9304812066194696,0.0,0.48373846634419304,1.1614471181552632,-0.09527276211706256,-139.34405027009151,0.3282149142472617,-3.0,0.16584252305050098,0.39316627537883253,0.42664803468097057,-0.05767069048173885,-5.396759958193009,-5.422742833189726,-0.11110885309324713,1.9267436009879608,1.3147747624339057,Medical Instruments & Supplies,Healthcare,POCI
2020Q1,2020,Q1,2019-09-30,2019-09-30,-86110.0,2514984.0,-85882.0,-0.01,974117.0,0.38732532692056887,6037024.0,3445961.0,4747858.0,1984148.0,2591063.0,2071852.0,-45723103.0,63520325.550000004,62842146.550000004,0.2685362016379023,2.392895086455244,0.028317926183497034,0.04961054405432911,-0.022672882644164682,0.2685362016379023,-0.024988675147513278,25.256751355078205,-184.41622793519917,18.433268847209824,0.0,0.7437148020225383,0.0,0.41659334135494575,1.2574162814467469,-0.014263650434386214,-2327.433883555621,0.38732532692056887,-0.17508813160987075,0.8626156557814956,0.43186703983160984,0.17012057877966888,0.148299035851154,0.21112179927625854,0.2046269112866629,0.8275666003149728,0.7393503034156236,4.70862845845375,Medical Instruments & Supplies,Healthcare,POCI
2019Q4,2019,Q4,2019-06-30,2019-06-30,-109155.0,2380406.0,-107977.0,-0.00851,848313.0,0.3563732405312371,7493230.0,3376891.0,6368473.0,3611312.0,4116339.0,1734604.0,-45636993.0,43886770.38,41612943.38,0.2631537276496216,1.763479034766312,0.0019482919915710581,0.0043232073525618685,-0.03170116811392773,0.2631537276496216,-0.032324111142468026,18.436674407643068,-100.51479634464752,12.996205794027702,0.0,0.8832523158023388,0.0,0.3176742205964584,1.2332174567027163,-0.014567149280083489,-398.5612087582756,0.3563732405312371,0.149,0.837159559449805,0.2473288216599835,1.1565608307010082,0.8605966626895003,-0.3562491457823391,-0.34669926040484417,0.5709230713701905,0.4528130820488373,2.37902541030565,Medical Instruments & Supplies,Healthcare,POCI
2019Q3,2019,Q3,2019-03-31,2019-03-31,-80483.0,1386454.0,-80179.0,-0.01,455936.0,0.32885043427333327,3636456.0,2431548.0,3448879.0,1197427.0,1204908.0,1129846.0,-45527838.0,44715620.160000004,43379750.160000004,0.20228632696212615,2.880241551259492,0.004646556977452773,0.006949071126706115,-0.0325224654429284,0.20228632696212615,-0.03309949053031238,32.251787769374246,-138.89771802740952,18.38977481012096,0.0,0.823579496674768,0.0,0.38126516586478704,1.820232047548619,-0.02213226284052385,-107.81524982941244,0.32885043427333327,0.0,0.9215903915075307,-0.383447808572952,-0.07615779213424344,0.28171999482742144,0.36098231015974847,0.3616677414475308,0.7743733703470115,-0.24331464718228382,1.1960888638293021,Medical Instruments & Supplies,Healthcare,POCI
2019Q2,2019,Q2,2018-12-31,2018-12-31,-125948.0,1477851.0,-125607.0,-0.01,355722.0,0.24070220881536772,3862405.0,2469015.0,3705322.0,1383496.0,1393390.0,1095525.0,-45447355.0,47056455.9,45330967.9,0.21250029477889346,2.678231089934485,0.004959604184439488,0.00775855958752782,-0.0500959787056096,0.21250029477889346,-0.05101143573449331,31.8411368263783,-93.40453183059675,19.05879709114768,0.0,1.024284247278702,0.0,0.3826245564615829,1.7877030363658442,-0.032608698466370045,-77.8502963034041,0.24070220881536772,0.6666666666666666,0.8087033700934353,-0.4376733784632019,-0.27964163965127076,-0.23088299204120155,0.5791703560151695,0.5796003748577548,0.7213940661707616,-0.036802752776941124,0.8518497172363961,Medical Instruments & Supplies,Healthcare,POCI
2019Q1,2019,Q1,2018-09-30,2018-09-30,-299285.0,1559458.0,-298780.0,-0.03,462507.0,0.29658188934873525,2311133.0,607735.0,2178519.0,1691131.0,1703398.0,1113618.0,-45321407.0,49254091.199999996,48924155.199999996,0.05922610546512327,1.2882023923634538,0.00925000854559214,0.03517651608019943,-0.45931457929471736,0.05922610546512327,-0.4924597069446387,31.58410883781416,-41.14313380222865,81.0453424601183,0.0,0.9850334674906476,0.0,0.6747590900220801,0.5954795932426288,-0.1294970908208225,-1000.3064887589105,0.29658188934873525,-18.647058823529413,0.383352705395114,-0.253856839779886,-0.8278884647377422,-0.17232252626605893,-18.613288606403014,-17.311623082382486,0.5119848949681878,0.13124562766057654,-0.01784921128701153,Medical Instruments & Supplies,Healthcare,POCI
2018Q4,2018,Q4,2018-06-30,2018-06-30,16992.0,1460932.0,18317.0,0.0017,558801.0,0.38249624212489014,2511481.0,564036.0,2414720.0,1932844.0,1947445.0,1144068.0,-45022122.0,16315417.71,15936242.71,0.05496747039766719,1.2493093079420792,0.009382113581587916,0.04177570226013942,0.029970776978935208,0.05496747039766719,0.03012573665510712,11.167814593697722,240.04557600635596,28.92619923196392,0.0,0.7885291783355535,0.0,0.5817013945158255,0.6206714044175319,0.006765729065838046,80.37507923996631,0.38249624212489014,1.0566666666666666,1.0426174106121613,-0.2094435616947463,-0.8568067937154077,1.366266784669261,1.0608441263145834,1.0656940065919955,1.0291292339235611,-0.055215610247858954,-0.4733276469934439,Medical Instruments & Supplies,Healthcare,POCI
2018Q3,2018,Q3,2018-03-31,2018-03-31,-279271.0,735597.0,-278823.0,-0.03,236153.0,0.3210358389172332,2091913.0,485705.0,1994112.0,1589311.0,1606208.0,1124420.0,-45039114.0,16656979.35,16480795.35,0.048112760012516916,1.2547021948504729,0.012291620158199696,0.05293954149123439,-0.5190968311268573,0.048112760012516916,-0.574980698160406,22.64416433182843,-14.91112517053328,34.29443664364172,0.0,0.44417922128741927,0.0,0.3516384285579754,0.4914469225972764,-0.1335002937502659,-95.30418390291628,0.3210358389172332,-1.9999999999999996,0.6617462503859622,-0.5241720064607999,-0.888631439957461,-0.213405413327471,-3.6293637900739317,-3.6591638259474633,0.11440977027192653,-0.5957662448739254,-0.6666710668898338,Medical Instruments & Supplies,Healthcare,POCI
2018Q2,2018,Q2,2017-12-31,2017-12-31,-60326.0,812773.0,-59844.0,-0.01,300222.0,0.3693798883575119,2304852.0,756002.0,2201127.0,1529694.0,1548850.0,987791.0,-44759843.0,12274412.31,11920488.31,0.07575779894915392,1.4389328846161389,0.0120736602610493,0.03680942643008881,-0.0737305613940847,0.07575779894915392,-0.07979608519554181,15.101894760283622,-50.8670072191095,16.23595216679321,0.0,0.5188860801525829,0.0,0.3526356573003386,0.7419157034021183,-0.026173480987065546,67.27474793370311,0.3693798883575119,-2.1645569620253164,0.9730869492409399,-0.340860736133266,-0.7984473349507171,-0.22371503482942118,-1.0957443112732326,-1.1169478934521915,0.8821428692470995,-0.47768362543769366,-0.5610459081639314,Medical Instruments & Supplies,Healthcare,POCI
2018Q1,2018,Q1,2017-09-30,2017-09-30,-28785.0,1028746.0,-28269.0,-0.00316,386742.0,0.3759353620816023,1920944.0,802690.0,1827354.0,1096876.0,1118254.0,967285.0,-44699517.0,12296371.05,12131566.05,0.08812612238144847,1.6659622418577853,0.015569948941770296,0.037260960021926276,-0.03277534817068364,0.08812612238144847,-0.035860668502161484,11.952776535704634,-106.79495440333508,15.3189538302458,0.0,0.6637175186217092,0.0,0.5355419002323858,0.7372528891141752,-0.014984819963517937,-93.40482088327789,0.3759353620816023,0.878880797240322,0.9881572571224192,-0.7309853265020213,-0.9507271186322075,1.1468730223934451,0.8788515199851853,0.879904668037453,0.9352985200479496,-0.17483661206557505,-0.6159989279001037,Medical Instruments & Supplies,Healthcare,POCI
2017Q4,2017,Q4,2017-06-30,2017-06-30,-237601.0,720223.0,-235388.0,-0.02609,180142.0,0.25011975457601326,1800725.0,558380.0,1698385.0,1218781.0,1242345.0,1055447.0,-44670732.0,16395161.4,16308711.4,0.0613036965894096,1.393511221458162,0.017745630232267558,0.057228052580679825,-0.3782609394333831,0.0613036965894096,-0.42551846412837135,22.76400698117111,-17.250728532287322,29.362014040617503,0.0,0.5117083093703426,0.0,0.3999627927640256,0.48159021185922657,-0.13194741007094365,-444.6266041112979,0.25011975457601326,-0.3044999999999999,0.841214287670168,-0.8624841326353645,-0.8415944512562096,-0.35229609814327423,-0.45452486333278236,-0.446138723351969,0.5006199093520021,-0.4683066450324647,-0.49761247152871235,Medical Instruments & Supplies,Healthcare,POCI
2017Q3,2017,Q3,2017-03-31,2017-03-31,-163353.0,983186.0,-162770.0,-0.02,278124.0,0.28288035020840413,2027814.0,749112.0,1918087.0,1252988.0,1278702.0,1123222.0,-44433131.0,10647499.2,10522878.2,0.08442681075759086,1.5308103509371198,0.016751043241638532,0.04534435438225526,-0.19921718185467685,0.08442681075759086,-0.2180621856277833,10.82958789079584,-16.29523057427779,14.213494377342773,0.0,0.627713844636234,0.0,0.4848501884295108,0.5526876554284638,-0.08055620485902554,-30.04720975056369,0.28288035020840413,0.5,0.9534134498286123,-0.6390113852838863,-0.852662762409179,0.8740625442196123,0.476592063314055,0.4784600842692129,0.7844032587330066,-0.4076887044008176,-0.61442252462293,Medical Instruments & Supplies,Healthcare,POCI
2017Q2,2017,Q2,2016-12-31,2016-12-31,-312095.0,601590.0,-312095.0,-0.04,148407.0,0.24669126813943051,2267341.0,862102.0,2150600.0,1377411.0,1405239.0,1097891.0,-44269778.0,14345496.0,13864866.0,0.10636931201263448,1.561334997324691,0.015854694992945482,0.041698082129492796,-0.3341495377934428,0.10636931201263448,-0.3620163275343289,23.845968184311573,-11.491289511206523,16.640137709922957,0.0,0.41277594952504393,0.0,0.26532841773689975,0.6959905213476587,-0.1376480203021954,-30.84522232734153,0.24669126813943051,0.0,0.8588144350524102,-0.8209426437610244,-0.891845667253015,-0.11160663509946064,-0.06368946995310285,-0.06368946995310285,0.320444794135182,-0.6718438920046186,-0.639416861644493,Medical Instruments & Supplies,Healthcare,POCI
2017Q1,2017,Q1,2016-09-30,2016-09-30,-293408.0,849548.0,-293408.0,-0.04,167051.0,0.19663515186899386,1940051.0,354665.0,1842763.0,1555477.0,1585386.0,992472.0,-43957683.0,12892685.219999999,12728175.219999999,0.04704040621880629,1.1846931841486565,0.019533507108833736,0.10685012617540496,-0.6816197668989005,0.04704040621880629,-0.8272820830924957,15.175934991313026,-10.985287739257279,36.35172689721286,0.0,0.68767380842986,0.0,0.4378998284065728,0.49403430587530384,-0.1512372612884919,83.74701340712447,0.19663515186899386,-1.0181634712411705,-1.0189085573594514,-0.7832344659868924,-0.9440103676672581,-0.4765391943044797,-0.9630154949554419,-0.9750666415358518,0.17723154088252152,-0.44678976646046475,-0.8633002040215754,Medical Instruments & Supplies,Healthcare,POCI
2016Q4,2016,Q4,2016-06-30,2016-06-30,-149468.0,962678.0,-148556.0,-0.01982,319128.0,0.331500252420851,2123088.0,587172.0,2022019.0,1503961.0,1535916.0,1133451.0,-43664275.0,11987935.38,11977688.38,0.07787858796416035,1.3444623896497316,0.018751931149344727,0.06780296063163775,-0.22279077858895374,0.07787858796416035,-0.25455573494648925,12.452694857470515,-20.05100653651618,20.416394821278946,0.0,0.567779286444672,0.0,0.45343292411807706,0.5322205828475606,-0.07040122689214955,-95.21564521893839,0.331500252420851,0.33933333333333326,0.9263881618680072,-0.8032158975465047,1.0633007665413645,0.1666892111737889,0.3270147728244866,0.3903594087279114,0.48979514521303963,-0.29101388656041677,-0.7971221045679036,Medical Instruments & Supplies,Healthcare,POCI
2016Q3,2016,Q3,2016-03-31,2016-03-31,-222097.0,1140825.0,-243678.0,-0.03,273533.0,0.23976771196283392,2042314.0,689385.0,1933741.0,1318961.0,1352929.0,1053302.0,-43514807.0,10777243.68,10646670.68,0.09211208630665388,1.4661093087665216,0.020416057472063553,0.06048289417379258,-0.31532770773457286,0.09211208630665388,-0.3221668588669611,9.446885964104924,-12.131235090973764,15.633127613742682,0.0,0.8234029746454483,0.0,0.5585943199723451,0.5915603266510534,-0.1087477243949755,-47.513892682840805,0.23976771196283392,0.25000000000000006,0.904683707870237,-0.7012398294546845,1.0951034463166678,0.26039295555289327,0.21049020653371725,0.133774128185987,0.6371504704710618,-0.004603380558589014,-0.7867844120391904,Medical Instruments & Supplies,Healthcare,POCI
2016Q2,2016,Q2,2015-12-31,2015-12-31,-281310.0,954772.0,-281310.0,-0.04,217022.0,0.2273024345079244,2090341.0,829664.0,2019594.0,1260677.0,1260677.0,1093756.0,-43292710.0,14532639.689999998,14121746.689999998,0.11475029145238513,1.6019916283076474,0.0,0.0,-0.3390649708797778,0.11475029145238513,-0.3390649708797778,15.221057687070838,-12.915146715367387,17.516295379816405,0.0,0.6745105855419308,0.0,0.456754185082721,0.6636323181909403,-0.1345761289665179,-36.21616021431686,0.2273024345079244,0.3333333333333333,0.8803320794855882,-0.6915411005620927,1.1807174969415457,0.6399069050461696,0.2633742700777711,0.2633742700777711,0.8267829177496658,0.06869735912570549,-0.6947083022708583,Medical Instruments & Supplies,Healthcare,POCI
2016Q1,2016,Q1,2015-09-30,2015-09-30,-381890.0,858427.0,-381890.0,-0.06,132338.0,0.15416337090981527,1722186.0,385321.0,1647561.0,1336865.0,1336865.0,1018727.0,-43011400.0,7667767.199999999,7556049.199999999,0.06030245675690311,1.2324064135122095,0.0,0.0,-0.9910957357631689,0.06030245675690311,-0.9910957357631689,8.932346256583262,-5.019617690958129,19.899686754679863,0.0,0.7127414901146234,0.0,0.49845196744137976,0.42700347454679416,-0.2217472444904325,-58.577737033896355,0.15416337090981527,-0.0554089709762533,0.6143972573840675,-0.7999470757811844,1.1925651506754205,-0.37188882349590874,-0.05132320432102674,-0.06588330519000238,0.7760351461028868,-0.6800171536588623,-0.9662838246177639,Medical Instruments & Supplies,Healthcare,POCI
2015Q4,2015,Q4,2015-06-30,2015-06-30,-363247.0,962906.0,-358285.0,-0.05685,210692.0,0.21880848182480947,2041882.0,666888.0,1967531.0,1374994.0,1374994.0,1073256.0,-42629510.0,14377063.5,14136012.5,0.10436748783922391,1.4309378804562056,0.0,0.0,-0.5372491332877485,0.10436748783922391,-0.5446896630318734,14.930910701563809,-9.894826041233651,21.558437848634256,0.0,0.7008709944318969,0.0,0.47157769156102064,0.6029793584553823,-0.17789813515178643,-279.72029067278885,0.21880848182480947,-0.895,-0.08689442267562834,-0.8357005316260311,1.6471211249860387,-0.32670989265935724,-0.8356562430514847,-0.5110752153045474,0.6539644549089152,-0.7379252154071138,-0.7303198648376588,Medical Instruments & Supplies,Healthcare,POCI
2015Q3,2015,Q3,2015-03-31,2015-03-31,-197884.0,1141892.0,-237106.0,-0.03,312929.0,0.27404430541592373,2223531.0,914360.0,2145316.0,1309171.0,1309171.0,1248742.0,-42266263.0,10452349.049999999,10169074.049999999,0.14434018542463428,1.6386828000314704,0.0,0.0,-0.2593136182685157,0.14434018542463428,-0.21641804103416598,9.153535579546926,-13.205146765276627,11.431327978039285,0.0,0.6638384870533706,0.0,0.5135489453486369,0.6307411331292856,-0.08899538616731675,-152.27115729207637,0.27404430541592373,0.4000000000000001,0.7578334169714367,-0.78426544003745,2.287656974732498,0.9255747267894063,0.38396690149833607,0.2618648104276468,0.9209538855174811,-0.4127550925079104,-0.7481050864887681,Medical Instruments & Supplies,Healthcare,POCI
2015Q2,2015,Q2,2014-12-31,2014-12-31,-321223.0,976548.0,-321223.0,-0.05,162512.0,0.16641475892634053,2484151.0,1080841.0,2403866.0,1403310.0,1403310.0,1221748.0,-42068379.0,11272651.200000001,10887484.200000001,0.1725870662972345,1.7129971282182839,0.0,0.0,-0.2971972750848645,0.1725870662972345,-0.2971972750848645,11.543366224701705,-8.773228567070229,10.429518495319849,0.0,0.666287974279475,0.0,0.3931113688338591,0.7643428750596803,-0.1293089671280047,-109.02089188483448,0.16641475892634053,0.0,0.8282239597039374,-0.7685185435202624,11.525088489619675,0.44921436087677685,-0.08360573338865669,-0.08360573338865669,0.8119389498060736,-0.6238388907025892,-0.8245166896076197,Medical Instruments & Supplies,Healthcare,POCI
2015Q1,2015,Q1,2014-09-30,2014-09-30,-296439.0,830714.0,-296439.0,-0.05,112138.0,0.13498990025447988,2244248.0,1392832.0,2193317.0,851416.0,851416.0,911949.0,-41747156.0,13655544.75,13128053.75,0.22949446963659212,2.5760814924784126,0.0,0.0,-0.2128318418876074,0.22949446963659212,-0.2128318418876074,16.43832263570856,-11.516319335512534,9.804157823771998,0.0,0.7879563440499414,0.0,0.3701524965155366,1.4185685963148449,-0.13208834317775933,-21.892902605720625,0.13498990025447988,0.042879019908116364,0.7110485471899669,-0.7763893684404072,-0.2540924364992487,-0.2314735493067787,0.06494968930385137,0.062252070429396615,-1.0237324481706875,-0.7366856091609679,-0.7268452377391813,Medical Instruments & Supplies,Healthcare,POCI
2014Q4,2014,Q4,2014-06-30,2014-06-30,-317030.0,902587.0,-316118.0,-0.05224,145913.0,0.16166087036485124,1836461.0,740584.0,1814229.0,1095877.0,1095877.0,988878.0,-41450717.0,13109322.96,12906942.96,0.12202471820100769,1.6555042217329135,0.0,0.0,-0.42684962137988397,0.12202471820100769,-0.4280810819569421,14.524165493187915,-10.337604453837177,17.70133159776609,0.0,0.7651843806819446,0.0,0.4914817140140738,0.6692621525955924,-0.17263094615132038,-59.9001291277707,0.16166087036485124,0.4195555555555555,0.6818232438104962,-0.8502515743434506,-0.7423414084555443,-0.2289200558045151,0.16666228570527344,0.16905954777964113,0.8060362566586513,-0.7707977933170783,1.0991833365375405,Medical Instruments & Supplies,Healthcare,POCI
2014Q3,2014,Q3,2014-03-31,2014-03-31,-380434.0,833451.0,-380434.0,-0.09,189232.0,0.22704634105664281,1894579.0,975505.0,1870849.0,919074.0,919074.0,920209.0,-41133687.0,13365402.0,13000539.0,0.21896198857318322,2.0355803776409735,0.0,0.0,-0.389986724824578,0.21896198857318322,-0.389986724824578,16.036218086006254,-8.782996525021423,13.70100819575502,0.0,0.70007900379153,0.0,0.4399135639105047,0.921333864302548,-0.20080133897821098,-60.963537010345014,0.22704634105664281,-0.5,0.6119911397611738,-0.7875216984766675,-0.646356173260862,-0.07878646259298204,-0.5069498084792021,-0.5069498084792021,0.7257237453707781,-0.6333360773015565,1.2260728267117353,Medical Instruments & Supplies,Healthcare,POCI
2014Q2,2014,Q2,2013-12-31,2013-12-31,-252453.0,1007717.0,-252453.0,-0.06,205416.0,0.20384294400114317,1971303.0,1314231.0,1944106.0,657072.0,657072.0,771451.0,-40753253.0,12028861.8,11451273.8,0.294992473851516,2.958741203399323,0.0,0.0,-0.19209180121302877,0.294992473851516,-0.19209180121302877,11.936745931645493,-11.911981438129079,9.152775881865518,0.0,1.0399895780807855,0.0,0.5111933578957674,1.6685218667056274,-0.12806402668691724,-39.75313643258678,0.20384294400114317,-0.1999999999999999,0.6680782762041876,-0.760223411959818,-0.6405307136800635,-0.21064887754866773,-0.1980438589414439,-0.1980438589414439,0.8257146884364603,-0.4716473461489777,1.4645766107980744,Medical Instruments & Supplies,Healthcare,POCI
2014Q1,2014,Q1,2013-09-30,2013-09-30,-210721.0,907426.0,-210721.0,-0.05,260234.0,0.2867826136786912,2175734.0,1533077.0,2144027.0,642657.0,642657.0,805382.0,-40500800.0,5346160.8,4467130.8,0.34411467758321074,3.33619177881825,0.0,0.0,,0.34411467758321074,-0.13744971713749538,5.891566695245673,-6.342700537677782,3.487209579166604,0.0,0.803583889384168,0.0,0.4170666083262016,1.9485044121514277,-0.0968505341186009,-34.36785744132376,0.2867826136786912,-0.28667009778692754,0.8871849942615851,-0.6856100836229949,-0.6457586036289755,-0.08963254225903952,-0.21728054162719226,-0.2237276127203884,0.6948337168026584,-0.6966949402089458,2.098868906876653,Medical Instruments & Supplies,Healthcare,POCI
2013Q4,2013,Q4,2013-06-30,2013-06-30,-173108.0,802337.0,-172196.0,-0.03886,285856.0,0.3562792193305307,2303075.0,1710189.0,2271027.0,592886.0,592886.0,896173.0,-40290079.0,9355781.4,8321194.4,0.3838692618448738,3.8304615052472144,0.0,0.0,-0.10068828649932844,0.3838692618448738,-0.10122156089180787,11.660663038099951,-13.511480405296115,5.470612546332599,0.0,0.5763184117352341,0.0,0.3483764097999414,2.215075073454256,-0.07516385701724868,-38.391198050029544,0.3562792193305307,0.51425,0.8814924980224121,-0.6826098684328161,-0.7212000746909513,0.8005429545039399,0.505397235381178,0.5080029943370458,0.25710170013713285,-0.8036477025004454,3.3801464777545056,Medical Instruments & Supplies,Healthcare,POCI
2013Q3,2013,Q3,2013-03-31,2013-03-31,-349994.0,655341.0,-349994.0,-0.08,158761.0,0.24225708447968308,2506710.0,1848789.0,2476988.0,657921.0,657921.0,843275.0,-40116971.0,7061120.55,5782736.55,0.43201384658416575,3.764871466331064,0.0,0.0,-0.1893098671616934,0.43201384658416575,-0.1893098671616934,10.774727279385846,-5.04374399989714,3.8193220264724634,0.0,0.5888707716936942,0.0,0.26143470924039874,2.373321417009033,-0.13962285226452203,-20.554058054544026,0.24225708447968308,0.6363636363636365,0.3551917781825471,-0.7574912828770882,-0.6045986941066541,0.9761632104359083,0.6138994179709736,0.00984793832661433,0.36597787861498493,-0.8167253871814322,4.853990079745152,Medical Instruments & Supplies,Healthcare,POCI
2013Q2,2013,Q2,2012-12-31,2012-12-31,-906484.0,498667.0,-353475.0,-0.22,80338.0,0.1611055072824149,2677167.0,1516886.0,2642095.0,1160281.0,1160281.0,692139.0,-39766977.0,10290922.799999999,8655500.799999999,0.37587098603052393,2.2771164916084983,0.0,0.0,,0.37587098603052393,-0.597595336762288,20.63686347803243,-2.8381424272243083,6.784242718305792,0.0,0.6044002721996593,0.0,0.18626667667724875,1.602891023812335,-0.3385982271557957,-21.04087329173243,0.1611055072824149,0.18518518518518523,0.6701532014850837,-0.7829143723170088,-0.6859122058503813,-0.37949997296733684,-1.5314135394617057,0.009441100312741701,0.2477615628702676,-0.8165690291037737,26.27792679785733,Medical Instruments & Supplies,Healthcare,POCI
2013Q1,2013,Q1,2012-09-30,2012-09-30,-358094.0,563398.0,-356844.0,-0.27,129473.0,0.22980734755891927,3384292.0,2400065.0,3347419.0,984227.0,984227.0,659603.0,-38860493.0,3824469.15,1486775.15,1.7885319456688518,3.4010639821911,0.0,0.0,,1.7885319456688518,-0.14920179245145443,6.788219251754533,-2.6700176140901553,1.5934856555968278,0.0,0.6578578326660127,0.0,0.1664744058727793,2.6785639898112934,-0.1058106097228017,-16.764722784776833,0.22980734755891927,-0.6435354273192111,0.41791966815397297,-0.6119369459627928,-0.030100003903926316,-0.5632831763186033,-0.6243405683699621,-0.634694494580703,-0.5786534271968776,-0.3141069075651874,4.813122677638576,Medical Instruments & Supplies,Healthcare,POCI
2012Q4,2012,Q4,2012-06-30,2012-06-30,-220455.0,771609.0,-218294.0,-0.16428,296469.0,0.38422180145643714,1246399.0,519329.0,1204442.0,727070.0,727070.0,682900.0,-38502399.0,6038635.5,5943962.5,0.38700472979367606,1.6565695187533525,0.04111845404240536,0.09868503395727948,,0.38700472979367606,-0.42449969094735707,7.826030411775912,-6.847923045519494,11.627764865817237,0.0,0.6957680480304583,0.0,0.6190706186381728,0.6709436505425888,-0.17687353728621413,-22.180805227625015,0.38422180145643714,0.5893,0.7186230159457233,-0.47335361457899716,-0.8299257501558622,27.719267654751526,0.5520472874533414,0.5553097435270631,-0.0006639452418077973,-0.4210105032656551,-0.18282873281933318,Medical Instruments & Supplies,Healthcare,POCI
2012Q3,2012,Q3,2012-03-31,2012-03-31,-492139.0,382264.0,-490890.0,-0.4,10323.0,0.027004897139149907,1339568.0,713601.0,1292467.0,625967.0,625967.0,698350.0,-38281944.0,3736017.0,3368617.0,0.5730174675329368,2.0647526147544517,0.051374025058824935,0.0964390464699461,,0.5730174675329368,-0.689655703957814,9.773394826611975,-1.8978464417573084,5.235442495175875,0.0,0.5325996992911863,0.0,0.2853636396211316,0.887743283591627,-0.36738635142075654,-10.441197266743988,0.027004897139149907,-0.48148148148148145,0.5855765109611105,-0.9418546980076037,-0.823481599811997,-0.9072673374056773,-0.5148564832627934,-0.5716375907255805,-0.7956565906352313,-0.6513649103283449,-0.0745238873322153,Medical Instruments & Supplies,Healthcare,POCI
2012Q2,2012,Q2,2011-12-31,2011-12-31,-324875.0,493774.0,-312343.0,-0.27,111320.0,0.22544726939855075,1672502.0,1171479.0,1620258.0,501023.0,501023.0,622397.0,-37789805.0,5002779.600000001,4283622.600000001,0.9834956151176438,3.2338994417421953,0.04039995168914596,0.0576783706750185,,0.9834956151176438,-0.2773203787690603,10.131719369590137,-3.849772681800693,4.270481673166997,0.0,0.6144856096671417,0.0,0.2952307381396255,1.8953960197436046,-0.19424490972208105,-19.176995791071555,0.22544726939855075,-1.2347826086956522,0.779024340812345,-0.45557451028318413,-0.5257683638302512,-0.20082702772553018,-1.1625642188085612,-0.18670450832440483,-0.5976076267343582,-0.5605645388025073,0.19845927677150937,Medical Instruments & Supplies,Healthcare,POCI
2012Q1,2012,Q1,2011-09-30,2011-09-30,1998441.0,504749.0,-263202.0,1.15,139294.0,0.27596686670008264,2822876.0,815809.0,2765488.0,2007067.0,2007067.0,661701.0,-37464930.0,3641298.75,2648658.75,0.8401627990562434,1.377875277706225,0.2819227624592791,0.9755138764097969,,0.8401627990562434,2.4496432375715393,7.214078185395117,0.4555174195785615,4.463420665866643,0.0,0.5522962788328868,0.0,0.1788066496721783,1.0067636008165148,0.707945017776197,-5.229466942599784,0.27596686670008264,8.692822262358685,2.849199571850463,-0.32267735595824687,-0.7395501262076422,-0.19335429660128675,8.642104900881057,-0.07169992630083105,5.908921747556223,-0.19764126777238952,-0.13511261650644277,Medical Instruments & Supplies,Healthcare,POCI
2011Q4,2011,Q4,2011-06-30,2011-06-30,-261504.0,630041.0,-245593.0,-0.14949,172683.0,0.27408216290685844,1122815.0,-1194632.0,872329.0,2317447.0,2317447.0,666285.0,-39463371.0,786520.53,1547797.53,-1.230294548064753,0.37641810147114474,0.695424446591825,-0.6536180179335561,,-1.230294548064753,0.21889920912883631,1.248364042974981,-0.7519201713931718,-0.6583789233839376,0.0,0.6864299811642165,0.0,0.5611262763678789,0.07265754081970376,-0.2329003442241153,-34.05145597021387,0.27408216290685844,0.517774193548387,0.719676071191916,-0.3650918684126036,-1.2881648667791896,0.28478639346457746,0.13498637169546693,0.14521641676760083,0.1786225643594892,0.14351308372115254,-1.893549086113584,Medical Instruments & Supplies,Healthcare,POCI
2011Q3,2011,Q3,2011-03-31,2011-03-31,-302312.0,495423.0,-287316.0,-0.31,134406.0,0.2712954384435119,1332471.0,-940471.0,1070766.0,2272942.0,2272942.0,721479.0,-39201867.0,786520.53,1512783.53,-0.9685462501531905,0.4710925311776543,0.5747464672777118,-0.8143079371931724,,-0.9685462501531905,0.3214474449504557,1.5875737097389504,-0.6504211956521739,-0.836304925936047,0.0,0.5003846265795678,0.0,0.3718077166407374,0.1318687410413464,-0.2268807351154359,-12.50231330472103,0.2712954384435119,0.060606060606060656,0.8189943499285921,-0.7968397348260529,-1.2318311150536978,0.44849660523763335,0.08653270886840912,0.09083544816500116,-1.4546523442637813,-0.1920196163745133,-1.8864633741642467,Medical Instruments & Supplies,Healthcare,POCI
2011Q2,2011,Q2,2010-12-31,2010-12-31,-330950.0,435770.0,-316022.0,-0.33,92790.0,0.2129334281845928,1337808.0,-646334.0,1071414.0,1984142.0,1984142.0,649224.0,-38899554.0,458053.2,1109298.2,-0.6349705667376628,0.5399885693665071,0.5612412244507433,-1.1616795650546003,,-0.6349705667376628,0.5120417616897764,1.0511352318883815,-0.3460138993805711,-0.7086942664319067,0.0,0.5282922381181225,0.0,0.32573433556982767,0.1867472186970489,-0.2473822850513676,-2.4855831217034576,0.2129334281845928,-1.2000000000000002,0.8567809644894976,-0.7732200437566965,-1.107661394706227,-0.7365694120719857,-1.0966638369043245,-1.210315017905103,0.522552913238876,-0.24787763481059769,-1.5305982958747708,Medical Instruments & Supplies,Healthcare,POCI
2011Q1,2011,Q1,2010-09-30,2010-09-30,-157846.0,683902.0,-142976.0,-0.15,352237.0,0.5150401665735734,1720853.0,-318919.0,1442555.0,2039772.0,2039772.0,662528.0,-38568604.0,1833139.8,2302564.8,-0.31315353035267685,0.7072138454690033,0.4275978250321207,-2.307272379507022,,-0.31315353035267685,0.4949407216252403,2.680412983146708,-2.9033675227753637,-5.747979267462899,0.0,0.5006052574381762,0.0,0.39742034909431545,0.361573744516544,-0.09172544081336408,-11.3377233509602,0.5150401665735734,-1.8680688336520075,0.9223951247335965,-0.5513368284072784,-1.0383389888286558,-0.25502467127873996,-1.9633537340892877,-15.802360492804638,0.6619175071373258,-0.3792966482467371,-1.1698195039803714,Medical Instruments & Supplies,Healthcare,POCI
2010Q4,2010,Q4,2010-06-30,2010-06-30,-53266.0,934078.0,9659.0,-0.0523,472817.0,0.5061857789178206,1928699.0,-164249.0,1639060.0,2092948.0,2092948.0,684321.0,-38410758.0,7638082.5,7942875.5,-0.16127967981492738,0.7831346024841516,0.37374053701484783,-4.388659900516898,,-0.16127967981492738,0.32430030015403444,8.177135635353793,-35.84877079187474,-46.50306851183264,0.0,0.6740418604719131,0.0,0.4843047048813734,0.44016382633491136,-0.02761758055559732,74.45685974420962,0.5061857789178206,0.5976923076923077,0.9868396878935476,-0.2901605873847717,-1.0158658371042757,0.28960876727871787,0.5945283478472687,1.1442222985382169,0.91041775905555,-0.1599440985306376,-1.0708764478776527,Medical Instruments & Supplies,Healthcare,POCI
2010Q3,2010,Q3,2010-03-31,2010-03-31,-131368.0,850939.0,-66973.0,-0.13,366636.0,0.43086049646331875,1930941.0,-114159.0,1633791.0,2045100.0,2045100.0,707941.0,-38357492.0,5193896.1,5542383.1,-0.11209521499669584,0.7988807393281502,0.3411440328834491,-5.770276544118291,,-0.11209521499669584,1.1507458895049887,6.103723181097587,-9.884249018025699,-45.49703571334717,0.0,0.6841007937102103,0.0,0.44068617321813564,0.43157938487115544,-0.0680331506762765,65.39536532238772,0.43086049646331875,0.5666666666666667,0.955897457850849,-0.28210319505986425,-1.0079277976572392,0.5355902814134755,0.5680076817341778,0.7202359320108108,0.8647271388598273,-0.8417243278241937,-1.0345310032260222,Medical Instruments & Supplies,Healthcare,POCI
2010Q2,2010,Q2,2009-12-31,2009-12-31,-304098.0,686036.0,-239391.0,-0.3,238759.0,0.3480269257006921,1789765.0,14033.0,1483271.0,1775732.0,1775732.0,730845.0,-38226124.0,3360756.3,3738050.3,0.013779309139433883,0.8353011603102269,0.33180557223993096,42.318392360863676,,0.013779309139433883,-21.67020594313404,4.89880458168376,-2.762889183749975,239.4895104396779,0.0,0.6119998084409143,0.0,0.3833106581031588,0.3945094192141607,-0.16990945738686364,-25.346217023394722,0.3480269257006921,-0.764705882352941,0.8980287330304566,-0.5249611440437263,-0.9991925094828978,0.09009432670093961,-0.7664711007841998,-1.2281988514199018,0.7580750233705433,-0.11529977711372401,-0.993355756530037,Medical Instruments & Supplies,Healthcare,POCI
2010Q1,2010,Q1,2009-09-30,2009-09-30,-172150.0,623384.0,-107437.0,-0.17,219026.0,0.35135005069106684,1816858.0,313336.0,1502425.0,1503522.0,1503522.0,701250.0,-37922026.0,5346657.75,5528965.75,0.30767146073638246,0.9992703798148613,0.2911504366329124,1.6882164832639721,,0.30767146073638246,-0.5494102177853806,8.576828648152663,-7.764533473714783,17.063656107182066,0.0,0.5766245989304812,0.0,0.34311101913303077,0.520484568898892,-0.09475148855881968,-137.82887579913384,0.35135005069106684,-0.03551196930011574,0.9566850687662691,-0.44500409119105,-0.9869735553965392,-0.5363479137074427,-0.029623737268013182,-0.05649411949809228,0.8481197011836769,-0.2024135964670968,-0.90462206466614,Medical Instruments & Supplies,Healthcare,POCI
2009Q4,2009,Q4,2009-06-30,2009-06-30,-167197.0,1011401.0,-101692.0,-0.16417,472393.0,0.4670679582084653,1975188.0,482310.0,1648172.0,1492878.0,1492878.0,709155.0,-37749876.0,3360756.3,3440267.3,0.47359072123140855,1.1040232356562292,0.23496700060956222,0.9622524932097614,,0.47359072123140855,-0.34665878791648524,3.3228722336639964,-5.025144440390677,6.968041923244386,0.0,0.7600707884736059,0.0,0.5120530298888004,0.6004509410681917,-0.08464865116636999,-33.090360662839814,0.4670679582084653,0.2537727272727272,0.9611780591040978,-0.16818440799681864,-0.9246797245005197,0.4364649788054419,0.25401775755142103,0.36345028324622075,0.8291117200673648,-0.02822120391088388,-0.8890735496583486,Medical Instruments & Supplies,Healthcare,POCI
2009Q3,2009,Q3,2009-03-31,2009-03-31,-224130.0,896660.0,-159755.0,-0.22,328858.0,0.36675886066067404,2026703.0,630559.0,1710630.0,996915.0,1396144.0,706123.0,-37582679.0,763808.25,653562.25,0.6191596516534091,1.7159236243812162,0.1969844619561919,0.6331350436676029,,0.6191596516534091,-0.3554465165036103,0.8518370954430888,-0.8519701177887833,1.211319242132774,0.0,0.8041120314732703,0.0,0.44242298945627456,0.9568890025729375,-0.11058847793682647,6.899117973823739,0.36675886066067404,-0.29411764705882343,0.9848389517656576,-0.803302222800377,-0.9827501496892366,-0.3292513538044199,-0.28911844383221275,-3.3450648679522397,0.8720504688017805,-0.6494157792533211,-0.8517980195407645,Medical Instruments & Supplies,Healthcare,POCI
2009Q2,2009,Q2,2008-12-31,2008-12-31,-173863.0,960714.0,-36767.0,-0.17,490285.0,0.5103339807684701,2033290.0,835742.0,1697548.0,863194.0,1197548.0,626660.0,-37358549.0,611046.6,606276.6,0.8206333199464656,1.9665892024272644,0.16443989789946342,0.40006844217473814,,0.8206333199464656,-0.20803429766602613,0.6360338248427732,-0.8786323139483385,0.731142625355672,0.0,0.7506925605591549,0.0,0.47249236459137656,1.1798865608426379,-0.08550821574886022,-2.084323737988764,0.5103339807684701,0.6599999999999999,0.9882562742323645,-0.7086106632451749,-0.9837207094047574,0.6120266191450047,0.5927704296378188,0.8495726565664418,0.924798612334477,-0.5002856921907295,-0.860858861188223,Medical Instruments & Supplies,Healthcare,POCI
2009Q1,2009,Q1,2008-09-30,2008-09-30,-426941.0,659735.0,-244417.0,-0.5,304142.0,0.4610063131408823,1996401.0,989217.0,1648535.0,811405.0,1007184.0,624585.0,-37184682.0,3054984.0,2616071.0,0.9714129435702445,2.0317042660570244,0.09806596971249763,0.19791309692413292,,0.9714129435702445,-0.43159488767378645,4.6306229016195894,-1.7888794938879142,3.0882849769059773,0.0,0.5693268330171234,0.0,0.3304621666689207,1.2422403115583462,-0.2138553326711417,-12.286825477901697,0.4610063131408823,-0.52494815176284,0.953833913980388,-0.9289245954965923,-0.9850429350407868,0.3158516377732687,-0.2787029105742679,0.2449320671481795,0.7900776480218046,-0.5671559328169102,-0.8810711475945748,Medical Instruments & Supplies,Healthcare,POCI
2008Q4,2008,Q4,2008-06-30,2008-06-30,-333886.0,577817.0,-323702.0,-0.32788,231137.0,0.40001765264781064,2281637.0,1402098.0,1918392.0,869235.0,879539.0,608431.0,-36757741.0,7637460.0,6761776.0,1.3768628575468809,2.206988904036308,0.004516055796780995,0.007348987018025844,,1.3768628575468809,-0.23813314047948148,13.217783485082647,-5.718613538752748,5.447165604686691,0.0,0.5697934523388848,0.0,0.2532466820971083,1.4647500388272447,-0.146336161273682,108.36812009591782,0.40001765264781064,-0.31152,0.9772080029728477,-0.8907375402734865,-0.9814008461790252,0.40470388039745964,-1.5850572932796532,-1.478708659729082,0.9175008052114942,-0.560860324060733,-0.8645515551752435,Medical Instruments & Supplies,Healthcare,POCI
2008Q3,2008,Q3,2008-03-31,2008-03-31,-129160.0,643040.0,-130593.0,-0.25,164545.0,0.2558861035083354,1725242.0,1112621.0,1349830.0,612621.0,612621.0,623095.0,-36423855.0,15274920.0,15040358.0,1.092595902302598,2.2033688038771118,0.0,0.0,,1.092595902302598,-0.11608625039433913,23.754229907937297,-29.565887271601113,13.728771971767566,0.0,0.7679326587438513,0.0,0.372724522125012,1.0858573245122187,-0.0748648595385459,-47.622212799920185,0.2558861035083354,0.6666666666666666,0.9786690700691855,-0.9509954576915555,-0.9876422551127672,0.8277497611801036,0.8137455657139561,0.8124870772835876,0.9566351879740874,-0.45745348649712686,-0.9227274845332261,Medical Instruments & Supplies,Healthcare,POCI
2008Q2,2008,Q2,2007-12-31,2007-12-31,-693460.0,579633.0,-696448.0,-0.75,90026.0,0.15531551861263937,1754556.0,1218640.0,1374322.0,535916.0,535916.0,679883.0,-36294694.0,10692444.0,10385753.0,1.1967067585296682,2.564435471230566,0.0,0.0,,1.1967067585296682,-0.5690441803978206,18.446920723975342,-3.854744325555908,8.774079301516444,0.0,0.7201341995608068,0.0,0.33035879162591564,1.132511438359743,-0.3952338939310002,-46.34119956833223,0.15531551861263937,-0.5,0.9328757929969884,-0.9323609767046741,-0.9873176390791686,-0.7060797795582022,-0.48540852697237646,-0.4766172445303837,0.7674474730612272,-0.598606137626314,-0.929870986310967,Medical Instruments & Supplies,Healthcare,POCI
2008Q1,2008,Q1,2007-09-30,2007-09-30,-466848.0,1101728.0,-471651.0,-0.5,306294.0,0.2780123587673182,2387664.0,1877835.0,1931157.0,509829.0,509829.0,699596.0,-35601235.0,19093650.0,18553921.0,1.8440374810473639,3.7878523975685967,0.0,0.0,,1.8440374810473639,-0.24860970213037886,17.330638778355457,-10.22476801871273,10.167906125937582,0.0,1.1369904916551838,0.0,0.46142505813213247,2.3475832092721287,-0.19552499849225016,-69.5381640189673,0.2780123587673182,0.14363032233754675,0.9594520831200432,-0.8603056858071165,0.0,0.33527765425963224,0.21479557854937129,0.21871728442506724,0.882526069169755,-0.019056681069304304,-0.9219256409545553,Medical Instruments & Supplies,Healthcare,POCI
2007Q4,2007,Q4,2007-06-30,2007-06-30,-594556.0,1111833.0,-603688.0,-0.58386,229386.0,0.2063133582111702,3035597.0,2317210.0,2599160.0,718387.0,718387.0,904736.0,-35134387.0,25967364.0,25127185.0,2.275504552560668,3.618049881192171,0.0,0.0,,2.275504552560668,-0.25658270074788214,23.355453561820884,-10.918804956976297,11.206305859201366,0.0,0.9753640841085134,0.0,0.36626502134505995,2.284820020406828,-0.1958613083357244,-20.768325288822595,0.2063133582111702,0.41613999999999995,0.9692823715689665,-0.8727551656362212,0.0,-0.946054012307209,0.2954754707546175,0.29581164657603914,0.8619371208721737,-0.08551068739472967,-0.6381017994745621,Medical Instruments & Supplies,Healthcare,POCI
2007Q3,2007,Q3,2007-03-31,2007-03-31,-843911.0,4671991.0,-857282.0,-1.0,4252142.0,0.9101348868180611,3830870.0,2872888.0,3396398.0,957982.0,957982.0,996991.0,-34539830.0,26549850.0,24438691.0,3.246219470166498,3.5453672407205983,0.0,0.0,,3.246219470166498,-0.29375005221226863,5.682769936842772,-7.865121440531051,9.241519335247318,0.0,0.421116138460628,0.0,1.2195639632772712,2.420511032566374,-0.22029225737234623,-31.938478083824844,0.9101348868180611,0.2,0.9414623403257579,0.03024069288416234,0.0,26.544418101493775,-0.10577803750869713,-0.1125239107470535,0.9343086555106414,0.17938586338709675,-0.9095599983191358,Medical Instruments & Supplies,Healthcare,POCI
2007Q2,2007,Q2,2006-12-31,2006-12-31,-763183.0,470811.0,-770574.0,-1.25,154374.0,0.3278895352912315,1910328.0,1282333.0,1489386.0,627995.0,627995.0,511559.0,-33695920.0,,,,,,,,,,,,,,,,,,,,,,,,,,,,,,,Medical Instruments & Supplies,Healthcare,POCI
2007Q1,2007,Q1,2006-09-30,2006-09-30,-688179.0,474541.0,-703382.0,-1.0,-11384.0,-0.023989497219418343,2540002.0,1994611.0,2162774.0,545391.0,545391.0,500335.0,-32932736.0,,,,,,,,,,,,,,,,,,,,,,,,,,,,,,,Medical Instruments & Supplies,Healthcare,POCI
