Quarters,Year,Quarter,FillingDate,Date,NetIncome,Revenue,OperatingIncome,EPSDiluted,GrossProfit,GrossProfitRatio,TotalAssets,CommonStockEquity,CurrentAssets,CurrentLiability,TotalLiability,Inventory,RetainedEarnings,MarketCap,EnterpriseValue,bookValuePerShare,currentRatio,debtToAssets,debtToEquity,roic,shareholdersEquityPerShare,roe,priceToSalesRatio,peRatio,pbRatio,payoutRatio,inventoryTurnover,dividendYield,assetTurnover,quickRatio,returnOnAssets,priceToFreeCashFlowsRatio,grossProfitMargin,epsdilutedGrowth,fiveYNetIncomeGrowthPerShare,fiveYRevenueGrowthPerShare,fiveYShareholdersEquityGrowthPerShare,grossProfitGrowth,netIncomeGrowth,operatingIncomeGrowth,threeYNetIncomeGrowthPerShare,threeYRevenueGrowthPerShare,threeYShareholdersEquityGrowthPerShare,Industry,Sector,Symbol
2023Q1,2023,Q1,2023-04-27,2023-03-31,325000000.0,2779000000.0,541000000.0,0.49,998000000.0,0.3591219863,37752000000.0,10356000000.0,3139000000.0,3150000000.0,27396000000.0,781000000.0,1034000000.0,18559800000.0,34947800000.0,16.438095238095237,0.9965079365079365,0.43711591438864167,1.593472383159521,0.016244334000321884,16.438095238095237,0.03138277327153341,6.6785894206549115,14.27676923076923,1.792178447276941,0.4430769230769231,2.2804097311139566,0.0077587042963825036,0.07361199406653952,0.6161904761904762,0.008608815426997245,31.45728813559322,0.35912198632601655,1.3333333333333335,0.3475228475228477,-0.3974044726184187,0.4586821181015127,0.23209876543209876,1.4253731343283582,0.5282485875706214,1.215986867363014,0.021863303081577228,0.18392020222723232,Utilities—Regulated Electric,Utilities,CNP
2022Q4,2022,Q4,2023-02-17,2022-12-31,134000000.0,2711000000.0,354000000.0,0.21,810000000.0,0.298782737,38546000000.0,10045000000.0,4699000000.0,5113000000.0,28501000000.0,876000000.0,709000000.0,18863710000.0,35645710000.0,15.9697933227345,0.9190299237238412,0.4372956986457739,1.6780487804878048,0.010622617603233275,15.9697933227345,0.013339970134395222,6.958210992253781,35.19348880597015,1.8779203583872572,0.8432835820895522,2.1700913242009134,0.005990338061812867,0.07033155191200124,0.4414238216311363,0.0034763659004825405,-22.06281871345029,0.2987827369974179,-0.3,-0.9291459449645725,-0.29576170100439825,0.4683421020146828,-0.026442307692307692,-0.33663366336633666,-0.078125,-0.3184987392788067,-0.32982455270787087,-0.04047314652428552,Utilities—Regulated Electric,Utilities,CNP
2022Q3,2022,Q3,2022-11-01,2022-09-30,202000000.0,1903000000.0,384000000.0,0.3,832000000.0,0.4372044141,36719000000.0,9989000000.0,4083000000.0,4611000000.0,26730000000.0,882000000.0,719000000.0,17753400000.0,33227400000.0,15.855555555555556,0.885491216655823,0.4245213649609194,1.5605165682250475,0.010948464670071783,15.855555555555556,0.020222244468915806,9.329164477141356,21.972029702970296,1.7772950245269796,0.6831683168316832,1.2142857142857142,0.007773158944202238,0.05182603012064599,0.35870743873346345,0.005501239140499469,-20.83732394366197,0.4372044140830268,0.07142857142857129,-0.1822860899783976,-0.3794596516712818,0.8888182544069776,0.023370233702337023,0.06315789473684211,0.09401709401709402,-0.403856554967666,-0.4469880633994419,-0.046310940703463956,Utilities—Regulated Electric,Utilities,CNP
2022Q2,2022,Q2,2022-08-02,2022-06-30,190000000.0,1944000000.0,351000000.0,0.28,813000000.0,0.4182098765,36216000000.0,10023000000.0,4443000000.0,4318000000.0,26193000000.0,636000000.0,768000000.0,18605820000.0,33066820000.0,15.934817170111288,1.0289485873089392,0.4146233708857963,1.4981542452359573,0.010915758302294321,15.934817170111288,0.018956400279357476,9.570895061728395,24.481342105263153,1.856312481293026,0.5631578947368421,1.778301886792453,0.005750888700417397,0.0536779324055666,0.5361278369615563,0.0052462999779103155,-29.25443396226415,0.4182098765432099,-0.6666666666666666,-0.03562385915327075,-0.37841472995599973,0.9275627842598836,-0.13694267515923567,-0.6421845574387948,-0.2641509433962264,-0.22237169295992817,-0.44549990851971266,-0.03121252035898439,Utilities—Regulated Electric,Utilities,CNP
2022Q1,2022,Q1,2022-05-03,2022-03-31,531000000.0,2763000000.0,477000000.0,0.84,942000000.0,0.3409337676,35202000000.0,9951000000.0,4188000000.0,4605000000.0,25251000000.0,512000000.0,685000000.0,19272560000.0,33026560000.0,15.820349761526233,0.9094462540716612,0.3942673711720925,1.3947341975680836,0.014560154979046789,15.820349761526233,0.053361471208923726,6.975229822656533,9.073709981167609,1.9367460556727967,0.24670433145009416,3.556640625,0.006797228806136808,0.0784898585307653,0.4820846905537459,0.015084370206238281,-72.45323308270677,0.34093376764386535,12.461538461538462,0.8950467011128777,-0.3077703792619375,0.9277836435447573,0.17897371714643304,12.973684210526315,-0.4504608294930876,1.5076151682486525,-0.37549454097007706,-0.03337200824170291,Utilities—Regulated Electric,Utilities,CNP
2021Q4,2021,Q4,2022-02-22,2021-12-31,38000000.0,2314000000.0,868000000.0,0.0624,799000000.0,0.3452895419,37679000000.0,9415000000.0,7355000000.0,4287000000.0,28264000000.0,608000000.0,154000000.0,16885550000.0,32758550000.0,15.561983471074381,1.7156519710753442,0.42737333793359694,1.710355815188529,0.015206797508563734,15.561983471074381,0.00403611258629846,7.297126188418323,111.0891447368421,1.7934731810939988,2.8421052631578947,2.491776315789474,0.006396001314733603,0.061413519467077154,0.6701656169815722,0.0010085193343772393,-38.11636568848758,0.3452895419187554,-0.8049999999999999,-0.7321673185500367,-0.20842399513901852,0.9370711460373572,0.056878306878306875,-0.8256880733944955,2.1223021582733814,-0.7380632782369145,-0.36954277703372207,-0.03353284657308879,Utilities—Regulated Electric,Utilities,CNP
2021Q3,2021,Q3,2021-11-04,2021-09-30,218000000.0,1749000000.0,278000000.0,0.32,756000000.0,0.4322469982847341,37160000000.0,8865000000.0,7708000000.0,4507000000.0,28295000000.0,593000000.0,-368000000.0,14883000000.0,31242000000.0,14.652892561983471,1.7102285333925005,0.443810548977395,1.860349689791314,0.008986427907836748,14.652892561983471,0.024591088550479413,8.50943396226415,17.067660550458715,1.678849407783418,1.463302752293578,1.6745362563237773,0.021433850702143382,0.04706673842841765,0.44397603727534946,0.005866523143164693,-62.0125,0.4322469982847341,-0.13513513513513511,-0.13238838358188287,-0.3404013667645218,0.8189506607761737,0.009345794392523364,-0.13147410358565736,-0.060810810810810814,-0.014792342295219207,-0.4354101594607923,0.149246475449684,Utilities—Regulated Electric,Utilities,CNP
2021Q2,2021,Q2,2021-08-05,2021-06-30,251000000.0,1742000000.0,296000000.0,0.37,749000000.0,0.42996555683122845,36466000000.0,8870000000.0,5179000000.0,3369000000.0,27596000000.0,440000000.0,-343000000.0,14368720000.0,30378720000.0,15.136518771331058,1.537251409913921,0.4427686063730598,1.820293122886133,0.011975561447125454,15.136518771331058,0.02829763246899662,8.248404133180253,14.311474103585658,1.619923337091319,0.2589641434262948,2.256818181818182,0.004523715404016503,0.04777052596939615,0.6108637577916296,0.006883124005923326,-26.658107606679035,0.42996555683122845,-0.33928571428571436,93.23029266211604,-0.18665784224015677,0.9189247036885588,-0.17054263565891473,-0.3085399449035813,-0.3465783664459161,3.4671672354948804,-0.41253212344144713,0.4002090169625305,Utilities—Regulated Electric,Utilities,CNP
2021Q1,2021,Q1,2021-05-06,2021-03-31,363000000.0,2547000000.0,453000000.0,0.56,903000000.0,0.3545347467608952,35906000000.0,8716000000.0,3219000000.0,4326000000.0,27190000000.0,377000000.0,-482000000.0,12502800000.0,28192800000.0,15.789855072463768,0.7441054091539528,0.4410404946248538,1.8168884809545662,0.01532627149922492,15.789855072463768,0.04164754474529601,4.9088339222614845,8.610743801652891,1.4344653510784764,0.0,4.360742705570292,0.0,0.07093521974043335,0.507628294036061,0.01010973096418426,-6.511875,0.3545347467608952,1.0740740740740742,0.8361801242236027,3.8350280504767875e-05,0.9365766346718256,0.2576601671309192,0.815,0.5894736842105263,0.7177536231884059,-0.36967029559705095,0.4011586444784608,Utilities—Regulated Electric,Utilities,CNP
2020Q4,2020,Q4,2021-02-25,2020-12-31,200000000.0,2054000000.0,285000000.0,0.27,718000000.0,0.3495618305744888,33471000000.0,8348000000.0,2920000000.0,4825000000.0,25123000000.0,500000000.0,-845000000.0,11869842960.0,25162842960.0,15.219301603969999,0.6051813471502591,0.40154163305548085,1.6099664590321034,0.010299680962864769,15.219301603969999,0.023957834211787255,5.77889141187926,14.8373037,1.4218786487781505,0.53,2.672,0.008930193967789444,0.06136655612321114,0.4727461139896373,0.005975321920468465,-78.6082315231788,0.3495618305744888,1.076923076923077,1.3082176381777426,-0.10039858830849961,0.8920217124320543,-0.01643835616438356,0.6528925619834711,-0.056291390728476824,-0.8787301511419158,-0.3881379883573948,0.3993381665469326,Utilities—Regulated Electric,Utilities,CNP
2020Q3,2020,Q3,2020-11-05,2020-09-30,121000000.0,1622000000.0,302000000.0,0.13,730000000.0,0.45006165228113443,32705000000.0,8388000000.0,2785000000.0,3830000000.0,24317000000.0,534000000.0,-796000000.0,10545750000.0,23681750000.0,15.390825688073395,0.7271540469973891,0.40730775110839323,1.5881020505484025,0.015100279414619087,15.390825688073395,0.014425369575584168,6.501695437731196,21.78873966942149,1.2572424892703864,1.0743801652892562,1.6704119850187267,0.012327240831614631,0.04959486317076899,0.5582245430809399,0.003699740100902003,-29.874645892351275,0.45006165228113443,0.18181818181818185,1.24416340129989,-0.21488152192266569,0.6308662015454806,0.1043872919818457,0.1523809523809524,0.2851063829787234,-0.4337875251072146,-0.38859901522638424,0.8334565703592133,Utilities—Regulated Electric,Utilities,CNP
2020Q2,2020,Q2,2020-08-06,2020-06-30,105000000.0,1575000000.0,235000000.0,0.11,661000000.0,0.41968253968253966,32148000000.0,8392000000.0,2501000000.0,4309000000.0,23756000000.0,462000000.0,-771000000.0,9857760000.0,22575760000.0,15.893939393939394,0.5804130888837318,0.4008336443946746,1.5355100095328884,0.009091320704540818,15.893939393939394,0.012511916110581505,6.2588952380952385,23.470857142857145,1.1746615824594853,1.0095238095238095,1.9783549783549783,0.010752949960234372,0.04899216125419933,0.4481318171269436,0.0032661440836132885,-103.7658947368421,0.41968253968253966,1.0450819672131146,0.11053719008264463,-0.16274774507476863,0.5020646020646022,-0.19390243902439025,1.0875729774812344,0.08294930875576037,-0.3651094276094276,-0.400068404530607,0.9226179845040356,Utilities—Regulated Electric,Utilities,CNP
2020Q1,2020,Q1,2020-05-07,2020-03-31,-1199000000.0,2167000000.0,217000000.0,-2.44,820000000.0,0.3784033225657591,33395000000.0,6970000000.0,4164000000.0,4042000000.0,26425000000.0,375000000.0,-761000000.0,7755900000.0,22791900000.0,13.884462151394422,1.0301830776843146,0.456834855517293,2.1888091822094693,0.0073434266174750296,13.884462151394422,-0.1720229555236729,3.5790955237655746,-1.617160133444537,1.112754662840746,-0.1559633027522936,3.592,0.02411067703296845,0.06488995358586615,0.500247402276101,-0.035903578379997005,-3877.95,0.3784033225657591,-10.76,-8.8399379580913,-0.23707553673509818,0.305273005050197,0.05806451612903226,-8.636942675159236,-0.2814569536423841,-6.36156416002656,-0.31973968841271105,0.6918866800257268,Utilities—Regulated Electric,Utilities,CNP
2019Q4,2019,Q4,2020-02-27,2019-12-31,157000000.0,3230000000.0,302000000.0,0.25,775000000.0,0.23993808049535603,35439000000.0,8359000000.0,3847000000.0,3888000000.0,27080000000.0,546000000.0,632000000.0,13696112070.0,28567112070.0,16.64340426209728,0.989454732510288,0.42642286746240016,1.8078717549946166,0.011099505070788782,16.64340426209728,0.018782150974997008,4.240282374613003,21.809095652866244,1.6384869087211387,1.0254777070063694,4.496336996336996,0.011755160820613815,0.09114252659499422,0.772633744855967,0.004430147577527583,-103.75842477272727,0.23993808049535603,-0.4680851063829787,-0.23662630453941796,0.16530079804575584,0.5728382977643717,-0.07738095238095238,-0.4185185185185185,-0.22959183673469388,0.33297755499455395,0.330990636440324,1.0716805301758903,Utilities—Regulated Electric,Utilities,CNP
2019Q3,2019,Q3,2019-11-07,2019-09-30,270000000.0,2742000000.0,392000000.0,0.47,840000000.0,0.3063457330415755,34642000000.0,8346000000.0,3416000000.0,3434000000.0,26296000000.0,572000000.0,636000000.0,15150360000.0,29773360000.0,16.625498007968126,0.9947582993593477,0.42959413428785864,1.783129642942727,0.013724607401536575,16.625498007968126,0.03235082674335011,5.525295404814004,14.028111111111112,1.8152839683680806,0.9111111111111111,3.325174825174825,0.016237237927019556,0.07915247387564228,0.7478159580663949,0.007794007274406789,-107.44936170212766,0.3063457330415755,0.4242424242424241,0.6173069957930515,0.29979252883320057,0.5982481876651675,0.13513513513513514,0.38461538461538464,0.36585365853658536,0.29504329052505046,0.2462611175203895,1.0638219013347527,Utilities—Regulated Electric,Utilities,CNP
2019Q2,2019,Q2,2019-08-07,2019-06-30,195000000.0,2798000000.0,287000000.0,0.33,740000000.0,0.2644746247319514,34189000000.0,8257000000.0,3326000000.0,2996000000.0,25932000000.0,479000000.0,552000000.0,14301980000.0,28639980000.0,16.448207171314742,1.110146862483311,0.42730117874170054,1.769286665859271,0.010926430070847546,16.448207171314742,0.023616325541964394,5.111501072194424,18.335871794871796,1.732103669613661,0.7384615384615385,4.296450939457203,0.010068535964950309,0.08183918804293779,0.8561415220293725,0.0057035888736143205,-43.471063829787234,0.2644746247319514,0.17857142857142852,0.560221450646014,0.2714585966114311,0.5975130713304972,0.08187134502923976,0.15384615384615385,0.17142857142857143,84.6427639442231,0.5249891083695715,1.0852133538263786,Utilities—Regulated Electric,Utilities,CNP
2019Q1,2019,Q1,2019-05-09,2019-03-31,169000000.0,3531000000.0,245000000.0,0.28,684000000.0,0.1937128292268479,33902000000.0,8216000000.0,3419000000.0,3139000000.0,25686000000.0,371000000.0,518000000.0,15411400000.0,29317400000.0,16.366533864541832,1.0892003822873526,0.4177039702672409,1.7235881207400194,0.00968763036653894,16.366533864541832,0.020569620253164556,4.364599263664684,22.79792899408284,1.8757789678675754,0.8520710059171598,7.6738544474393535,0.009343732561610238,0.10415314730694354,0.8741637464160561,0.00498495663972627,-57.937593984962405,0.1937128292268479,0.5555555555555558,-0.21932809303327236,-0.045991815224086185,0.5906758105773552,0.29791271347248577,0.4083333333333333,0.46706586826347307,-0.05999379106948829,0.524476690014137,1.007304495651166,Utilities—Regulated Electric,Utilities,CNP
2018Q4,2018,Q4,2019-02-28,2018-12-31,120000000.0,3036000000.0,167000000.0,0.18,527000000.0,0.1735836627140975,27009000000.0,8058000000.0,7025000000.0,3302000000.0,18951000000.0,394000000.0,349000000.0,14127336510.0,19060336510.0,16.101926915875524,2.1274984857662025,0.339294309304306,1.1372549019607843,0.006428883523644111,16.101926915875524,0.014892032762472078,4.653272895256917,29.4319510625,1.7532063179448996,1.1583333333333334,6.368020304568528,0.009839080417006362,0.1124069754526269,1.9197456087219866,0.004442963456625569,-193.52515767123288,0.1735836627140975,-0.4857142857142857,-0.08964520761067224,0.1916727637187955,0.5956864511227995,-0.18547140649149924,-0.24050632911392406,-0.2610619469026549,1.2026968704401468,0.45743690031662737,1.0017472634147457,Utilities—Regulated Electric,Utilities,CNP
2018Q3,2018,Q3,2018-11-08,2018-09-30,158000000.0,2212000000.0,226000000.0,0.35,647000000.0,0.29249547920433994,22228000000.0,5508000000.0,2726000000.0,2581000000.0,16720000000.0,405000000.0,551000000.0,11897280000.0,19387280000.0,12.75,1.0561797752808988,0.35014396256973185,1.413035584604212,0.01285468923641173,12.75,0.02868554829339143,5.3785171790235085,18.82481012658228,2.16,3.1772151898734178,3.8641975308641974,0.0421945184109309,0.09951412632715494,0.8089887640449438,0.007108151880511067,73.44,0.29249547920433994,3.0588235294117645,0.03819021339220022,0.3382525067750678,0.2825644214973012,0.026984126984126985,3.1066666666666665,0.20855614973262032,1.4022212749834233,0.35077255169279703,0.35103499260719573,Utilities—Regulated Electric,Utilities,CNP
2018Q2,2018,Q2,2018-08-03,2018-06-30,-75000000.0,2186000000.0,187000000.0,-0.17,630000000.0,0.2881976212259835,22108000000.0,4670000000.0,2701000000.0,2842000000.0,17438000000.0,344000000.0,513000000.0,11970720000.0,19924720000.0,10.810185185185185,0.9503870513722731,0.3746155237922924,1.7734475374732335,0.012305049413218036,10.810185185185185,-0.016059957173447537,5.4760841720036595,-39.9024,2.5633233404710922,-1.6,4.523255813953488,0.01002445968162316,0.09887823412339425,0.7445460942997889,-0.003392437126831916,43.68875912408759,0.2881976212259835,-1.4473684210526316,0.2552083333333333,0.14615598967499696,0.10655438903470389,-0.06804733727810651,-1.4545454545454546,-0.2549800796812749,-1.9695165945165947,0.42028696451020203,0.02162189662189669,Utilities—Regulated Electric,Utilities,CNP
2018Q1,2018,Q1,2018-05-04,2018-03-31,165000000.0,3155000000.0,251000000.0,0.38,676000000.0,0.21426307448494453,22410000000.0,4857000000.0,3049000000.0,2616000000.0,17553000000.0,257000000.0,708000000.0,11809400000.0,20379400000.0,11.269141531322505,1.165519877675841,0.3921909861668898,1.8095532221535928,0.01431582687856556,11.269141531322505,0.033971587399629403,3.7430744849445325,17.8930303030303,2.431418571134445,0.8242424242424242,9.645914396887159,0.011516249767134655,0.14078536367692995,0.9629204892966361,0.007362784471218206,96.79836065573771,0.21426307448494453,-0.8729096989966556,0.11463610966428331,0.31199306664801196,0.10345288844795986,-0.014577259475218658,-0.8726851851851852,-0.15202702702702703,0.25661961353854884,0.2937442722503703,0.05940770845401774,Utilities—Regulated Electric,Utilities,CNP
2017Q4,2017,Q4,2018-02-22,2017-12-31,1296000000.0,2638000000.0,296000000.0,2.99,686000000.0,0.26004548900682334,22736000000.0,4688000000.0,3395000000.0,3069000000.0,18048000000.0,397000000.0,543000000.0,12224237680.0,20804237680.0,10.87607125125859,1.1062235255783643,0.3888106966924701,1.8856655290102389,0.09915099684466923,10.87607125125859,0.2764505119453925,4.633903593631539,2.3580705401234567,2.607559232081911,0.08873456790123457,4.916876574307305,0.009407539595548834,0.116027445460943,0.862495927012056,0.05700211118930331,-291.0532780952381,0.26004548900682334,6.666666666666667,8.603475068479263,0.22516702789430215,0.08229679040657445,0.07020280811232449,6.668639053254438,0.06093189964157706,6.342418660409186,0.1089371093193937,0.02781264720886912,Utilities—Regulated Electric,Utilities,CNP
2017Q3,2017,Q3,2017-11-03,2017-09-30,169000000.0,2098000000.0,279000000.0,0.39,641000000.0,0.3055290753098189,22135000000.0,3618000000.0,2935000000.0,3221000000.0,18517000000.0,442000000.0,-518000000.0,12589510000.0,21069510000.0,8.394431554524362,0.9112076994722136,0.39218432346961823,2.3993919292426753,0.014358525540123386,8.394431554524362,0.046710889994472087,6.000719733079123,18.623535502958582,3.4796876727473744,0.6863905325443787,3.2963800904977374,0.009214020243837925,0.09478201942624802,0.6997826761875194,0.007634967246442286,2098.2516666666666,0.3055290753098189,0.2580645161290323,15.75907517401392,0.22023771764497752,-0.15719276180572253,0.11284722222222222,0.2518518518518518,0.25112107623318386,0.17907614427336002,0.1583465692197268,-0.19302357065828854,Utilities—Regulated Electric,Utilities,CNP
2017Q2,2017,Q2,2017-08-03,2017-06-30,135000000.0,2143000000.0,223000000.0,0.31,576000000.0,0.268782081194587,22045000000.0,3563000000.0,2865000000.0,3038000000.0,18482000000.0,410000000.0,-571000000.0,11800780000.0,20253780000.0,8.266821345707656,0.9430546412113232,0.39469267407575415,2.4420432220039294,0.011633865388004193,8.266821345707656,0.037889419028908224,5.506663555762949,21.853296296296296,3.312034802133034,0.8518518518518519,3.821951219512195,0.009745118543011563,0.0972102517577682,0.7310730743910467,0.00612383760489907,491.69916666666666,0.268782081194587,-0.29545454545454547,0.06148491879350341,0.39220417633410654,-0.18514941952512248,-0.03355704697986577,-0.296875,-0.18613138686131386,0.2580904005030682,0.134235224210718,-0.1970945513652392,Utilities—Regulated Electric,Utilities,CNP
2017Q1,2017,Q1,2017-05-05,2017-03-31,192000000.0,2735000000.0,274000000.0,0.44,596000000.0,0.21791590493601462,21931000000.0,3537000000.0,2896000000.0,2642000000.0,18394000000.0,316000000.0,-591000000.0,11882670000.0,20307670000.0,8.206496519721577,1.0961392884178653,0.3957411882723086,2.4537743850720948,0.014402954182573214,8.206496519721577,0.0542832909245123,4.344669104204753,15.472226562500001,3.3595335029686177,0.5989583333333334,6.768987341772152,0.009677959583157656,0.12470931558068488,0.882664647993944,0.008754730746431991,1697.5242857142857,0.21791590493601462,0.9130434782608695,0.2909702163928216,0.29715521195630384,-0.1843286240314065,0.006756756756756757,0.900990099009901,0.12757201646090535,0.03302188499404273,-0.1393270361407604,-0.20240439352955222,Utilities—Regulated Electric,Utilities,CNP
2016Q4,2016,Q4,2017-02-28,2016-12-31,101000000.0,2081000000.0,243000000.0,0.23,592000000.0,0.284478616049976,21829000000.0,3460000000.0,2923000000.0,3080000000.0,18369000000.0,312000000.0,-668000000.0,10612004480.0,18863004480.0,8.033769695506198,0.949025974025974,0.393604837601356,2.483236994219653,0.012570527713242616,8.033769695506198,0.029190751445086704,5.099473560788082,26.267337821782178,3.067053317919075,1.099009900990099,4.772435897435898,0.010459852350156566,0.09533189793394109,0.7788961038961039,0.004626872509047597,97.35783926605505,0.284478616049976,-0.4390243902439024,-0.14613661647435994,-0.04038359975687287,-0.18939225715640923,-0.15549215406562053,-0.43575418994413406,-0.1443661971830986,-0.1096853876500384,-0.05088242103719879,-0.20386066080569215,Utilities—Regulated Electric,Utilities,CNP
2016Q3,2016,Q3,2016-11-04,2016-09-30,179000000.0,1889000000.0,284000000.0,0.41,701000000.0,0.3710958178930651,21286000000.0,3472000000.0,2529000000.0,2398000000.0,17814000000.0,351000000.0,-658000000.0,10012130000.0,18293130000.0,8.055684454756381,1.0546288573811509,0.4017194400075167,2.462845622119816,0.01531967111345766,8.055684454756381,0.051555299539170506,5.300227633668608,13.983421787709498,2.8836779953917047,0.6201117318435754,3.3846153846153846,0.011086552012408947,0.0887437752513389,0.8236030025020851,0.008409283096871183,345.2458620689655,0.3710958178930651,89.28386499999999,-0.8181670772099588,-0.00739721059662447,-0.18428296227092503,0.2407079646017699,90.5,0.5604395604395604,0.17890647039842666,0.14549019863052465,-0.1896522139231827,Utilities—Regulated Electric,Utilities,CNP
2016Q2,2016,Q2,2016-08-05,2016-06-30,-2000000.0,1574000000.0,182000000.0,-0.00464411022331204,565000000.0,0.35895806861499363,21012000000.0,3397000000.0,2272000000.0,2241000000.0,17615000000.0,283000000.0,-726000000.0,10335672000.0,18624672000.0,7.8880212142955,1.0138331102186524,0.407386255473063,2.5198704739476008,-0.003805302333361211,7.8880212142955,-0.0005887547836326171,6.566500635324015,-1291.959,3.042588166028849,-144.5,3.5653710247349824,0.027961413636191243,0.07490957548067771,0.8063364569388666,-9.518370454978108e-05,139.67124324324325,0.35895806861499363,-1.0129003061758668,-1.0166251340767305,-0.15242586734456118,0.014276195982457888,-0.07528641571194762,-1.0129870129870129,-0.272,0.9800767671419913,-0.17214444248929214,-0.1925647575917993,Utilities—Regulated Electric,Utilities,CNP
2016Q1,2016,Q1,2016-05-10,2016-03-31,154000000.0,1984000000.0,250000000.0,0.36,611000000.0,0.3079637096774194,21004000000.0,3506000000.0,2335000000.0,2534000000.0,17498000000.0,234000000.0,-613000000.0,8995600000.0,17255600000.0,8.153488372093022,0.9214680347277032,0.40363740239954293,2.4181403308613807,0.013385903426791277,8.153488372093022,0.04392470051340559,4.534072580645161,14.603246753246756,2.5657729606389053,0.7142857142857143,5.867521367521367,0.01222820045355507,0.09445819843839269,0.7494080505130228,0.00733193677394782,29.78675496688742,0.3079637096774194,1.305084745762712,0.028441231929604047,-0.24200609487509095,0.06100200800353172,0.09694793536804308,1.3025540275049117,0.10619469026548672,0.04274640088593568,-0.1730435121343149,-0.20162593839949353,Utilities—Regulated Electric,Utilities,CNP
2015Q4,2015,Q4,2016-02-26,2015-12-31,-509000000.0,1791000000.0,226000000.0,-1.18,557000000.0,0.310999441652708,21334000000.0,3461000000.0,2689000000.0,2467000000.0,17873000000.0,347000000.0,-657000000.0,7899610320.0,16449610320.0,8.04393602037828,1.0899878394811513,0.4131433392706478,2.5466628142155447,0.011456485691094967,8.04393602037828,-0.14706732158335742,4.410726030150753,-3.879965776031434,2.2824646980641434,-0.21021611001964635,3.5561959654178676,0.013544971924640456,0.08395050154682666,0.8565058775841102,-0.023858629417830693,-74.52462566037735,0.310999441652708,-0.2967032967032966,-5.054637526932202,-0.15677001716368358,0.06900337981887726,-0.10737179487179487,-0.30179028132992325,-0.1471698113207547,-4.778537714299313,-0.16670521795193607,-0.19953391845573026,Utilities—Regulated Electric,Utilities,CNP
2015Q3,2015,Q3,2015-11-05,2015-09-30,-391000000.0,1630000000.0,265000000.0,-0.91,624000000.0,0.38282208588957056,21778000000.0,4058000000.0,2400000000.0,3191000000.0,17720000000.0,342000000.0,-41000000.0,7757200000.0,16179200000.0,9.43720930232558,0.7521153243497336,0.39714390669482963,2.1313454903893545,0.012841207865464445,9.43720930232558,-0.09635288319369148,4.759018404907976,-4.959846547314577,1.911582060128142,-0.35294117647058826,2.9415204678362574,0.01778992419945341,0.07484617503903021,0.585709808837355,-0.017953898429607863,-337.2695652173913,0.38282208588957056,-6.055555555555556,-4.121036074872377,-0.16124257715372234,0.27330845280831223,0.21165048543689322,-6.077922077922078,0.42473118279569894,-39.86412697674419,-0.049755466139262114,-0.05249709206723819,Utilities—Regulated Electric,Utilities,CNP
2015Q2,2015,Q2,2015-08-10,2015-06-30,77000000.0,1532000000.0,186000000.0,0.18,515000000.0,0.33616187989556134,22602000000.0,4550000000.0,2509000000.0,3125000000.0,18052000000.0,274000000.0,456000000.0,8182900000.000001,16502900000.0,10.581395348837209,0.80288,0.37894876559596496,1.8824175824175824,0.009579228284206513,10.581395348837209,0.016923076923076923,5.341318537859008,26.567857142857147,1.7984395604395607,1.3896103896103895,3.7116788321167884,0.01307604883354312,0.06778161224670383,0.66112,0.0034067781612246704,96.2694117647059,0.33616187989556134,-0.4,-0.11677706000574221,-0.1894143931768818,0.3810604909476306,-0.11359724612736662,-0.4122137404580153,-0.2734375,-0.39315245478036176,-0.0024186046511627877,0.04299534024780429,Utilities—Regulated Electric,Utilities,CNP
2015Q1,2015,Q1,2015-05-11,2015-03-31,131000000.0,2433000000.0,256000000.0,0.3,581000000.0,0.238799835593917,22670000000.0,4574000000.0,2691000000.0,3187000000.0,18096000000.0,198000000.0,486000000.0,8776300000.0,17114300000.0,10.637209302325582,0.8443677439598368,0.37812086457873845,1.874070835155225,0.012205943263619404,10.637209302325582,0.028640139921294272,3.607192766132347,16.748664122137406,1.9187363358111063,0.8091603053435115,9.353535353535353,0.01207798274899445,0.10732245258050287,0.7150925635393788,0.005778561976179973,27.004,0.238799835593917,-0.26829268292682923,0.04985730314157475,-0.2646945395379609,0.5425916797582563,0.060218978102189784,-0.2556818181818182,0.1583710407239819,-0.11713336497389656,0.15660625809043427,0.05726812010982211,Utilities—Regulated Electric,Utilities,CNP
2014Q4,2014,Q4,2015-02-26,2014-12-31,176000000.0,2372000000.0,221000000.0,0.41,548000000.0,0.23102866779089376,23200000000.0,4548000000.0,3268000000.0,3475000000.0,18652000000.0,379000000.0,461000000.0,10070120280.0,18629120280.0,10.581764371934593,0.940431654676259,0.38176724137931034,1.9474494283201407,0.013883272149041009,10.581764371934593,0.03869832893579595,4.245413271500843,14.304148125000001,2.2141865171503956,0.5795454545454546,4.812664907651715,0.010128975341295527,0.10224137931034483,0.7516546762589928,0.007586206896551724,-99.70416118811882,0.23102866779089376,0.2424242424242423,0.5321217729429996,-0.05692630993420188,0.5752554158152196,-0.10457516339869281,0.23076923076923078,-0.05150214592274678,0.49098761463697366,0.09606072993354399,0.06770052639605319,Utilities—Regulated Electric,Utilities,CNP
2014Q3,2014,Q3,2014-11-05,2014-09-30,143000000.0,1807000000.0,233000000.0,0.33,612000000.0,0.338682899833979,22048000000.0,4473000000.0,2576000000.0,3008000000.0,17575000000.0,409000000.0,387000000.0,10522100000.0,18891100000.0,10.402325581395349,0.8563829787234043,0.39001269956458634,1.922423429465683,0.01196658736589262,10.402325581395349,0.03196959534987704,5.822966242390703,18.39527972027972,2.3523585960205677,0.7132867132867133,2.921760391198044,0.009693882399901162,0.08195754716981132,0.6502659574468085,0.006485849056603774,269.7974358974359,0.338682899833979,0.32000000000000006,0.07793178294573644,-0.01471463817731076,0.485233435174868,0.14392523364485982,0.3364485981308411,0.25268817204301075,-0.8543990057123736,-0.048277141055598854,0.05333746082111211,Utilities—Regulated Electric,Utilities,CNP
2014Q2,2014,Q2,2014-08-06,2014-06-30,107000000.0,1884000000.0,186000000.0,0.25,535000000.0,0.28397027600849256,21920000000.0,4425000000.0,2529000000.0,3026000000.0,17495000000.0,295000000.0,346000000.0,10976402420.0,19277402420.0,10.296133074902333,0.8357567746199603,0.38809306569343066,1.9224858757062147,0.009106349645025321,10.296133074902333,0.02418079096045198,5.8261159341825905,25.645800046728972,2.480542919774011,0.9532710280373832,4.5728813559322035,0.00929266221272525,0.08594890510948905,0.6725049570389954,0.004881386861313869,1372.0503025,0.28397027600849256,-0.41860465116279066,0.020369027694933966,-0.05787399508067022,0.6222554133719941,-0.16536661466458658,-0.42162162162162165,-0.3694915254237288,-0.10873410659412595,0.016581526350985427,0.323921729522606,Utilities—Regulated Electric,Utilities,CNP
2014Q1,2014,Q1,2014-05-01,2014-03-31,185000000.0,3163000000.0,295000000.0,0.43,641000000.0,0.20265570660765098,22264000000.0,4414000000.0,2955000000.0,3059000000.0,17850000000.0,172000000.0,341000000.0,10163010000.0,18347010000.0,10.28904428904429,0.9660019614253024,0.38461192957240387,1.939963751699139,0.014304481135908166,10.28904428904429,0.04191209787041233,3.2130920012646222,13.733797297297299,2.3024490258269146,0.5513513513513514,14.662790697674419,0.01003639669743511,0.14206791232482932,0.8502778685845047,0.008309378368666907,128.64569620253164,0.20265570660765098,0.6324778761061945,1.236605782277424,-0.07372587210331243,0.7280820368611572,0.22796934865900384,0.6371681415929203,0.3981042654028436,0.23834498834498843,0.21125170410056376,0.33889890472866596,Utilities—Regulated Electric,Utilities,CNP
2013Q4,2013,Q4,2014-02-26,2013-12-31,113000000.0,2184000000.0,211000000.0,0.2634032634032634,522000000.0,0.23901098901098902,21870000000.0,4329000000.0,2658000000.0,3019000000.0,17541000000.0,285000000.0,258000000.0,9944220000.0,18093220000.0,10.090909090909092,0.8804239814508116,0.38212162780064013,1.9304689304689304,0.010739848201617079,10.090909090909092,0.026103026103026103,4.553214285714286,22.000486725663716,2.297117117117117,0.7787610619469026,5.831578947368421,0.008849361739784518,0.09986282578875172,0.7366677707850282,0.00516689529035208,92.93663551401869,0.23901098901098902,-0.2474192474192473,0.0520871312595451,-0.3622672871468834,0.7214288392020353,-0.10154905335628227,-0.25165562913907286,-0.13524590163934427,-0.09720655688397613,0.03128520669035442,0.34103701176871926,Utilities—Regulated Electric,Utilities,CNP
2013Q3,2013,Q3,2013-11-06,2013-09-30,151000000.0,1640000000.0,244000000.0,0.35,581000000.0,0.3542682926829268,21575000000.0,4261000000.0,2319000000.0,2595000000.0,17314000000.0,374000000.0,233000000.0,10274213160.0,18436213160.0,9.941021118545684,0.8936416184971099,0.38845886442641947,1.9669091762497066,0.012726691163923678,9.941021118545684,0.035437690682938276,6.264764121951219,17.010286688741722,2.411221112414926,0.5894039735099338,2.8315508021390374,0.008662463841659288,0.07601390498261877,0.6963391136801541,0.006998841251448435,642.1383225,0.3542682926829268,2.5217391304347823,-0.11928292132105237,-0.48274554730279917,0.6415479263261451,0.022887323943661973,2.51,0.09417040358744394,0.20916869867486443,-0.15339556729874343,0.34128488775499516,Utilities—Regulated Electric,Utilities,CNP
2013Q2,2013,Q2,2013-08-01,2013-06-30,-100000000.0,1894000000.0,223000000.0,-0.23,568000000.0,0.29989440337909185,21658000000.0,4191000000.0,2480000000.0,2675000000.0,17467000000.0,276000000.0,171000000.0,9982830000.0,18089830000.0,9.76923076923077,0.9271028037383178,0.39726659894727123,2.052970651395848,-0.012103252138422126,9.76923076923077,-0.023860653781913623,5.270765575501584,-24.957075,2.3819685039370078,-0.89,4.804347826086956,0.008915307583120218,0.08745036476128913,0.7704672897196262,-0.00461723150798781,-172.11775862068964,0.29989440337909185,-1.6764705882352942,-1.764739550878165,-0.4520970500161511,0.6473657467214721,-0.16470588235294117,-1.6802721088435375,-0.32831325301204817,-2.1497165386054276,0.004456794154971997,0.2750585530118363,Utilities—Regulated Electric,Utilities,CNP
2013Q1,2013,Q1,2013-05-02,2013-03-31,147000000.0,2388000000.0,332000000.0,0.34,680000000.0,0.2847571189279732,22370000000.0,4371000000.0,2363000000.0,3126000000.0,17999000000.0,203000000.0,360000000.0,10186400000.0,19151400000.0,10.212616822429906,0.7559181062060141,0.41171211443898076,2.1070693205216195,0.015422960567543711,10.212616822429906,0.033630748112560054,4.265661641541039,17.323809523809523,2.330450697780828,0.6054421768707483,8.413793103448276,0.008737139715699364,0.10675011175681716,0.6413947536788228,0.006571300849351811,38.879389312977096,0.2847571189279732,0.08597014925373149,-0.09616330413722361,-0.4629865024635881,0.7583312863901869,1.9563994374120957,0.09701492537313433,0.07096774193548387,0.18358921544515494,-0.2749220617014107,0.48101793347201943,Utilities—Regulated Electric,Utilities,CNP
2012Q4,2012,Q4,2013-02-27,2012-12-31,134000000.0,2138000000.0,310000000.0,0.3130841121495327,-711000000.0,-0.3325537885874649,22871000000.0,4301000000.0,2874000000.0,3575000000.0,18570000000.0,322000000.0,302000000.0,8239000000.0,17388000000.0,10.049065420560748,0.8039160839160839,0.4282716103362337,2.277377354103697,0.014033025241878817,10.049065420560748,0.031155545222041385,3.8536014967259122,15.371268656716419,1.9156010230179028,0.6492537313432836,8.847826086956522,0.010559533924019905,0.09348082724848061,0.6433566433566433,0.00585894801276726,94.70114942528735,-0.3325537885874649,14.654205607476634,-0.06166311279854627,-0.37859011838664725,0.7970849789732534,-1.6,12.4,2.522727272727273,0.17139675122385387,-0.1463944197599119,0.49595513292701493,Utilities—Regulated Electric,Utilities,CNP
2012Q3,2012,Q3,2012-11-07,2012-09-30,10000000.0,1705000000.0,88000000.0,0.02,1185000000.0,0.6950146627565983,22477000000.0,4257000000.0,2752000000.0,3364000000.0,18220000000.0,352000000.0,255000000.0,9039636900.0,18187636900.0,9.960084790573834,0.8180737217598097,0.43911554033011524,2.3185341789992955,0.00048665675656544205,9.960084790573834,0.002349072116513977,5.301839824046921,225.99092249999998,2.1234758985200846,8.6,1.4772727272727273,0.009513656461135072,0.07585531877029852,0.6284185493460166,0.00044489923032433156,57.2128917721519,0.6950146627565983,-0.9310344827586207,-0.9193208364612838,-0.3348684580845098,0.8003490279822976,0.06182795698924731,-0.9206349206349206,-0.7086092715231788,-0.9241626618874482,-0.06468886999132592,0.42209074618799025,Utilities—Regulated Electric,Utilities,CNP
2012Q2,2012,Q2,2012-08-02,2012-06-30,126000000.0,1525000000.0,302000000.0,0.29,1116000000.0,0.7318032786885246,22475000000.0,4332000000.0,2955000000.0,3206000000.0,18143000000.0,269000000.0,331000000.0,8826090000.0,17925090000.0,10.14519906323185,0.9217092950717405,0.45481646273637377,2.3596491228070176,0.013072694791809811,10.14519906323185,0.029085872576177285,5.7876,17.512083333333337,2.0374168975069256,0.6825396825396826,1.520446096654275,0.009743839004587534,0.067853170189099,0.7379912663755459,0.00560622914349277,36.32135802469136,0.7318032786885246,-0.14705882352941188,0.341281668384075,-0.4410410055512613,0.9146013534466233,0.0008968609865470852,-0.14285714285714285,-0.10650887573964497,0.20935913076629808,-0.23244555749128923,0.5984742990727585,Utilities—Regulated Electric,Utilities,CNP
2012Q1,2012,Q1,2012-05-03,2012-03-31,147000000.0,2084000000.0,338000000.0,0.34,1115000000.0,0.5350287907869482,22351000000.0,4286000000.0,2968000000.0,2735000000.0,18065000000.0,255000000.0,291000000.0,8400719999.999999,17327720000.0,10.061032863849766,1.0851919561243144,0.4484363115744262,2.338544097060196,0.015855525356682307,10.061032863849766,0.034297713485767614,4.031055662188099,14.286938775510205,1.9600373308446102,0.5918367346938775,3.8,0.01035625517812759,0.09323967607713302,0.8808043875685557,0.0065768869401816475,52.50449999999999,0.5350287907869482,0.23794871794871794,-0.15836482237269778,-0.500602734398665,0.9369056427905625,0.033364226135310475,0.2564102564102564,0.23357664233576642,0.7897103216312801,-0.3854096320511645,0.6897866969822805,Utilities—Regulated Electric,Utilities,CNP
2011Q4,2011,Q4,2012-02-29,2011-12-31,117000000.0,2145000000.0,274000000.0,0.2746478873239437,1079000000.0,0.503030303030303,21703000000.0,4222000000.0,2337000000.0,2593000000.0,17481000000.0,353000000.0,231000000.0,8558340000.0,17525340000.0,9.910798122065728,0.9012726571538758,0.4233055337971709,2.175982946470867,0.015036366732003429,9.910798122065728,0.02771198484130744,3.989902097902098,18.28705128205128,2.0270819516816676,0.7264957264957265,3.0198300283286117,0.009931832575008705,0.09883426254434871,0.6575395295025067,0.005390959775146293,89.149375,0.503030303030303,-0.8790097412669852,0.29975338122766454,-0.3520574662034708,1.019568244025852,-0.05846422338568935,-0.8797533401849948,-0.23249299719887956,0.09700048567265669,-0.36924449363810835,0.6907033403168151,Utilities—Regulated Electric,Utilities,CNP
2011Q3,2011,Q3,2011-11-02,2011-09-30,973000000.0,1881000000.0,357000000.0,2.27,1146000000.0,0.6092503987240829,20951000000.0,4207000000.0,1982000000.0,2319000000.0,16744000000.0,418000000.0,199000000.0,8358120000.0,17319120000.0,9.875586854460094,0.8546787408365675,0.4326285141520691,2.15450439743285,0.017599480963334097,9.875586854460094,0.23128119800332778,4.443444976076555,2.147512846865365,1.9867173758022345,0.08633093525179857,1.7583732057416268,0.010050106961852665,0.08978091737864541,0.5700733074601121,0.04644169729368527,-557.208,0.6092503987240829,7.107142857142857,7.4593983542904,-0.29852442337591445,0.9373507004038698,0.0821529745042493,7.176470588235294,0.1782178217821782,4.710093896713615,-0.4030745106823846,0.6307428511493114,Utilities—Regulated Electric,Utilities,CNP
2011Q2,2011,Q2,2011-08-04,2011-06-30,119000000.0,1837000000.0,303000000.0,0.28,1059000000.0,0.5764833968426782,19677000000.0,3313000000.0,2042000000.0,2361000000.0,16364000000.0,309000000.0,-690000000.0,8243100000.000001,17140100000.0,7.776995305164319,0.8648877594239729,0.4618082024698887,2.7428312707515845,0.015304329371816637,7.776995305164319,0.03591910654995473,4.487261839956451,17.317436974789917,2.4881074554784184,0.7058823529411765,2.517799352750809,0.010190341012483166,0.09335772729582761,0.640830156713257,0.006047669868374244,39.252857142857145,0.5764833968426782,-0.19999999999999987,-0.5494472206814772,-0.267876642540357,0.6179833241840224,-0.046804680468046804,-0.19594594594594594,-0.16758241758241757,-0.08355120159903329,-0.4648438589087584,0.31141908516408034,Utilities—Regulated Electric,Utilities,CNP
2011Q1,2011,Q1,2011-05-05,2011-03-31,148000000.0,2587000000.0,364000000.0,0.35,1111000000.0,0.42945496714340936,19594000000.0,3266000000.0,2014000000.0,2201000000.0,16328000000.0,194000000.0,-725000000.0,7462999999.999999,16521000000.0,7.684705882352941,0.915038618809632,0.4671327957538022,2.8025107164727494,0.01845901869647229,7.684705882352941,0.0453153704837722,2.884808658678005,12.60641891891892,2.285058175137783,0.5675675675675675,7.608247422680412,0.01125552726785475,0.1320302133306114,0.7187641980917765,0.007553332652852914,25.384353741496597,0.42945496714340936,0.19959677419354838,0.2436974778609624,-0.37826596408419205,0.795682732427728,0.06315789473684211,0.1935483870967742,0.2052980132450331,-0.08359132992826408,-0.41412880386419687,0.3230946597321652,Utilities—Regulated Electric,Utilities,CNP
2010Q4,2010,Q4,2011-03-01,2010-12-31,124000000.0,2098000000.0,302000000.0,0.2917647058823529,1045000000.0,0.498093422306959,20111000000.0,3198000000.0,2582000000.0,2620000000.0,16913000000.0,375000000.0,-789000000.0,6681000000.0,15964000000.0,7.524705882352941,0.9854961832061069,0.47148326786335837,2.964978111319575,0.01800800184657998,7.524705882352941,0.03877423389618512,3.1844613918017157,13.46975806451613,2.0891181988742966,0.6693548387096774,2.808,0.012423289926657685,0.10432101834816766,0.7171755725190839,0.00616577992143603,-126.05660377358491,0.498093422306959,0.00608519269776878,0.13206764084241085,-0.4478782265254344,0.8247743525272329,-0.05,0.008130081300813009,-0.0764525993883792,-0.12555899424836606,-0.38591176499706115,0.3456510975339615,Utilities—Regulated Electric,Utilities,CNP
2010Q3,2010,Q3,2010-10-28,2010-09-30,123000000.0,1908000000.0,327000000.0,0.29,1100000000.0,0.5765199161425576,19399000000.0,3129000000.0,2143000000.0,2881000000.0,16270000000.0,0.0,0.0,6636638160.0,15855638160.0,7.41156573767463,0.7438389448108296,0.4803340378370019,2.977948226270374,0.016238095757166164,7.41156573767463,0.039309683604985615,3.478321886792453,13.489101951219514,2.121009319271333,0.6666666666666666,0.0,0.01235565327249964,0.09835558533945049,0.03436306837903506,0.006340533017165834,-41.2213550310559,0.5765199161425576,0.44999999999999984,0.8209144010346345,-0.36324663008971625,0.9015716691488685,0.12474437627811862,0.5185185185185185,0.24334600760456274,0.004642426721836336,-0.2464595903559654,0.33968790951233074,Utilities—Regulated Electric,Utilities,CNP
2010Q2,2010,Q2,2010-08-04,2010-06-30,81000000.0,1756000000.0,263000000.0,0.2,978000000.0,0.5569476082004556,19521000000.0,3061000000.0,2352000000.0,3032000000.0,16460000000.0,303000000.0,-871000000.0,5257617400.0,14479617400.0,7.661789920278338,0.7757255936675461,0.5022795963321551,3.203201568114995,0.013140947347382914,7.661789920278338,0.026461940542306436,2.9940873576309794,16.227214197530863,1.7176143090493303,0.9506172839506173,2.567656765676568,0.014645417142753674,0.0899544080733569,0.6035620052770448,0.004149377593360996,-61.13508604651163,0.5569476082004556,-0.3103448275862068,0.12636571843360078,-0.3122402906303318,0.9618113734683544,-0.10110294117647059,-0.2894736842105263,-0.26330532212885155,-0.07842804908093917,-0.3120935174134743,0.4459325302302708,Utilities—Regulated Electric,Utilities,CNP
2010Q1,2010,Q1,2010-05-05,2010-03-31,114000000.0,3023000000.0,357000000.0,0.29,1088000000.0,0.3599073767780351,19351000000.0,2709000000.0,2384000000.0,3202000000.0,16642000000.0,166000000.0,-875000000.0,5641397800.0,14896397800.0,6.895673976403508,0.7445346658338539,0.4952715621931683,3.5378368401624214,0.01532715095311695,6.895673976403508,0.042081949058693245,1.8661587165067814,12.37148640350877,2.082465042451089,0.6754385964912281,11.656626506024097,0.013649099519271625,0.15621931683117152,0.6108682073703935,0.005891168415068988,31.87230395480226,0.3599073767780351,0.0850280952380951,0.3190154610586842,-0.1503607950943995,0.8524724290401194,0.07829534192269574,0.08571428571428572,0.1939799331103679,-0.29223560671729537,-0.21446795416858688,0.32752472002455335,Utilities—Regulated Electric,Utilities,CNP
2009Q4,2009,Q4,2010-02-26,2009-12-31,105000000.0,2299000000.0,299000000.0,0.2672741851319189,1009000000.0,0.43888647237929534,19773000000.0,2639000000.0,2904000000.0,3038000000.0,17134000000.0,327000000.0,-912000000.0,5700326050.0,15037326050.0,6.717491186315562,0.955892034233048,0.5096343498710363,3.8184918529746117,0.016243005082697305,6.717491186315562,0.03978779840848806,2.479480665506742,13.57220488095238,2.1600326070481244,0.7047619047619048,3.944954128440367,0.012981713563560105,0.11626966064835888,0.7748518762343647,0.005310271582460932,107.55332169811321,0.43888647237929534,-0.13782520925187444,-0.1870325869551918,-0.31823605343318595,0.852975757863386,0.015090543259557344,-0.07894736842105263,0.041811846689895474,0.26485781203311315,-0.24694711131378894,0.36885361928639276,Utilities—Regulated Electric,Utilities,CNP
2009Q3,2009,Q3,2009-10-28,2009-09-30,114000000.0,1576000000.0,287000000.0,0.31,994000000.0,0.6307106598984772,18653000000.0,2588000000.0,1995000000.0,2312000000.0,16065000000.0,373000000.0,-944000000.0,4593034160.0,13959034160.0,7.003832081231462,0.8628892733564014,0.5053878732643543,3.64258114374034,0.017915106117353308,7.003832081231462,0.04404945904173107,2.9143617766497463,10.072443333333332,1.7747427202472952,0.6052631578947368,1.5603217158176943,0.015022749144979143,0.08449043049375436,0.5514705882352942,0.0061116174341928915,60.43466,0.6307106598984772,0.2916666666666667,1.083608404951151,-0.2122352663089282,2.3718203738361776,0.06881720430107527,0.32558139534883723,0.13438735177865613,0.1426481999573778,-0.32241930395745655,0.3739820415793089,Utilities—Regulated Electric,Utilities,CNP
2009Q2,2009,Q2,2009-08-05,2009-06-30,86000000.0,1640000000.0,253000000.0,0.24,930000000.0,0.5670731707317073,18717000000.0,2237000000.0,1928000000.0,2094000000.0,16480000000.0,231000000.0,-988000000.0,3905267880.0,13804267880.0,6.34680149009394,0.9207258834765998,0.536945023240904,4.492624050067054,0.01372724559832886,6.34680149009394,0.03844434510505141,2.3812609024390246,11.352522906976743,1.7457612337952615,0.7790697674418605,3.0735930735930737,0.017156313487002074,0.08762087941443607,0.6408787010506208,0.004594753432708233,10.304136886543535,0.5670731707317073,0.26315789473684204,0.28420329916183473,-0.3700335815585102,0.031225049083487815,-0.048106448311156604,0.2835820895522388,-0.11228070175438597,-0.6064538275010437,-0.2100174750326947,0.3204352799414898,Utilities—Regulated Electric,Utilities,CNP
2009Q1,2009,Q1,2009-04-29,2009-03-31,67000000.0,2766000000.0,285000000.0,0.19,977000000.0,0.3532176428054953,18810000000.0,2069000000.0,2074000000.0,2195000000.0,16741000000.0,147000000.0,-992000000.0,3624383280.0,13993383280.0,5.954025370076202,0.944874715261959,0.5547049441786284,5.043015949734171,0.013280290991031717,5.954025370076202,0.032382793620106334,1.3103337960954446,13.523818208955223,1.7517560560657321,0.9850746268656716,12.170068027210885,0.01820999461182814,0.1470494417862839,0.7097949886104784,0.0035619351408825092,20.950192369942197,0.3532176428054953,-0.24110068965517242,-0.19663343846643794,-0.17525477127980613,-0.0023506438769265287,-0.006103763987792472,-0.22988505747126436,-0.0594059405940594,-0.3114000907400896,-0.18698321822895797,0.3912751781475937,Utilities—Regulated Electric,Utilities,CNP
2008Q4,2008,Q4,2009-02-25,2008-12-31,87000000.0,2774000000.0,303000000.0,0.2503625941018026,983000000.0,0.35436193222782986,19676000000.0,2037000000.0,3035000000.0,2848000000.0,17639000000.0,569000000.0,-970000000.0,4385399520.0,5204399520.0,5.861937979142206,1.0656601123595506,0.05011181134376906,0.4840451644575356,0.05736937862353536,5.861937979142206,0.042709867452135494,1.5808938428262438,12.601722758620689,2.1528716347569956,0.7241379310344828,3.1476274165202107,0.01436585189392277,0.14098393982516771,0.6028792134831461,0.004421630412685505,-16.802297011494254,0.35436193222782986,-0.35804463050819846,0.09215503413204362,-0.028268532780189877,0.020894784224390017,0.0,-0.3602941176470588,-0.10089020771513353,-0.028575473503984993,-0.10715726855444185,0.42154580493705635,Utilities—Regulated Electric,Utilities,CNP
2008Q3,2008,Q3,2008-11-05,2008-09-30,136000000.0,2515000000.0,337000000.0,0.39,983000000.0,0.3908548707753479,19032000000.0,2059000000.0,2837000000.0,2872000000.0,16973000000.0,718000000.0,-994000000.0,4953800000.0,15147800000.0,6.055882352941176,0.9878133704735376,0.5400378310214375,4.9917435648373,0.017441331678705343,6.055882352941176,0.06605148130160272,1.9697017892644135,9.10625,2.4059252064108794,0.4632352941176471,2.1337047353760448,0.012717509790463887,0.132145859604876,0.3868384401114206,0.007145859604875998,-13.876190476190477,0.3908548707753479,0.3000000000000001,-0.33333333333333326,-0.004370158279566335,0.13675966937156875,0.06847826086956521,0.3465346534653465,0.13468013468013468,1.5,0.04219156102477066,0.5537464985994397,Utilities—Regulated Electric,Utilities,CNP
2008Q2,2008,Q2,2008-08-06,2008-06-30,101000000.0,2670000000.0,297000000.0,0.3,920000000.0,0.3445692883895131,18076000000.0,1965000000.0,2598000000.0,2813000000.0,16111000000.0,425000000.0,-1068000000.0,5318231700.0,15259231700.0,5.930213608406719,0.9235691432634199,0.5582540385040938,5.135368956743003,0.015264654516143476,5.930213608406719,0.051399491094147584,1.9918470786516853,13.163939851485148,2.7064792366412216,0.594059405940594,4.117647058823529,0.011281945463188451,0.14770967028103563,0.5055101315321721,0.005587519362690861,77.07582173913043,0.3445692883895131,-0.16666666666666666,0.451476009455177,0.16026001292321168,0.23068272454065766,-0.05154639175257732,-0.17886178861788618,-0.11607142857142858,0.6933886752871888,0.26085269816995194,0.518438984248014,Utilities—Regulated Electric,Utilities,CNP
2008Q1,2008,Q1,2008-04-30,2008-03-31,123000000.0,3363000000.0,336000000.0,0.36,970000000.0,0.28843294677371395,17535000000.0,1880000000.0,2351000000.0,3284000000.0,15655000000.0,163000000.0,-1109000000.0,4618973690.97,14204973690.970001,5.80813007280111,0.7158952496954933,0.5506700883946393,5.136170212765958,0.018185402395150558,5.80813007280111,0.06542553191489361,1.373468239955397,9.388157908475609,2.4569008994521275,0.4878048780487805,14.680981595092025,0.012989898625597022,0.1917878528656972,0.4939098660170524,0.0070145423438836615,12.155193923605264,0.28843294677371395,0.07894736999999996,-0.3214285714547014,0.07671144624225605,0.23410030639470286,0.014644351464435146,0.1388888888888889,0.10891089108910891,0.7272727273196484,0.1471865154540817,0.5603117057100904,Utilities—Regulated Electric,Utilities,CNP
2007Q4,2007,Q4,2008-02-28,2007-12-31,108000000.0,2602000000.0,303000000.0,0.33365853609708507,956000000.0,0.3674096848578017,17872000000.0,1810000000.0,2788000000.0,3791000000.0,16062000000.0,490000000.0,-1172000000.0,5544710534.429999,15326710534.43,5.591869910515963,0.7354260089686099,0.5545546105640108,5.475690607734807,0.01873766411345666,5.591869910515963,0.05966850828729282,2.1309417887893924,12.834978088958332,3.063375985872928,0.5,3.3591836734693876,0.009739011561502775,0.14559086839749327,0.421260881034028,0.006042972247090421,291.8268702331579,0.3674096848578017,0.2357723559151298,2.5931886759798117,0.14212976053761905,0.18279454535531378,0.07295173961840629,0.18681318681318682,-0.050156739811912224,0.014888575180884038,-0.06348848575594852,0.5424805329733458,Utilities—Regulated Electric,Utilities,CNP
2007Q3,2007,Q3,2007-11-02,2007-09-30,91000000.0,1882000000.0,319000000.0,0.27,891000000.0,0.473432518597237,17303000000.0,1736000000.0,2350000000.0,3385000000.0,15567000000.0,548000000.0,-1225000000.0,5146206889.2,15089206889.2,5.532307700210989,0.6942392909896603,0.5777610818933133,5.7586405529953915,0.017062984743884766,5.532307700210989,0.05241935483870968,2.7344351164718383,14.137931014285714,2.964404890092166,0.6043956043956044,1.8083941605839415,0.010687483263726693,0.10876726579205918,0.2901033973412112,0.005259203606311044,-42.18202368196721,0.473432518597237,0.35000000000000003,1.0210144927591878,-0.06778232328351427,-0.1327639729960703,0.08,0.3,0.3181818181818182,1.0785907859876216,0.10775850612598835,1.6633916406834124,Utilities—Regulated Electric,Utilities,CNP
2007Q2,2007,Q2,2007-08-02,2007-06-30,70000000.0,2033000000.0,242000000.0,0.2,825000000.0,0.4058042302016724,17275000000.0,1686000000.0,2397000000.0,3461000000.0,15589000000.0,381000000.0,-1262000000.0,5536363633.2,14966363633.2,5.298857145885061,0.6925744004622941,0.5523589001447178,5.659549228944247,0.015395185505623696,5.298857145885061,0.04151838671411625,2.723248220954255,19.77272726142857,3.2837269473309605,0.7857142857142857,3.1706036745406823,0.009934318560684965,0.11768451519536903,0.33978618896272755,0.004052098408104197,-54.27807483529411,0.4058042302016724,-0.47368421052631576,-0.7220687048847858,-0.8057179507518794,-0.8118127494425599,-0.13702928870292888,-0.46153846153846156,-0.31444759206798867,0.1578947377046014,-0.13493918532800162,-0.13904441018355618,Utilities—Regulated Electric,Utilities,CNP
2007Q1,2007,Q1,2007-05-04,2007-03-31,130000000.0,3106000000.0,353000000.0,0.38,956000000.0,0.30779137153895686,17206000000.0,1647000000.0,2433000000.0,3766000000.0,15559000000.0,182000000.0,-1277000000.0,5688292687.740001,14928292687.740002,5.194384610989367,0.6460435475305364,0.5405091247239335,5.646630236794171,0.020752554838931413,5.194384610989367,0.07893139040680024,1.8313885021699938,10.939024399500001,3.4537296221857927,0.4153846153846154,11.813186813186814,0.009493182394848705,0.1805184238056492,0.40148698884758366,0.007555503893990468,-42.135501390666676,0.30779137153895686,0.7983254474626865,-0.46106082973644,-0.6647603227907685,-0.8132875444169418,0.1367419738406659,0.9402985074626866,0.502127659574468,0.7083333318878205,0.014984479285934311,-0.1296351391692475,Utilities—Regulated Electric,Utilities,CNP
