Quarters,Year,Quarter,FillingDate,Date,NetIncome,Revenue,OperatingIncome,EPSDiluted,GrossProfit,GrossProfitRatio,TotalAssets,CommonStockEquity,CurrentAssets,CurrentLiability,TotalLiability,Inventory,RetainedEarnings,MarketCap,EnterpriseValue,bookValuePerShare,currentRatio,debtToAssets,debtToEquity,roic,shareholdersEquityPerShare,roe,priceToSalesRatio,peRatio,pbRatio,payoutRatio,inventoryTurnover,dividendYield,assetTurnover,quickRatio,returnOnAssets,priceToFreeCashFlowsRatio,grossProfitMargin,epsdilutedGrowth,fiveYNetIncomeGrowthPerShare,fiveYRevenueGrowthPerShare,fiveYShareholdersEquityGrowthPerShare,grossProfitGrowth,netIncomeGrowth,operatingIncomeGrowth,threeYNetIncomeGrowthPerShare,threeYRevenueGrowthPerShare,threeYShareholdersEquityGrowthPerShare,Industry,Sector,Symbol
2023Q4,2023,Q4,2023-06-14,2023-03-31,1459000.0,194727000.0,23733000.0,0.07,36151000.0,0.1856496531,1028565000.0,320475000.0,537478000.0,382592000.0,708090000.0,356254000.0,88747000.0,145027637.28,410653637.28,16.44054915820387,1.4048333472733356,0.26952307340809767,0.8650347140962633,0.00425984272321901,16.44054915820387,0.004552617208830642,0.7447741570506401,24.850520438656613,0.4525396279897028,0.0,0.4451206161895726,0.0,0.18931909991104112,0.4210072348611576,0.0014184810877290205,7.73604508881421,0.18564965310408932,0.4000000000000001,-0.84552435015943,0.5653440739784724,0.13463411838573722,0.7220502072119278,0.4220272904483431,31.156289707750954,1.1732818000859564,0.2570503740452879,0.1318311445944926,Auto Parts,Consumer Cyclical,MPAA
2023Q3,2023,Q3,2023-02-09,2022-12-31,1026000.0,151819000.0,-787000.0,0.05,20993000.0,0.1382765003,1016574000.0,314989000.0,536725000.0,413833000.0,701585000.0,390574000.0,87288000.0,230971970.06,497134970.06,16.17412510717016,1.2969603680711785,0.27419745143983615,0.8849261402779145,0.0001486770469402283,16.17412510717016,0.0032572566026115198,1.5213640589122575,56.27971980019493,0.7332699556492448,0.0,0.3349582921546237,0.0,0.14934377625239284,0.2884086092699229,0.0010092723205590542,-42.48151003494574,0.13827650030628577,1.1470588235294117,1.1476087854873642,0.48467608608592583,0.14856218839265206,-0.20828933474128827,1.1574344023323615,-1.2682344921608726,0.15486107472440708,0.17713124708027553,0.0786419398146276,Auto Parts,Consumer Cyclical,MPAA
2023Q2,2023,Q2,2022-11-09,2022-09-30,-6517000.0,172543000.0,2934000.0,-0.34,26516000.0,0.153677634,1014713000.0,310698000.0,540035000.0,425510000.0,704015000.0,401202000.0,86262000.0,293328317.54,548669317.54,16.121265071365464,1.2691476111019717,0.25913928371864753,0.8463266580409272,0.0039060040482389855,16.121265071365464,-0.02097535227133744,1.7000302390708404,-11.252428937394507,0.9440946434801641,0.0,0.3639737588546418,0.0,0.1700411840589408,0.2898216258137294,-0.0064225056740181705,-17.013416712487675,0.15367763398109457,-35.95652173913044,-2.004557488360969,0.49931575889920227,0.10096196070994966,-0.12494224803643324,-36.24,-0.6,-2.0328156623209006,0.12543435817129758,0.08316553595857165,Auto Parts,Consumer Cyclical,MPAA
2023Q1,2023,Q1,2022-08-09,2022-06-30,-175000.0,163985000.0,7335000.0,-0.0092,30302000.0,0.1847851938,1000426000.0,314766000.0,528935000.0,413858000.0,685660000.0,405205000.0,92779000.0,250898404.48,489653404.48,16.459769557160318,1.278059141058044,0.24786640890980444,0.7877979197244938,-0.0047778363866485506,16.459769557160318,-0.0005559685607721291,1.5300082597798579,-358.42629211428573,0.7970949990786806,0.0,0.32991448772843374,0.0,0.16391517213666978,0.2706846309603777,-0.00017492548174477673,-106.44819876113704,0.18478519376772265,0.45562130177514787,-1.022386155377542,0.682793688803941,0.2029664759759734,0.17595467246196833,0.45652173913043476,4.645626242544732,0.9719974144087018,0.4787479434404008,0.12727809817687605,Auto Parts,Consumer Cyclical,MPAA
2022Q4,2022,Q4,2022-06-14,2022-03-31,-322000.0,163916000.0,-2012000.0,-0.0169,25768000.0,0.1572024696,1015698000.0,315263000.0,536985000.0,426405000.0,700435000.0,385504000.0,92954000.0,340627850.34,576896850.3399999,16.502289182723086,1.2593309177894256,0.25527765142788506,0.8224403117397221,0.0014388839450184755,16.502289182723086,-0.0010213694597843706,2.078063461407062,-264.4626167236025,1.0804561599045874,0.0,0.3583568523283805,0.0,0.16138261569876086,0.32385642757472355,-0.0003170233671819773,-13.556248272376328,0.15720246955757827,-1.105625,-1.0320751888385489,0.40032309552785117,0.23908553927314136,-0.20896392939370684,-1.1025804396304555,-1.231904103273398,0.8853124869747463,0.2506272397052106,0.10981488619761369,Auto Parts,Consumer Cyclical,MPAA
2022Q3,2022,Q3,2022-02-09,2021-12-31,3139000.0,161810000.0,8676000.0,0.16,32575000.0,0.2013163587,938280000.0,313120000.0,416429000.0,356659000.0,625160000.0,358738000.0,93276000.0,327476666.73,497169666.73,16.321646526367157,1.1675830415046304,0.18913543931449034,0.5667539601430761,0.011743935228961076,16.321646526367157,0.01002491057741441,2.0238345388418515,26.081289162949986,1.0458503664090446,0.0,0.3602489839381387,0.0,0.17245385172869507,0.18353665546081832,0.00334548322462378,56.14206527172982,0.20131635869229342,-0.15789473684210525,-0.7249612192804377,0.39895237509312104,0.27037538796063315,-0.09390559372479208,-0.14770567472169427,-0.09189868118065732,1.99221933450171,0.2783396155796107,0.09733665831568099,Auto Parts,Consumer Cyclical,MPAA
2022Q2,2022,Q2,2021-11-09,2021-09-30,3683000.0,175548000.0,9554000.0,0.19,35951000.0,0.2047929910907558,927212000.0,310247000.0,456421000.0,348714000.0,616965000.0,330494000.0,90137000.0,373139442.0,583806442.0,16.213286024048887,1.3088691592537152,0.24652183103756206,0.7367613546625753,0.009429490013223985,16.213286024048887,0.011871186506235355,2.1255693143755554,25.328498642411077,1.2027173252279635,0.0,0.4223889087245154,0.0,0.18932886977304003,0.32397609502342894,0.003972122880204311,-17.839904475043028,0.2047929910907558,3.75,-0.6075781258396306,0.571315962834183,0.32082787591759215,0.525221670697043,3.277584204413473,0.6618542355192207,0.03432854357988705,0.3537169749507855,0.08477814787419764,Auto Parts,Consumer Cyclical,MPAA
2022Q1,2022,Q1,2021-08-09,2021-06-30,861000.0,149034000.0,5749000.0,0.04,23571000.0,0.15815854100406618,903940000.0,305227000.0,440981000.0,335578000.0,598713000.0,320685000.0,86454000.0,427582553.64000005,616496553.6400001,16.018646742464412,1.3140938917330696,0.236516804212669,0.7004524501436635,0.004485596659935693,16.018646742464412,0.002820851366360119,2.8690268907766017,124.15289013937283,1.40086739914883,0.0,0.3912343888862903,0.0,0.1648715622718322,0.3188200656777262,0.0009524968471358718,-64.19194620027024,0.15815854100406618,0.0,-0.8883848509187932,0.6982855822521841,0.349970014762405,-0.26586102719033233,0.031137724550898204,0.0510054844606947,1.1702895749761713,0.5966428926357812,0.11800300656965747,Auto Parts,Consumer Cyclical,MPAA
2021Q4,2021,Q4,2021-06-14,2021-03-31,835000.0,168128000.0,5470000.0,0.04,32107000.0,0.190967596117244,847882000.0,301145000.0,422856000.0,326131000.0,546737000.0,302913000.0,85593000.0,428499157.5,594430157.5,15.81277904846289,1.2965832748190145,0.21400855307696118,0.6025469458234405,0.004600987119627496,15.81277904846289,0.002772750668282721,2.548648395865055,128.29316092814372,1.4228997907984526,0.0,0.44904312459353013,0.0,0.19829174342656172,0.33005755355976585,0.0009848068481227341,-23.42293415874057,0.190967596117244,-0.9090909090909092,-0.6489134168654308,0.6663957655714656,0.37967667359090446,0.3244915638793779,-0.9014051245719683,-0.6558233184420814,-0.9095097899406472,0.38335635347118474,0.09130896068202152,Auto Parts,Consumer Cyclical,MPAA
2021Q3,2021,Q3,2021-02-09,2020-12-31,8469000.0,122568000.0,15893000.0,0.44,24241000.0,0.19777592846419947,403984000.0,299684000.0,395108000.0,298826000.0,499552000.0,296281000.0,84758000.0,373824411.84000003,361024411.84000003,15.728775044569867,1.3222008794415478,0.15514970889936236,0.2091469681397739,0.025822567804076872,15.728775044569867,0.028259766954525433,3.04993482670844,11.035081232731137,1.2473952958449568,0.0,0.33187075782787284,0.0,0.3033981543823518,0.19937689491543573,0.02096370153273397,5.1573369549141885,0.19777592846419947,-0.4358974358974359,0.05096491085566791,0.25341044622027553,0.4174235539952091,-0.3897950964104113,-0.4422418335089568,-0.3615987146013256,2.2453829422501403,0.22514818336298908,0.11693684611838971,Auto Parts,Consumer Cyclical,MPAA
2021Q2,2021,Q2,2020-11-09,2020-09-30,15184000.0,154730000.0,24895000.0,0.78,39726000.0,0.2567440056873263,779436000.0,287995000.0,397002000.0,302828000.0,491441000.0,240018000.0,76289000.0,295988761.84000003,391403761.84000003,15.139771429640843,1.3109818114573288,0.1492130206970168,0.40383339988541467,0.03673873407154839,15.139771429640843,0.05272313755447143,1.9129371281587284,4.87336607349842,1.027756599385406,0.0,0.47914739727853745,0.0,0.19851533673066166,0.48384231312824444,0.019480752749423944,22.568719926801375,0.2567440056873263,5.875,11.445498582423049,0.616328046416939,0.4147060173999044,1.9675057891984762,6.041168658698539,65.38666666666667,1.3713026080462234,0.3622097861353936,0.03393327782222627,Auto Parts,Consumer Cyclical,MPAA
2021Q1,2021,Q1,2020-08-10,2020-06-30,-3012000.0,95356000.0,375000.0,-0.16,13387000.0,0.14038969755442762,760000000.0,272101000.0,380598000.0,293188000.0,487899000.0,241253000.0,61105000.0,335309065.26000005,443066065.26000005,14.339083455056123,1.2981363493730984,0.17792236842105263,0.49695149962697677,0.0005737638594946173,14.339083455056123,-0.011069419076004866,3.5163918920676207,-27.83109771414343,1.2322963357723788,0.0,0.33976365060745356,0.0,0.1254684210526316,0.42528002510334667,-0.003963157894736842,17.279518951816545,0.14038969755442762,0.627906976744186,-2.496079834289936,0.05394217145527403,0.3181074611764937,-0.6340650028701856,0.6323690955693885,1.0682811361981064,-1.3882860176251433,-0.013879256707245059,0.04797558876821646,Auto Parts,Consumer Cyclical,MPAA
2020Q4,2020,Q4,2020-06-15,2020-03-31,-8193000.0,150735000.0,-5492000.0,-0.43,36583000.0,0.24269744916575448,777029000.0,275520000.0,409116000.0,318492000.0,501509000.0,234680000.0,64117000.0,238615741.7,365139741.7,14.525620042108061,1.2845408989864737,0.22668394615902365,0.6393002322880371,-0.007835439903755098,14.525620042108061,-0.029736498257839722,1.5830148386240752,-7.281085734773587,0.8660559730691056,0.0,0.4864155445713312,0.0,0.19398889874123101,0.52066613918089,-0.010544008009997052,11.993754295049007,0.24269744916575448,-11.749999999999998,-3.5018411387357755,0.7017274631843141,0.372127079140487,0.3225479917573479,-10.471676300578034,-1.5939865887951548,-1.8219902490187716,0.29697429871399383,0.09066600056891258,Auto Parts,Consumer Cyclical,MPAA
2020Q3,2020,Q3,2020-02-10,2019-12-31,865000.0,125574000.0,9246000.0,0.04,27661000.0,0.22027649035628394,726742000.0,284326000.0,373418000.0,298324000.0,442416000.0,264748000.0,72310000.0,417722219.51000005,563322219.51,14.994897296455763,1.2517196068703826,0.21336044978823296,0.5453528695933542,0.006675238037576717,14.994897296455763,0.003042282450426623,3.3265024567983823,120.72896517630058,1.4691664480561046,0.0,0.36983471074380164,0.0,0.172790343753354,0.32963489360561,0.0011902435802526893,22.67395209846388,0.22027649035628394,-0.8750000000000001,-0.720681904447888,0.41308241830669623,0.4352753543394126,-0.24367702950263856,-0.8602359024074971,-0.3706779199564389,-0.9233181669146955,0.0984266489133851,0.16710948491878436,Auto Parts,Consumer Cyclical,MPAA
2020Q2,2020,Q2,2019-11-12,2019-09-30,6189000.0,150374000.0,14692000.0,0.32,36573000.0,0.24321358745527819,712558000.0,281345000.0,376434000.0,304327000.0,431213000.0,259351000.0,71445000.0,319463775.79999995,482985775.79999995,14.8834730576048,1.2369392134118893,0.23854479214323607,0.6041585953189145,0.02209689445756002,14.8834730576048,0.021997902930565676,2.124461514623538,12.904498941670704,1.1354876603458386,0.0,0.43879144479874765,0.0,0.21103404915810361,0.3556601944618782,0.008685608750445578,-28.211212981278695,0.24321358745527819,1.9696969696969697,2.546061746193071,0.7939570075364223,0.2987856414886183,1.080020474321788,2.006177857258982,9.601873536299765,-0.3324656753480298,0.3625172816854937,0.21249363489879444,Auto Parts,Consumer Cyclical,MPAA
2020Q1,2020,Q1,2019-08-09,2019-06-30,-6151000.0,109148000.0,-1708000.0,-0.33,17583000.0,0.1610931945615128,693832000.0,274829000.0,371065000.0,301996000.0,419003000.0,270465000.0,65256000.0,389054419.26000005,540143419.26,14.601338909875361,1.2287083272626127,0.23391253214034521,0.5905344778025609,-0.002724683774519259,14.601338909875361,-0.02238118975799497,3.564466772272511,-15.812649132661358,1.4156236032587537,0.0,0.3385465771911338,0.0,0.15731185647246018,0.3032159366349223,-0.008865258448731105,-17.403463174233956,0.1610931945615128,-1.2000000000000002,-2.248162721992665,0.3888655973442708,0.9264456243841223,-0.32242774566473986,-1.2245931283905966,-1.3109411978882213,-1.8072219581810411,0.2591236893510891,0.23052652453229613,Auto Parts,Consumer Cyclical,MPAA
2019Q4,2019,Q4,2019-06-28,2019-03-31,-2765000.0,129077000.0,5493000.0,-0.15,25950000.0,0.20104278841311776,632362000.0,279755000.0,352882000.0,279354000.0,352607000.0,242195000.0,71407000.0,356715961.68,485076961.68,14.869406950615264,1.2632072567423414,0.21865956524901875,0.4942610498471877,0.030378702555042113,14.869406950615264,-0.009883648192168148,2.7635904280390773,-32.25279942857143,1.2751012910582473,0.0,0.4258015235657218,0.0,0.20411884332075614,0.3629480873730106,-0.004372495500994684,-15.783193738330162,0.20104278841311776,0.06250000000000006,-1.7186217441819582,0.3417587182737994,1.0339659089413344,0.22631255611738577,0.10863958736299162,2.3761524277811925,-2.176809424320269,0.2950013288417084,0.29736675994903866,Auto Parts,Consumer Cyclical,MPAA
2019Q3,2019,Q3,2019-02-11,2018-12-31,-3102000.0,124113000.0,1627000.0,-0.16,21161000.0,0.17049785276320772,605849000.0,279788000.0,329839000.0,250697000.0,326061000.0,215821000.0,74172000.0,313010081.28000003,411619081.28000003,14.87387339398604,1.3156878622400747,0.17694177922221543,0.3831472400531831,0.003152436354315829,14.87387339398604,-0.011086965845568788,2.521976596166397,-25.22647334622824,1.1187401935751355,0.0,0.4770249419657957,0.0,0.20485797616237708,0.4231083738536959,-0.005120087678612988,-18.18980016736402,0.17049785276320772,-1.8888888888888888,-3.099957419079656,0.47107874226173757,1.0623534754350568,-0.17696705690171521,-1.883005977796755,-0.8434523236793996,-1.3899074461840444,0.2855741640255295,0.34038273343205655,Auto Parts,Consumer Cyclical,MPAA
2019Q2,2019,Q2,2019-01-08,2018-09-30,3513000.0,127939000.0,10393000.0,0.18,25711000.0,0.2009629589101056,584013000.0,282164000.0,308921000.0,216295000.0,301849000.0,197387000.0,77274000.0,423826231.3,500274231.3,14.946176834241642,1.4282392103377333,0.14147459046288352,0.2928190697608483,0.021322427133292434,14.946176834241642,0.01245020626302434,3.3127211507046326,30.16127464417876,1.5020563619030067,0.0,0.5179064477397194,0.0,0.21906875360651218,0.4684990406620588,0.006015277057188796,-46.0780855946945,0.2009629589101056,1.6666666666666665,0.243503756977244,0.48095469577696154,1.1641119154351514,0.4904063532548838,1.70063821300359,9.539852095316352,3.435091425551904,0.3466417581896471,0.39661595307362635,Auto Parts,Consumer Cyclical,MPAA
2019Q1,2019,Q1,2018-08-09,2018-06-30,-5014000.0,92565000.0,-1217000.0,-0.27,17251000.0,0.1863663371684762,549253000.0,270738000.0,290568000.0,198826000.0,278515000.0,195657000.0,63080000.0,353541297.37,416408297.37,14.327910254565461,1.4614185267520345,0.13674754621276533,0.27742319142492006,-0.0028041560683293746,14.327910254565461,-0.018519749721132607,3.819384188084049,-17.62770728809334,1.3058429085314953,0.0,0.38492872731361516,0.0,0.1685288928781454,0.4112289137235573,-0.009128762155145262,-143.13412848987855,0.1863663371684762,-1.574468085106383,-1.0379997111076358,0.4098901829433669,1.1228405817972378,-0.4311857029807439,-1.5452963567156064,-1.0779378802433557,-3.5010738350343904,0.027443489379781347,0.3170803746839628,Auto Parts,Consumer Cyclical,MPAA
2018Q4,2018,Q4,2018-06-14,2018-03-31,9195000.0,121108000.0,15615000.0,0.47,30328000.0,0.25042111173498033,494497000.0,274976000.0,134685000.0,180952000.0,219521000.0,83783000.0,66606000.0,406683431.85,464615431.85,14.489736287495136,0.7443134090808612,0.1435418212850634,0.25813525544047483,0.03787046805717682,14.489736287495136,0.033439281973699525,3.358022854394425,11.057189555464927,1.4789779175273479,0.0,1.083513361899192,0.0,0.2449114959241411,0.21779809010124232,0.018594652748146097,-43.6871234128263,0.25042111173498033,2.3055555555555554,1.0951341566188677,0.03302234513482382,60.62884808452052,0.3452803406671398,2.351013811342933,2.184784825616969,1.8064198888087633,0.3665731257934285,0.36873740825119655,Auto Parts,Consumer Cyclical,MPAA
2018Q3,2018,Q3,2018-02-09,2017-12-31,-6806000.0,100127000.0,4903000.0,-0.36,22544000.0,0.22515405435097427,467694000.0,268533000.0,117190000.0,157799000.0,199161000.0,88240000.0,57411000.0,476538108.47999996,520244108.47999996,14.082063009409124,0.7426536289837071,0.11489991319110358,0.200116931624791,-0.10899560993861165,14.082063009409124,-0.02534511587030272,4.759336727156511,-17.504338395533352,1.7745979394711262,0.0,0.8792271078875793,0.0,0.21408656087099684,0.10216161065659478,-0.014552249975411272,-120.33790618181817,0.22515405435097427,-2.090909090909091,-6.521166202437885,-0.3468463731002263,1.897955288235694,-0.1700169354244901,-2.0801460085700683,-0.6459927797833935,-3.1853278919289005,0.12036792730579776,0.3479010610120615,Auto Parts,Consumer Cyclical,MPAA
2018Q2,2018,Q2,2017-11-09,2017-09-30,6301000.0,111774000.0,13850000.0,0.33,27162000.0,0.24300821300123462,461464000.0,274096000.0,143835000.0,161495000.0,187368000.0,96606000.0,64217000.0,551453167.14,590824167.14,14.642890169402174,0.890646769249822,0.1180178735502661,0.19869315860136594,0.025717710271094187,14.642890169402174,0.022988296071449418,4.933644381877717,21.879589237422632,2.0118979012462788,0.0,0.8758462207316315,0.0,0.2422160775271744,0.1860800643982786,0.013654369571624221,-58.871908523540085,0.24300821300123462,-0.15384615384615383,1.5447685916716285,-0.2266928913759399,2.091509403296442,0.051201671891327065,-0.17374770521898766,-0.0921604614577871,2.6458123636117663,0.3466015023052856,0.27779150930078356,Auto Parts,Consumer Cyclical,MPAA
2018Q1,2018,Q1,2017-08-09,2017-06-30,7626000.0,95063000.0,15256000.0,0.39,25839000.0,0.27180922125327417,434894000.0,255254000.0,119842000.0,140085000.0,179640000.0,89947000.0,57916000.0,526825784.96,552920784.96,13.682650253247012,0.8554948781097191,0.07867434363316118,0.13404295329358207,0.03365567872800762,13.682650253247012,0.029876123390818556,5.541859450680075,17.270711544715446,2.063927636628613,0.0,0.7696087696087696,0.0,0.21858889752445423,0.1444194596138059,0.017535307454230226,-424.5171514585012,0.27180922125327417,-0.21999999999999997,1.5771829311715153,-0.20294008833009408,1.4680811532336353,-0.18300818920542575,-0.22278842233999185,-0.12256283430148962,0.5613124658971701,0.22045985758819084,0.8052373054993359,Auto Parts,Consumer Cyclical,MPAA
2017Q4,2017,Q4,2017-06-14,2017-03-31,9812000.0,114410000.0,17387000.0,0.5,31627000.0,0.27643562625644613,436139000.0,248681000.0,122131000.0,142782000.0,187458000.0,75097000.0,50290000.0,573802268.13,595772268.13,13.318119419264207,0.8553669230014987,0.07107596431412921,0.12465367277757448,0.04466153796083669,13.318119419264207,0.039456170756913475,5.015315690324273,14.619911030625763,2.307382824301012,0.0,1.1023476303980186,0.0,0.2623246258646899,0.26043899090921824,0.02249741481500164,38.93088188683085,0.27643562625644613,-0.12280701754385957,1.5393342756660249,-0.15911556627532905,1.5190512192284948,-0.02295335186901452,-0.11683168316831684,-0.13690742119632662,1.5694919852520879,0.1983234494555177,0.8217674020194929,Auto Parts,Consumer Cyclical,MPAA
2017Q3,2017,Q3,2017-02-09,2016-12-31,11110000.0,112595000.0,20145000.0,0.57,32370000.0,0.28749056352413516,443029000.0,239936000.0,147213000.0,143270000.0,203093000.0,76438000.0,40478000.0,502734365.00000006,537549365.0,12.847892584386985,1.0275214629720109,0.0874796006581962,0.16152640704187785,0.047836331615779284,12.847892584386985,0.04630401440384103,4.464979483991296,11.312654477947795,2.0952852635702857,0.0,1.049543420811638,0.0,0.2541481483153473,0.1994416137363021,0.025077365138625237,-18619.7912962963,0.28749056352413516,0.21276595744680848,1.323078486036638,-0.10260288323946572,0.8498939157057236,0.05584186835410007,0.21513726348025813,0.17278919485358327,6.575725675448161,0.3442475007378497,0.7814388506318934,Auto Parts,Consumer Cyclical,MPAA
2017Q2,2017,Q2,2016-11-09,2016-09-30,9143000.0,108836000.0,17177000.0,0.47,30658000.0,0.2816898820243302,437668000.0,228824000.0,148399000.0,144539000.0,208844000.0,82392000.0,29368000.0,536497304.72,571556304.72,12.27509376479911,1.0267055950297153,0.0925610279938218,0.17703999580463586,0.041685749869995896,12.27509376479911,0.039956473097227566,4.929410348781653,14.669618963141202,2.3445849417893228,0.0,0.9488542576949218,0.0,0.2486725097562536,0.1646406852129875,0.020890263852966176,-56.455572421340634,0.2816898820243302,0.205128205128205,2.092314335660232,-0.32447079074770163,0.38633261849572864,0.5035064489235447,0.21776771443793286,0.2951066877780291,2.277573230703158,0.2758691174945507,0.777355973644437,Auto Parts,Consumer Cyclical,MPAA
2017Q1,2017,Q1,2016-08-09,2016-06-30,7508000.0,85412000.0,13263000.0,0.39,20391000.0,0.23873694562824896,440783000.0,220061000.0,159056000.0,155879000.0,220722000.0,83740000.0,20225000.0,504069978.78,527619978.78,11.865927811206753,1.0203811931049083,0.09815941177404755,0.19661366621073248,0.03620779933825498,11.865927811206753,0.03411781278827234,5.901629499133611,16.784429234816194,2.2905920575658567,0.0,0.7764628612371627,0.0,0.19377335332805484,0.21072113626594988,0.0170333247879342,-32.716945465048354,0.23873694562824896,2.2500000000000004,3.0926130088036827,-0.20627149430274794,0.2266362674542536,-0.15788386883621044,2.2686112320417937,0.3768296480847088,-0.942024405226314,0.3255080084989004,0.758070273386851,Auto Parts,Consumer Cyclical,MPAA
2016Q4,2016,Q4,2016-06-14,2016-03-31,2297000.0,97443000.0,9633000.0,0.12,24214000.0,0.24849399135905093,413372000.0,210808000.0,140085000.0,131383000.0,202564000.0,68580000.0,11825000.0,698571988.92,706721988.92,11.461220843363787,1.066233835427719,0.07268755503517413,0.14253254145952715,0.01320899435946357,11.461220843363787,0.010896170923304619,7.169032038422462,76.03090867653461,3.3137831055747404,0.0,1.0677894429862933,0.0,0.23572714165449038,0.24552643797142704,0.0055567382406162,145.77879568447412,0.24849399135905093,-0.7073170731707317,-0.37089438671586683,0.5207058818572581,0.201270962939806,-0.16211633620540503,-0.7035363964894166,-0.423691295243793,1.024520190260193,-0.14243779662396455,48.16575809056517,Auto Parts,Consumer Cyclical,MPAA
2016Q3,2016,Q3,2016-02-09,2015-12-31,7748000.0,94022000.0,16715000.0,0.41,28899000.0,0.3073642339027036,383055000.0,203287000.0,115592000.0,116756000.0,179768000.0,69149000.0,9528000.0,619383343.11,636487343.11,11.096736046354025,0.9900304909383671,0.08041926094164023,0.1515345299994589,0.038962934793943964,11.096736046354025,0.03811360293575093,6.587642712450278,19.985265330085184,3.0468418694259842,0.0,0.9417778998973232,0.0,0.2454530028324914,0.1434358833807256,0.02022686037253136,-64.17150260153336,0.3073642339027036,6.125,0.3542508378805171,0.49698853206462357,0.1692274667536693,0.3244271310724106,6.566091954022989,50.749226006191954,5.542526909148563,-0.3615738708207833,1.2836032537420539,Auto Parts,Consumer Cyclical,MPAA
2016Q2,2016,Q2,2015-11-09,2015-09-30,-1392000.0,91670000.0,323000.0,-0.08,21820000.0,0.23802770808334242,396416000.0,194940000.0,133034000.0,136535000.0,201476000.0,64614000.0,1780000.0,570882639.22,578771639.22,10.701708512886874,0.9743582231662211,0.09986226590248627,0.20307274033035805,0.0008371695567197848,10.701708512886874,-0.007140658664204371,6.227584152067198,-102.52920963002873,2.9285043563147632,0.0,1.0810350697991147,0.0,0.2312469728769777,0.24855165342219943,-0.0035114627058443655,41.57316044421789,0.23802770808334242,-1.7999999999999998,-1.2627704736220655,0.47848359807724605,0.1697291934333248,-0.16047862721711362,-1.7287958115183246,-0.972191132156694,0.8763284325760792,-0.3482718354167384,1.2594195624072002,Auto Parts,Consumer Cyclical,MPAA
2016Q1,2016,Q1,2015-08-10,2015-06-30,1910000.0,85835000.0,11615000.0,0.1,25991000.0,0.30280188734199337,386494000.0,195845000.0,126642000.0,124598000.0,190649000.0,66627000.0,3172000.0,541706568.93,563922568.93,10.878539024623676,1.0164047577007658,0.10236898891056523,0.20202200719957109,0.029653351199675753,10.878539024623676,0.009752610482779749,6.311021948272849,70.90400116884817,2.7659964202813447,0.0,0.8981944256832816,0.0,0.2220862419597717,0.23159280245268785,0.004941861969396679,199.52359813259667,0.30280188734199337,-0.375,-0.49272440252144495,0.58547455344971,0.23332113384972641,0.24305323066622028,-0.3842682140554481,0.38935406698564595,1.14979953385453,-0.2542310822808361,0.9622746064870569,Auto Parts,Consumer Cyclical,MPAA
2015Q4,2015,Q4,2015-06-15,2015-03-31,3102000.0,83904000.0,8360000.0,0.16,20909000.0,0.24920146834477497,421760000.0,190203000.0,181795000.0,115171000.0,231557000.0,64662000.0,1262000.0,499304597.4,518175597.4,10.58620609047891,1.5784789573764229,0.18992080804248862,0.4211342618150082,0.01840734666183192,10.58620609047891,0.01630889102695541,5.950903382437071,40.24053815280464,2.6251142064005295,0.0,0.9742197890569423,0.0,0.19893778452200303,0.7530367887749521,0.007354893778452201,-36.80558730650154,0.24920146834477497,0.0,-0.27542283732998946,0.4571069197228956,0.2309766512056317,-0.14405600130997218,0.05978817902289033,-0.06257008297824625,1.1772005059374377,-0.3591185884202625,1.0023243912839395,Auto Parts,Consumer Cyclical,MPAA
2015Q3,2015,Q3,2015-02-09,2014-12-31,2927000.0,83992000.0,8918000.0,0.16,24428000.0,0.29083722259262784,373661000.0,187235000.0,166630000.0,98338000.0,186426000.0,66577000.0,-1840000.0,557185093.38,562362093.38,10.44740108657212,1.694461957737599,0.21916924699125678,0.43739151333885223,0.01685907353815824,10.44740108657212,0.015632760968835955,6.633787662872654,47.590117302699014,2.975859713087831,0.0,0.8946633221683163,0.0,0.22478128571084485,0.7866440236734528,0.00783330344884802,-50.6485858903736,0.29083722259262784,0.7777777777777779,-0.08661499764860492,0.5410535635166351,0.25283393642167207,0.3261672095548317,0.984406779661017,0.4310012836970475,1.0886954727753837,-0.3024292886688049,0.5042609967391212,Auto Parts,Consumer Cyclical,MPAA
2015Q2,2015,Q2,2014-11-10,2014-09-30,1475000.0,70840000.0,6232000.0,0.09,18420000.0,0.26002258610954265,376631000.0,183071000.0,170379000.0,90731000.0,193560000.0,56685000.0,-4767000.0,434691640.77000004,429335640.77000004,11.459530027253715,1.8778477036514531,0.22220422641789975,0.4571395797258987,0.011911057538433965,11.459530027253715,0.008056983356184213,6.136245634810842,73.67654928305085,2.3744429252585064,0.0,0.9247596365881626,0.0,0.18808860662027288,1.0037252978585047,0.0039163000390302445,46.496057414696764,0.26002258610954265,-0.64,-0.6781644510182786,0.34630486892308854,0.4043806408939697,0.033902110462505616,-0.626487718409724,-0.3815005954743946,1.205624539151191,-0.48693295434455636,0.2942239443393016,Auto Parts,Consumer Cyclical,MPAA
2015Q1,2015,Q1,2014-08-11,2014-06-30,3949000.0,62975000.0,10076000.0,0.25,17816000.0,0.28290591504565304,310277000.0,114319000.0,110391000.0,92760000.0,195958000.0,54799000.0,-6242000.0,367266618.3,438057618.3,7.579419177503833,1.1900711513583442,0.3077347015731105,0.8352329883921308,0.028463995060583,7.579419177503833,0.034543689150534906,5.831943125049623,23.25060890731831,3.212647226620247,0.0,0.8240843811018449,0.0,0.2029638033112348,0.3578697714532126,0.012727337185804943,181.18728085841144,0.28290591504565304,0.3157894736842105,1.6208447669910386,0.5278310275026664,-0.03911599295112576,-0.2552150829814807,0.28757743723508317,0.05452642595499738,2.3533517232311283,-0.2804182302825664,-0.21648011033879908,Auto Parts,Consumer Cyclical,MPAA
2014Q4,2014,Q4,2014-06-16,2014-03-31,3067000.0,76682000.0,9555000.0,0.19,23921000.0,0.31195065334759137,318853000.0,109636000.0,125266000.0,103189000.0,209217000.0,54780000.0,-10191000.0,398469200.63,471147200.63,7.31054875858499,1.2139472230567212,0.3050841610397268,0.8872724287642745,0.022206094054218205,7.31054875858499,0.02797438797475282,5.196385079027673,32.48037175008152,3.634474083603926,0.0,0.9631434830230011,0.0,0.2404932680576943,0.45938036030972296,0.009618852574697431,-49.740257225065534,0.31195065334759137,1.375,3.071406023036447,1.044109559473323,-0.06052729529863049,0.09098786828422877,1.671602787456446,-0.043447792571829014,0.030218498952202678,0.46771257079373973,-0.23376836840826856,Auto Parts,Consumer Cyclical,MPAA
2014Q3,2014,Q3,2014-02-10,2013-12-31,1148000.0,65568000.0,9989000.0,0.08,21926000.0,0.33440092728160076,297340000.0,105433000.0,103157000.0,89523000.0,191907000.0,50419000.0,-13258000.0,282145349.0,347886349.0,7.212087341549621,1.152296057996269,0.3331909598439497,0.9396583612341487,0.016182993333562518,7.212087341549621,0.010888431515749338,4.303095244631527,61.4428024825784,2.676062987869073,0.0,0.8655863860846109,0.0,0.22051523508441515,0.4072696402041933,0.0038608999798210803,24.462055574822266,0.33440092728160076,-0.4666666666666666,3.991584083495337,0.4985582275443555,-0.09285671980136342,0.11271250951535143,-0.46950092421441775,0.1810120595885552,-0.7485508606541105,0.30821670205494245,-0.2400855010751654,Auto Parts,Consumer Cyclical,MPAA
2014Q2,2014,Q2,2013-11-12,2013-09-30,2164000.0,66174000.0,8458000.0,0.15,19705000.0,0.2977755613987367,289504000.0,99873000.0,100001000.0,75406000.0,189631000.0,42184000.0,-14406000.0,183220603.93,262545603.93,6.9063788834767,1.3261676789645387,0.3553456947054272,1.0300481611646792,0.023788043293869892,6.9063788834767,0.021667517747539375,2.768770271254571,21.16689047250462,1.8345358998928638,0.0,1.1015787976483975,0.0,0.2285771526472864,0.3352518367238681,0.0074748535426108105,19.306702205479453,0.2977755613987367,-0.978386167146974,-0.22675449387886742,0.5055421113907389,-0.14546329852666928,0.23048582490320968,-0.9785700138641316,1.0619210141394442,-0.485429679150528,0.3443947729439185,-0.2451118444138151,Auto Parts,Consumer Cyclical,MPAA
2014Q1,2014,Q1,2013-08-09,2013-06-30,100980000.0,50245000.0,4102000.0,6.94,16014000.0,0.31871828042591305,277371000.0,97603000.0,94319000.0,63746000.0,179768000.0,39245000.0,-16570000.0,134487104.70000002,222792104.70000002,6.749404725641328,1.4796065635490854,0.3731320145220661,1.060377242502792,0.011869972242639689,6.749404725641328,1.0345993463315677,2.6766266235446317,0.33295480466429,1.3778992930545169,0.0,0.8722385017199643,0.0,0.1811472720652123,0.24492517177548395,0.3640611311204127,-54.360187833468075,0.31871828042591305,2.362631794001439,26.799418606039225,0.2823549156480393,-0.1394325390770626,4.618947368421052,2.371060813838237,1.043484252594532,32.38798340890831,0.15539885817096621,-0.23480685502007242,Auto Parts,Consumer Cyclical,MPAA
2013Q4,2013,Q4,2013-06-17,2013-03-31,-73651000.0,89336000.0,-94333000.0,-5.093085329838319,2850000.0,0.03190203277514104,367074000.0,-3514000.0,152631000.0,219773000.0,370588000.0,73240000.0,-117550000.0,88067362.11,211920362.11,-0.24299876239361112,0.6944938641234365,0.39034908492565534,-40.77603870233352,-0.48922450394213735,-0.24299876239361112,20.95930563460444,0.985799253492433,-0.2989347127330247,-25.06185603585657,0.0,1.1808574549426543,0.0,0.24337327078463744,0.15541490537964173,-0.20064346698485863,-20.32011123904015,0.03190203277514104,-85.8847554973053,-23.494096814309025,1.0774672612769438,-1.03219929002672,-0.8814623799026744,-79.7711229946524,-13.14066924066924,-22.374738922008255,0.9275896279291681,-1.028256185475874,Auto Parts,Consumer Cyclical,MPAA
2013Q3,2013,Q3,2013-02-15,2012-12-31,935000.0,116275000.0,7770000.0,0.06,24043000.0,0.20677703719630186,442642000.0,70284000.0,141349000.0,169296000.0,372358000.0,99949000.0,-43899000.0,95027047.74000001,213914047.74,4.859309964710475,0.8349222663264342,0.32522218858580976,2.048218655739571,0.01799850272732706,4.859309964710475,0.013303169996016164,0.8172612147065148,25.40830153475936,1.3520438185077686,0.0,0.9227906232178411,0.0,0.26268406522652615,0.18089027502126453,0.0021123164995639817,-6.621171107859532,0.20677703719630186,1.096774193548387,5.26054448170606,2.440480655673118,-0.33440962756981474,0.43789247054602,1.1046680846300234,5.680997420464316,-0.6384738932824212,1.643401055613038,-0.41728010814038974,Auto Parts,Consumer Cyclical,MPAA
2013Q2,2013,Q2,2012-12-18,2012-09-30,-8933000.0,111632000.0,1163000.0,-0.62,16721000.0,0.1497867994840189,488947000.0,68475000.0,155808000.0,170063000.0,420472000.0,92049000.0,-44834000.0,67369251.86,171576251.86,4.736485728876847,0.9161781222252929,0.2792429445318204,1.993939393939394,0.010116001977654098,4.736485728876847,-0.13045637093829865,0.603494086462663,-1.8854038917496923,0.9838517978824389,0.0,1.0310921357103282,0.0,0.22831104393727747,0.32061647742307264,-0.01826987383090601,70.39629243469174,0.1497867994840189,0.12676056338028166,-16.968989526195998,1.7497547609490025,-0.350912763202078,0.38030378074954596,0.0941999594402758,1.3395620437956204,-3.1538540243792252,1.3443935001173029,-0.41953737651671186,Auto Parts,Consumer Cyclical,MPAA
2013Q1,2013,Q1,2012-11-28,2012-06-30,-9862000.0,89023000.0,-3425000.0,-0.71,12114000.0,0.13607719353425518,495936000.0,77196000.0,161330000.0,153466000.0,418740000.0,88039000.0,-35901000.0,62521638.09,167484638.09,5.543841309804684,1.0512426205152934,0.2844016163375919,1.8271024405409606,-0.018144930674555727,5.543841309804684,-0.12775273330224363,0.702308820080204,-1.5849127481748124,0.8099077424996114,0.0,0.8735787548700008,0.0,0.17950501677635824,0.3490675459059336,-0.019885630403923087,-3.6014768485023043,0.13607719353425518,0.2712836212869463,-5.4060750659613275,0.7865954156826807,-0.3693677708376963,1.216651418115279,0.2730891132895998,0.49108469539375926,-8.089533291601287,1.3394181678741255,-0.2971772206478535,Auto Parts,Consumer Cyclical,MPAA
2012Q4,2012,Q4,2012-09-28,2012-03-31,-13567000.0,101464000.0,-6730000.0,-0.9743159626161996,5465000.0,0.053861468106914764,501898000.0,73619000.0,168231000.0,170419000.0,428279000.0,104890000.0,-26039000.0,133955046.41999999,235222046.42,5.286958565035896,0.9871610559855415,0.2667553965148297,1.8186066097067333,-0.035315843414038935,5.286958565035896,-0.184286665127209,1.3202224081447607,-2.468398437753372,1.8195716651951261,0.0,0.9152350081037277,0.0,0.20216059836859282,0.31096884737030495,-0.027031388847933244,21.01585290555381,0.053861468106914764,0.47048045509989156,-3.3175388553753913,1.2984026819524344,0.09480721412073373,3.3176420695504665,0.41138444184129463,0.6219101123595505,-8.868575787849446,1.9130095886340395,-0.32057723342512334,Auto Parts,Consumer Cyclical,MPAA
2012Q3,2012,Q3,2012-05-14,2011-12-31,-23049000.0,84097000.0,-17800000.0,-1.84,-2358000.0,-0.02803905014447602,491290000.0,86935000.0,175244000.0,228850000.0,404355000.0,136838000.0,-12472000.0,93879517.5,194959517.5,6.945205060305088,0.7657592309372951,0.2121211504406766,1.1987461896819462,-0.10148197026670351,6.945205060305088,-0.26512911945706563,1.116324214894705,-1.0182602010933228,1.0798817219761891,0.0,0.6318054926263172,0.0,0.17117588389749436,0.12377102905833516,-0.04691526389708726,-186.26888392857143,-0.02803905014447602,-3.088888888888889,-6.238553294303982,0.6860264534657534,0.14602020965183501,-1.1544002095337873,-3.1225183330352353,-42.8423645320197,-69.1483426817457,1.2447510856268806,-0.12642542974200624,Auto Parts,Consumer Cyclical,MPAA
2012Q2,2012,Q2,2012-03-07,2011-09-30,-5591000.0,107616000.0,-406000.0,-0.45,15272000.0,0.14191198334820102,492803000.0,110251000.0,177097000.0,202142000.0,382552000.0,129730000.0,10577000.0,102476668.0,203027668.0,8.85436409778663,0.8761019481354692,0.20646789893730355,0.9228759829842813,-0.0028088341792518114,8.85436409778663,-0.05071155817180797,0.9522437927445733,-4.582215524950814,0.929485156597219,0.0,0.7118168503815617,0.0,0.21837529398157074,0.1824905264615963,-0.011345304310241618,-5.350982611874054,0.14191198334820102,-1.368421052631579,-1.123738715489121,0.630857844480201,0.4092900818033125,0.16349230534816395,-1.3531144781144782,-1.290414878397711,-3.3201826515370967,1.8435109225507544,0.09556385733033003,Auto Parts,Consumer Cyclical,MPAA
2012Q1,2012,Q1,2011-08-15,2011-06-30,-2376000.0,71262000.0,1398000.0,-0.19,13126000.0,0.18419353933372626,449108000.0,118806000.0,168169000.0,256680000.0,330302000.0,120689000.0,20099000.0,184345765.3,266200765.3,9.673550445262114,0.6551698613059062,0.18510024314864132,0.6997121357507197,0.03063334239519728,9.673550445262114,-0.019998989950002526,2.5868733027419943,-19.396650389309762,1.551653664798074,0.0,0.48170090066203214,0.0,0.1586745281758508,0.1423913043478261,-0.005290486920740668,-6.888597784088787,0.18419353933372626,-1.9571331829368335,-2.471812073221093,0.7739659127596111,0.5260659325956434,-0.06122157059075955,-1.9745693191140279,-0.7612297181895815,-1.7701795894737247,1.1415026652422426,0.23340399386082922,Auto Parts,Consumer Cyclical,MPAA
2011Q4,2011,Q4,2011-06-13,2011-03-31,2438000.0,42786000.0,5855000.0,0.19850946909709133,13982000.0,0.32678913663347825,191865000.0,117177000.0,60137000.0,58742000.0,74688000.0,34764000.0,22475000.0,171695789.4,176718789.4,9.540912247903966,1.0237479146096489,0.039089985145805646,0.06400573491384828,0.0236939557754566,9.540912247903966,0.020806130895994947,4.01289649418034,17.606213022969648,1.4652686909547097,0.0,0.8285582786790933,0.0,0.22300054725979204,0.22838854652548432,0.012706851171396555,64.6932137905049,0.32678913663347825,-0.3383017696763622,-0.33620794273299986,-0.645341305780305,0.5349928355046175,0.06141349730509375,-0.3517681467694762,-0.11287878787878788,-0.12326400850448552,0.17153318289687572,0.2642475935417481,Auto Parts,Consumer Cyclical,MPAA
2011Q3,2011,Q3,2011-02-07,2010-12-31,3761000.0,41288000.0,6600000.0,0.3,13173000.0,0.31905154039914746,176833000.0,114294000.0,47709000.0,47614000.0,62539000.0,32932000.0,20037000.0,157038007.67999998,164716007.67999998,9.490656319564433,1.0019952114924182,0.04693694050318662,0.07261973506920748,0.03598597842027171,9.490656319564433,0.03290636428858908,3.80347819414842,10.4385806753523,1.3739829534358758,0.0,0.8537288959067169,0.0,0.2334858312645264,0.07705716805981434,0.02126865460632348,-77.54963342222221,0.31905154039914746,0.03448275862068969,0.6960392286968176,-0.6508534825015139,0.5858723687861254,0.03871629080586658,0.07426449585832619,-0.12163960606867182,21.583134334856254,0.46727426461176236,0.2999560678821921,Auto Parts,Consumer Cyclical,MPAA
2011Q2,2011,Q2,2010-11-08,2010-09-30,3501000.0,40977000.0,7514000.0,0.29,12682000.0,0.30949068989921175,172644000.0,110140000.0,48602000.0,47265000.0,62504000.0,32139000.0,16276000.0,104495360.47999999,107180360.47999999,9.148876999022148,1.0282873161959167,0.04923426241282639,0.07717450517523153,0.037948735315665595,9.148876999022148,0.03178681677864536,2.550097871488884,7.4618223707512135,0.948750322135464,0.0,0.8803945362332368,0.0,0.23734969069298673,0.12863641172114673,0.02027872384791826,12.06504566216372,0.30949068989921175,0.38095238095238093,6.010012361572407,-0.4493002787509461,0.5720914621714199,0.09848419229103508,0.3892857142857143,0.3876269621421976,6.515722515008606,0.2121153225764413,0.2537606214866642,Auto Parts,Consumer Cyclical,MPAA
2011Q1,2011,Q1,2010-08-09,2010-06-30,2520000.0,36234000.0,5415000.0,0.21,11545000.0,0.3186233923938842,167009000.0,106279000.0,50282000.0,46373000.0,60730000.0,34682000.0,12775000.0,76872983.66,86858983.66,8.820524294971797,1.0842947404739827,0.010777862270895581,0.01693655378767207,0.030322280928819875,8.820524294971797,0.0237111753027409,2.121570449301761,7.626288061507936,0.723313012542459,0.0,0.711867827691598,0.0,0.21695836751312803,0.11338494382507062,0.015089007179253813,-635.3139145454545,0.3186233923938842,-0.11866876698014635,2.2763857200859796,0.17558351821244528,0.5725595570419987,-0.07365802776217605,-0.12225705329153605,0.13118863588886567,0.3011230863258243,-0.1596286886745327,0.0033669053045631784,Auto Parts,Consumer Cyclical,MPAA
2010Q4,2010,Q4,2010-06-14,2010-03-31,2871000.0,38616000.0,4787000.0,0.2382759082308267,12463000.0,0.3227418686554796,163480000.0,103620000.0,48258000.0,44859000.0,59860000.0,35471000.0,10255000.0,78318870.5,88006870.5,8.599843124652825,1.0757707483448138,0.0,0.0,0.03139196975555501,8.599843124652825,0.027707006369426752,2.0281456002693186,6.819825017415535,0.7558277407836326,0.0,0.7373065320966423,0.0,0.23621238071935405,0.03702712945005462,0.017561781257646195,34.76203750554816,0.3227418686554796,0.32375504572681507,0.15318705531946494,0.044512042824031005,0.49035933294973116,0.14581226441114278,0.3384615384615385,-0.07461820993620723,2.0558848787861894,0.01090972477740903,0.7808292191736859,Auto Parts,Consumer Cyclical,MPAA
2010Q3,2010,Q3,2010-02-08,2009-12-31,2145000.0,36482000.0,5173000.0,0.18,10877000.0,0.2981470314127515,160594000.0,100035000.0,47478000.0,44981000.0,60559000.0,35727000.0,7384000.0,60940986.2821,72985986.28209999,8.339015078416418,1.0555123274271359,0.004358817888588615,0.00699755085719998,0.029023382306384682,8.339015078416418,0.021442495126705652,1.6704398410750507,7.102679053857808,0.6091966439956016,0.0,0.7166848601897724,0.0,0.22716913458784263,0.019719437095662613,0.013356663387175113,4.761758578066885,0.2981470314127515,-0.3571428571428572,-0.33376440871275814,0.029050863783118747,0.4992488692131882,0.005639792899408284,-0.37554585152838427,-0.02285606346807707,1.7029094029300729,-0.236806104400782,0.37601117972415815,Auto Parts,Consumer Cyclical,MPAA
2010Q2,2010,Q2,2009-11-09,2009-09-30,3435000.0,39437000.0,5294000.0,0.28,10816000.0,0.2742602124908081,167171000.0,97702000.0,56439000.0,62029000.0,69469000.0,32054000.0,5239000.0,61304371.2,85718371.2,8.15984619380616,0.9098808621773686,0.142566593488105,0.24393564103088985,0.02600421049967884,8.15984619380616,0.03515792921332214,1.5544887085731673,4.461744628820961,0.6274628073120305,0.0,0.8928994821239159,0.0,0.2359081419624217,0.23427751535572072,0.020547822289751213,-106.4312,0.2742602124908081,1.8,-0.007146211196728062,0.0626577266601419,0.5393447940893198,0.5082973086040998,1.8744769874476988,0.7340320995741894,2.3568817864641645,-0.3784918739685084,0.2987482989146721,Auto Parts,Consumer Cyclical,MPAA
2010Q1,2010,Q1,2009-08-10,2009-06-30,1195000.0,32690000.0,3053000.0,0.1,7171000.0,0.21936371979198532,157379000.0,94356000.0,52924000.0,54525000.0,63023000.0,32965000.0,1804000.0,46651881.9,68653881.9,7.887964751106857,0.9706373223292067,0.130443070549438,0.21756962991224724,0.01509399045628588,7.887964751106857,0.012664801390478613,1.427099476904252,9.759807928870293,0.4944241161134427,0.0,0.7741240709843774,0.0,0.20771513353115728,0.1892893168271435,0.007593135043430191,16.56083844515442,0.21936371979198532,2.012872226926334,7.886061143012539,-0.46215131151685085,0.45923291691456747,0.1890233792074283,2.011854360711262,5.489705882352941,-0.23998573641085957,-0.16449299173580526,0.24437809595288457,Auto Parts,Consumer Cyclical,MPAA
2009Q4,2009,Q4,2009-06-15,2009-03-31,-1181000.0,29922000.0,-680000.0,-0.09872913615516976,6031000.0,0.2015573825279059,159588000.0,93083000.0,54171000.0,57740000.0,66505000.0,32631000.0,609000.0,47848084.0,72740084.0,7.781544606885409,0.938188430897125,0.13987267213073665,0.2398074836436299,-0.003972597467083767,7.781544606885409,-0.012687601388008552,1.5990937771539335,-10.128722269263337,0.5140367628890344,0.0,0.7321565382611627,0.0,0.18749530039852622,0.2062348458607551,-0.007400305787402562,-6.91746190545034,0.2015573825279059,-2.2909712051723257,-1.2875703692519662,-0.3961710300725385,0.4448290800138455,-0.404639684106614,-2.761146496815287,-2.3359528487229864,-1.3301384901119266,-0.7453477865532516,0.25193638830006,Auto Parts,Consumer Cyclical,MPAA
2009Q3,2009,Q3,2009-02-09,2008-12-31,-314000.0,35802000.0,509000.0,-0.03,10130000.0,0.2829450868666555,157777000.0,95102000.0,50019000.0,55194000.0,62675000.0,26763000.0,1790000.0,46651881.9,64711881.9,7.950328794774729,0.906239808674856,0.10830475924881319,0.17968076381148662,0.002019439056218709,7.950328794774729,-0.0033017181552438433,1.3030523965141612,-37.143218073248406,0.49054574982650206,0.0,0.959234764413556,0.0,0.2269152031031139,0.2140268869804689,-0.001990150655672246,8.760916788732395,0.2829450868666555,-1.1578947368421053,-1.1870974952402367,-0.32544618121153174,0.569154634964692,-0.14916848647740635,-1.1353448275862068,-0.8983829107606308,-1.1425557806332491,-0.6952008288631425,0.3284862852326514,Auto Parts,Consumer Cyclical,MPAA
2009Q2,2009,Q2,2008-11-10,2008-09-30,2320000.0,36437000.0,5009000.0,0.19,11906000.0,0.3267557702335538,161350000.0,96887000.0,54315000.0,56457000.0,64463000.0,29505000.0,2104000.0,72407369.0,95106369.0,8.082015519718718,0.962059620596206,0.12742485280446234,0.2122059719054156,0.025141468736674017,8.082015519718718,0.023945420954307597,1.9871934846447292,7.802518211206897,0.7473383322840009,0.0,0.8314184036603965,0.0,0.2258258444375581,0.24282197070336717,0.014378679888441277,308.1164638297872,0.3267557702335538,-0.24,-0.18476385223671118,-0.47653010963539294,0.6536208712435204,0.03710801393728223,-0.23482849604221637,-0.13697450034458994,3.6649405415205902,-0.508245022767913,0.38876799819745284,Auto Parts,Consumer Cyclical,MPAA
2009Q1,2009,Q1,2008-08-11,2008-06-30,3032000.0,32705000.0,5804000.0,0.25,11480000.0,0.3510166641186363,153758000.0,94669000.0,56450000.0,51118000.0,59089000.0,38725000.0,-216000.0,91132690.25,105669690.25,7.842969938002022,1.1043076802691811,0.08108846368969419,0.13170097920121687,0.032214567345705616,7.842969938002022,0.03202737960684068,2.786506352239719,7.514238971800792,0.9626455360255205,0.0,0.5480955455132344,0.0,0.21270437960951624,0.1984623811573223,0.019719299158417775,-7.570417864263167,0.3510166641186363,0.10414882912550305,1.955666604052784,-0.4156783300894222,0.6757249065639528,0.01718943824206982,0.10940358580314673,0.10468214693566806,2.532979730602717,0.05919807227538451,0.3982771226682061,Auto Parts,Consumer Cyclical,MPAA
2008Q4,2008,Q4,2008-06-16,2008-03-31,2733000.0,35894000.0,5254000.0,0.22641875207892265,11286000.0,0.3144258093274642,141408000.0,91093000.0,49960000.0,43096000.0,50315000.0,36831000.0,-3248000.0,72664741.1,75005741.1,7.546711812340029,1.159272322257286,0.012099739760126725,0.01878300198698034,0.03542693179988811,7.546711812340029,0.030002305336304654,2.0244258399732544,6.646975951335528,0.7976984082201706,0.0,0.668132822893758,0.0,0.25383288074224936,0.13606831260441804,0.01932705363204345,57.94636451355662,0.3144258093274642,15.922711842925228,-0.5339202317348458,-0.31212986104857393,0.6122543404340879,0.5072115384615384,15.934426229508198,5.239904988123516,0.09580182032528639,-0.03084365394179498,0.30785087815854734,Auto Parts,Consumer Cyclical,MPAA
2008Q3,2008,Q3,2008-02-11,2007-12-31,-183000.0,28182000.0,842000.0,-0.015172761791702523,7488000.0,0.265701511603151,134352000.0,88055000.0,48433000.0,38879000.0,46297000.0,35841000.0,-5981000.0,132189513.52000001,136341513.52,7.300751582340796,1.245736773065151,0.012854293199952365,0.019612742036227357,0.0040065561639030575,7.300751582340796,-0.0020782465504514225,4.690565379320134,-180.58676710382514,1.501215303162796,0.0,0.5773834435423119,0.0,0.20976241514826724,0.10388641683170863,-0.0013620936048588782,38.92506287396938,0.265701511603151,-1.379319044792563,-1.037486681399307,-0.5363220373885239,0.7372822897020507,-0.0918132201334142,-1.3927038626609443,-0.6560457516339869,-1.0565330465411105,-0.20935636271682273,0.31258229554723554,Auto Parts,Consumer Cyclical,MPAA
2008Q2,2008,Q2,2007-11-09,2007-09-30,466000.0,33819000.0,2448000.0,0.04,8245000.0,0.24379786510541412,133223000.0,87881000.0,48991000.0,37737000.0,45342000.0,29254000.0,-5797000.0,144518376.0,151989376.0,7.297148149519754,1.298221904231921,0.042012265149411136,0.0636883968093217,0.013035741823136425,7.297148149519754,0.005302625140815421,4.273289452674532,77.53131759656652,1.6444780555523948,0.0,0.8742052368906816,0.0,0.2538525629958791,0.28417733259135597,0.003497894507705126,-33.74232453887462,0.24379786510541412,-0.75,-0.8005037733092029,-0.4971639073101855,0.9213011666529494,-0.19166666666666668,-0.707286432160804,-0.41825095057034223,-0.8660865720322445,-0.09399634374242655,0.3765978854096751,Auto Parts,Consumer Cyclical,MPAA
2008Q1,2008,Q1,2007-08-09,2007-06-30,1592000.0,35441000.0,4208000.0,0.16,10200000.0,0.28780226291583194,130869000.0,87066000.0,47569000.0,36580000.0,43803000.0,29544000.0,-6263000.0,131229007.0,133995007.0,8.7909260793233,1.3004100601421542,0.012141912905271684,0.0182505225920566,0.02842534286604678,8.7909260793233,0.018284979211173134,3.702745605372309,20.607570194723618,1.5072359704132499,0.0,0.8543528296777687,0.0,0.2708127975303548,0.26440677966101694,0.012164836592317508,-10.61036602522639,0.28780226291583194,1.7090166263982103,-0.3507972265857071,-0.411509210188594,1.4397647199658183,2.0778515389257697,1.712304250559284,2.1920679886685552,13.297992059027012,-0.2957258356537562,0.6262761193641525,Auto Parts,Consumer Cyclical,MPAA
2007Q4,2007,Q4,2007-06-29,2007-03-31,-2235000.0,31399000.0,-3530000.0,-0.22566466573964092,3314000.0,0.10554476257205643,131986000.0,47828000.0,49508000.0,76670000.0,84158000.0,35730000.0,-7855000.0,142123490.6,169771490.6,4.829122878297784,0.6457284465892787,0.1846256421135575,0.5094923475788241,-0.11641270325311096,4.829122878297784,-0.04672994898385883,4.526369967196407,-15.897482170022371,2.971554123107803,0.0,0.7860341449762105,0.0,0.237896443562196,0.06700143472022956,-0.016933614171199977,-33.543424734481945,0.10554476257205643,0.09734133704143633,-1.268880918531725,-0.39512697607286995,0.43317359587518106,-0.4339880444064902,-0.050281954887218046,-36.5531914893617,-1.6572980761411429,-0.23470347772152822,-0.1033583281973278,Auto Parts,Consumer Cyclical,MPAA
2007Q3,2007,Q3,2007-02-20,2006-12-31,-2128000.0,33334000.0,-94000.0,-0.25,5855000.0,0.1756464870702586,125913000.0,50696000.0,90530000.0,68861000.0,75217000.0,73855000.0,-5620000.0,,,,,,,,,,,,,,,,,,,,,,,,,,,,,,,Auto Parts,Consumer Cyclical,MPAA
2007Q2,2007,Q2,2007-02-20,2006-09-30,-1762000.0,44165000.0,-1626000.0,-0.21,4947000.0,0.11201177402920864,126880000.0,52360000.0,92342000.0,67468000.0,74520000.0,62860000.0,-3492000.0,,,,,,,,,,,,,,,,,,,,,,,,,,,,,,,Auto Parts,Consumer Cyclical,MPAA
2007Q1,2007,Q1,2006-08-14,2006-06-30,1094000.0,27223000.0,2653000.0,0.13,7046000.0,0.25882525805385154,110916000.0,52758000.0,96706000.0,50491000.0,58158000.0,71650000.0,-1668000.0,,,,,,,,,,,,,,,,,,,,,,,,,,,,,,,Auto Parts,Consumer Cyclical,MPAA
