Quarters,Year,Quarter,FillingDate,Date,NetIncome,Revenue,OperatingIncome,EPSDiluted,GrossProfit,GrossProfitRatio,TotalAssets,CommonStockEquity,CurrentAssets,CurrentLiability,TotalLiability,Inventory,RetainedEarnings,MarketCap,EnterpriseValue,bookValuePerShare,currentRatio,debtToAssets,debtToEquity,roic,shareholdersEquityPerShare,roe,priceToSalesRatio,peRatio,pbRatio,payoutRatio,inventoryTurnover,dividendYield,assetTurnover,quickRatio,returnOnAssets,priceToFreeCashFlowsRatio,grossProfitMargin,epsdilutedGrowth,fiveYNetIncomeGrowthPerShare,fiveYRevenueGrowthPerShare,fiveYShareholdersEquityGrowthPerShare,grossProfitGrowth,netIncomeGrowth,operatingIncomeGrowth,threeYNetIncomeGrowthPerShare,threeYRevenueGrowthPerShare,threeYShareholdersEquityGrowthPerShare,Industry,Sector,Symbol
2023Q1,2023,Q1,2023-03-31,2023-03-31,21322000.0,227350000.0,34359000.0,0.12,55749000.0,0.2452122278,4502991000.0,3247713000.0,631691000.0,216542000.0,1259316000.0,218037000.0,-2571728000.0,1906447200.0,2158534200.0,17.648695793935442,2.917175420934507,0.11422718810674949,0.15837729503807757,0.005696095041847701,17.648695793935442,0.00656523529018728,8.38551660435452,22.353053184504265,0.5870122144413622,0.0,0.7870269724863211,0.0,0.05048866409015697,1.6645223559401872,0.004735074975721692,-56.011023298175516,0.24521222784253355,-0.9464285714285714,2.2572256988929733,0.4873911347366045,-0.23283540749694934,0.31735154422363476,-0.948105240100275,0.9086212643039663,1.4465131460768381,-0.04001712725959521,-0.15325010007487289,Gold,Basic Materials,EGO
2022Q4,2022,Q4,2022-12-31,2022-12-31,410870000.0,239882000.0,18002000.0,2.24,42319000.0,0.1764159045,4457916000.0,3204068000.0,632458000.0,210941000.0,1257048000.0,198872000.0,-2593050000.0,1536425880.0,1768045880.0,17.433973762535164,2.998269658340484,0.11470718604836878,0.15959555165495865,0.004885728525015633,17.433973762535164,0.12823385770838822,6.404923587430487,0.9348613186652712,0.4795234932591942,0.0,0.9934178768252947,0.0,0.053810345461870523,1.810496773979454,0.09216638447202684,157.7115458838021,0.17641590448637245,8.466666666666667,15.441192696254832,1.0433149732883154,-0.24014780446256373,0.13480102971146626,8.539314090683892,0.16972059779077323,3.0513558557353693,0.11146547368399536,-0.15645727122634712,Gold,Basic Materials,EGO
2022Q3,2022,Q3,2022-09-30,2022-09-30,-54497000.0,222072000.0,15390000.0,-0.3,37292000.0,0.167927519,4411673000.0,3160866000.0,568612000.0,157425000.0,1251255000.0,191683000.0,-2629252000.0,1108211490.0,1381945490.0,17.19890305414538,3.6119548991583295,0.11675752033298932,0.16296040388931388,0.00838958950929438,17.19890305414538,-0.01724116112483098,4.990325164811413,-5.083818788190176,0.35060375542651917,0.0,0.9639874167244878,0.0,0.05033736634605512,2.2752866444338573,-0.012352910109158136,-40.266386527141925,0.16792751900284592,-1.5,-5.65598444703031,0.9912023871195412,-0.26268688977339555,-0.3127672121480171,-1.5315650113810564,-0.5541456631322789,-2.2568771256558726,-0.26968221199307907,-0.1676253249807653,Gold,Basic Materials,EGO
2022Q2,2022,Q2,2022-07-29,2022-06-30,-21527000.0,216501000.0,34518000.0,-0.12,54264000.0,0.2506408746,4508925000.0,3224517000.0,646038000.0,185945000.0,1280845000.0,200143000.0,-2578766000.0,1174335030.0,1380279030.0,17.54581367635776,3.4743499421872057,0.11441795993501777,0.15999357423142752,-0.0158766450054853,17.54581367635776,-0.00667603861291474,5.424155223301509,-13.63793178334185,0.3641894367435495,0.0,0.8106054171267544,0.0,0.048016101398892196,2.3103821022345317,-0.004774308732125729,-18.54427928496984,0.25064087463799245,0.943127962085308,-3.2929075830918446,1.0413466557780613,-0.282529358657075,0.4451901565995526,0.9439713284784,4.077669902912621,-1.4361793781684127,-0.20414351096143316,-0.158353456320588,Gold,Basic Materials,EGO
2022Q1,2022,Q1,2022-04-29,2022-03-31,-384214000.0,192739000.0,6798000.0,-2.11,37548000.0,0.1948126741,4511393000.0,3254526000.0,681415000.0,188078000.0,1254532000.0,185707000.0,-2556048000.0,2044278020.0000002,2187647020.0,17.846514076397494,3.6230446942226098,0.11483060775241705,0.1591770967569471,0.001816379980093791,17.846514076397494,-0.11805528669919982,10.606457541026986,-1.3301688772402882,0.6281338726438198,0.0,0.8356766303908846,0.0,0.042722724444534094,2.565132551388254,-0.08516526935250376,-73.31102815133585,0.19481267413445125,-8.17391304347826,-54.2646627512696,0.35390937857175253,-0.2678990278211936,-0.528847842999473,-7.993352371143673,-0.886241172730011,-11.186040092953814,1.0496945795473631,-0.13288247472015535,Gold,Basic Materials,EGO
2021Q4,2021,Q4,2021-12-27,2021-12-15,-42722000.0,244631000.0,59758000.0,-0.23,79694000.0,0.3257722856,4930734000.0,3570365000.0,728235000.0,206650000.0,1290812000.0,178163000.0,-2239226000.0,1567219730.0,1605883730.0,19.56932698263057,3.524001935639971,0.105459146650377,0.14564085184567965,-0.01192036734501569,19.56932698263057,-0.011965723392426264,6.40646414395559,-9.171034420205046,0.4389522443783759,0.0,0.9257646088132777,0.0,0.04961350581880913,2.575552867166707,-0.008664430082823369,50.37348065055284,0.3257722856056673,-5.61847389558233,-0.3530882681977553,0.6753061285056897,-0.19443495859885784,0.027765956074850724,-5.663464687261216,0.10509477577438743,0.8391519992208509,1.285754657422548,-0.056490200837322806,Gold,Basic Materials,EGO
2021Q3,2021,Q3,2021-08-06,2021-09-30,9161000.0,238441000.0,54075000.0,0.0498,77541000.0,0.3251999446,4873070000.0,3629721000.0,778054000.0,181865000.0,1202151000.0,170687000.0,-2199224000.0,1410315310.0,1493308310.0,19.894659819015935,4.278195364693591,0.10718274106466766,0.14389783677588444,0.008020594595595848,19.894659819015935,0.002523885444638858,5.914734923943449,38.48693674271368,0.38854647781468604,0.0,0.9426611282640154,0.0,0.04893034575739729,2.950639210403321,0.0018799237441694866,47.98623035045934,0.3251999446403932,1.1556250000000001,2.1270707941014573,1.153630260469815,-0.14712040286061237,0.17655716561717624,1.1570116203338703,0.18075419787322314,1.57414071866613,0.2339562055246243,-0.038729078992590135,Gold,Basic Materials,EGO
2021Q2,2021,Q2,2021-05-07,2021-06-30,-58346000.0,229739000.0,45797000.0,-0.32,65905000.0,0.2868690122,4838615000.0,3676522000.0,673622000.0,234069000.0,1121515000.0,170754000.0,-2147004000.0,1806910049.9999998,1847021049.9999998,20.24527668103899,2.877877890707441,0.09296957910476449,0.12235585697569605,0.011063363636455402,20.24527668103899,-0.015869890075457183,7.865055780690261,-7.742219046721283,0.49147266084631075,0.0,0.959473862984176,0.0,0.04748032236497427,2.0504167574518624,-0.012058409276208172,-48.68671489774472,0.28686901222691835,-7.3999999999999995,-6.2927003056437405,0.6934827838791988,-0.1715204029790605,0.10301255230125524,-8.058553109121704,-0.047483361064891844,-1.1143248137600013,0.3104365812265271,-0.11482582619645419,Gold,Basic Materials,EGO
2021Q1,2021,Q1,2021-02-23,2021-02-22,8266000.0,224619000.0,48080000.0,0.05,59750000.0,0.2660059924,4908641000.0,3637789000.0,779332000.0,244557000.0,1227750000.0,170523000.0,-2117060000.0,2195637720.0,2181635720.0,20.842867292332727,3.186709028978929,0.10530429909215198,0.1420920784575466,0.0030450080489494357,20.842867292332727,0.002272259331148673,9.774942101959319,66.40568957173966,0.6035637910829902,0.0,0.9668431824445969,0.0,0.04575991603378613,2.465654223759696,0.0016839691474687189,93.64658022690438,0.2660059923693009,-0.6153846153846154,2.7435318127271326,0.12375621503494137,-0.20656435762145417,-0.36219043552519214,-0.6373607089584978,-0.31132278163718397,0.3313746971342345,0.5493934079163719,-0.09398915480133355,Gold,Basic Materials,EGO
2020Q4,2020,Q4,2020-11-04,2020-11-03,22794000.0,281060000.0,69815000.0,0.13,93680000.0,0.3333096136,4898975000.0,3615577000.0,766232000.0,262037000.0,1242525000.0,176271000.0,-2125326000.0,2270115320.0,2345241320.0,20.800456789129107,2.924136667722497,0.10759148597410682,0.1457825403801385,0.021538871584887015,20.800456789129107,0.006304387930335878,8.076977584857326,24.898167500219355,0.6278708267034557,0.0,1.0630222781966403,0.0,0.05737118478865477,2.1556230608654503,0.0046528100265871945,47.617471158283344,0.3333096136056358,-0.43478260869565216,1.013968872776505,0.1628655523336278,-0.20540488761429027,-0.10500520679080165,-0.4441707917774147,-0.24236833823481535,1.8470709125021287,1.531263123648548,-0.09342109982027422,Gold,Basic Materials,EGO
2020Q3,2020,Q3,2020-09-09,2020-09-30,41009000.0,287595000.0,92149000.0,0.23,104671000.0,0.3639527808,4916664000.0,3591589000.0,756313000.0,424068000.0,1282356000.0,169206000.0,-2148120000.0,1833822100.0000002,1945736100.0000002,20.66245354443051,1.7834710470962205,0.11449084175774468,0.1567309065708799,0.01098159112794659,20.66245354443051,0.011418065931263294,6.376404666284185,11.179388061157308,0.5105879598138875,0.0,1.081072775197097,0.0,0.05849393003060612,1.3699194468811606,0.00834081808315557,18.0226444948944,0.3639527808202507,-0.11538461538461538,0.6302890264813512,1.0401097677721243,-0.15951764837533539,0.2514466762314682,-0.10103467929326143,0.2710732857911362,6.295652463686168,1.7264875918655171,-0.11420525833565702,Gold,Basic Materials,EGO
2020Q2,2020,Q2,2020-05-01,2020-06-30,45618000.0,251445000.0,72497000.0,0.26,83640000.0,0.3326373561,4882225000.0,3541219000.0,712049000.0,378783000.0,1295582000.0,162785000.0,-2189129000.0,1647709899.9999998,1831071899.9999998,20.847009719368682,1.8798335722564106,0.12675183958133843,0.17475084144753544,0.011245354178890164,20.847009719368682,0.012882004755989392,6.552963471136828,9.02993281160945,0.4652945497016705,0.0,1.0308382221949197,0.0,0.05150213273661087,1.3656816699799093,0.009343690632856946,26.291005552718914,0.3326373560818469,8.85498489425982,1.1947924740250397,-0.00952423111437984,-0.41046999769245374,0.5385181370024281,9.335099579755163,1.1667413849786306,4.256799605520401,1.5649682874912623,-0.14753925299048853,Gold,Basic Materials,EGO
2020Q1,2020,Q1,2020-02-21,2020-02-20,-5473000.0,208089000.0,33459000.0,-0.0331,54364000.0,0.2612535982,4812011000.0,3430797000.0,621287000.0,364225000.0,1322503000.0,165579000.0,-2234747000.0,1242386720.0,1591288720.0,20.766153585415015,1.7057780218271672,0.13667508241356888,0.19169947974187923,-0.002795869055986593,20.766153585415015,-0.001595256146020881,5.970458409622806,-56.750718070528045,0.3621277271724325,0.0,0.9284087958013999,0.0,0.04324366673309766,1.1734751870409774,-0.0011373623210753259,174.15008690776563,0.2612535982199924,-1.0601818181818181,0.2710430069883054,-0.2425349992902438,-0.43438378234576264,0.212534850005576,-1.0600326872662258,0.2888178421478371,-1.8375038857684303,0.6134834126062176,-0.14812936782970856,Gold,Basic Materials,EGO
2019Q4,2019,Q4,2019-11-04,2019-12-31,91167000.0,194015000.0,25961000.0,0.55,44835000.0,0.2310903796,4648920000.0,3414509000.0,435860000.0,221723000.0,1175107000.0,163234000.0,-2229867000.0,1326644330.0,1653690330.0,20.66756450841651,1.9657861385602757,0.10858177813341593,0.14783618962492118,0.005925067921707983,20.66756450841651,0.026699885693667817,6.8378441357626984,3.6379510403983897,0.3885315077511876,0.0,0.9139027408505581,0.0,0.04173334882080139,1.1200732445438677,0.0196103611161302,-839.1172232764073,0.23109037960982398,27.795811518324612,4.683040884112016,-0.35023518219317296,-0.4382162018725603,0.04267441860465116,28.49433840181171,-0.16999168744804655,4.188672992554455,0.4672893365855964,-0.14922636462353686,Gold,Basic Materials,EGO
2019Q3,2019,Q3,2019-08-07,2019-08-06,3091000.0,167830000.0,31278000.0,0.0191,43000000.0,0.2562116427,4497687000.0,3279562000.0,379910000.0,168068000.0,1159009000.0,151459000.0,-2321034000.0,1358019340.0,1738078340.0,20.696204768335626,2.2604541019111313,0.11339984307489605,0.155519852955974,0.0013347315483637975,20.696204768335626,0.0009425039075339938,8.09163641780373,109.83656907149789,0.41408558216005675,0.0,0.8241834423837474,0.0,0.037314735329514924,1.2016683723254873,0.0006872421313443999,82.050591505045,0.25621164273371866,-0.6706896551724139,1.0292309080879136,-0.2823707077415987,-0.402382017327068,0.29874052372466703,-0.663363101720758,0.23516171069778463,-0.8652080237361677,0.30593453881776816,-0.1581447568173708,Gold,Basic Materials,EGO
2019Q2,2019,Q2,2019-05-03,2019-05-02,9182000.0,175193000.0,25323000.0,0.058,33109000.0,0.1889858613,4477123000.0,3273647000.0,352059000.0,160334000.0,1143219000.0,132318000.0,-2325267000.0,650908920.0,1043821920.0,20.67061728083247,2.195785048710816,0.1134706372820224,0.15518533305515225,0.0035523596384072105,20.67061728083247,0.0028048228779706547,3.71538200727198,17.722416684818125,0.1988329590820269,0.0,1.0738070406142777,0.0,0.03913070960972035,1.2852981900283158,0.0020508706149015787,-105.10397545616019,0.188985861307244,1.3411764705882352,-0.5803314790853792,-0.3986095972346104,-0.43655491614334346,2.4658222547890714,1.3354522870086218,2.883170967502045,-0.04492262884040521,0.4808049604184578,-0.15411456485368785,Gold,Basic Materials,EGO
2019Q1,2019,Q1,2019-03-26,2019-03-31,-27372000.0,81635000.0,-13447000.0,-0.17,9553000.0,0.1170208856,4574908000.0,3258410000.0,437776000.0,110071000.0,1253491000.0,140889000.0,-2337418000.0,699765560.0,1095734560.0,20.58142472744729,3.9772147068710195,0.13481123554834326,0.1892791269361437,-0.004427794617490927,20.58142472744729,-0.008400416153891008,8.571881668402034,-6.391253470699985,0.21475675559552052,0.0,0.5116226249032927,0.0,0.017844074678660206,2.6945971236747193,-0.005983071134982387,-10.153449121432406,0.11702088564953758,0.8835616438356165,-1.7920466363630136,-0.7360848173769446,-0.4327744191475968,-0.11258708778448677,0.8812381225106084,-1.0421105703888816,-5.3709574517211855,-0.33945798945775707,-0.1557073282049794,Gold,Basic Materials,EGO
2018Q4,2018,Q4,2018-11-26,2018-12-31,-230478000.0,92870000.0,319326000.0,-1.46,10765000.0,0.1159147195,4628926000.0,3283672000.0,514698000.0,141702000.0,1281840000.0,137885000.0,-2310453000.0,455955840.0,772158840.0,20.74098965373489,3.632256425456239,0.13016302269684155,0.1834881803054629,0.0545955872448689,20.74098965373489,-0.07018910536740576,4.909613868848929,-0.4945763153099211,0.13885547643004537,0.0,0.5954599847699169,0.0,0.02006296925031854,2.5459838252106533,-0.049790815407288865,-4.088373369199731,0.11591471950037686,-0.7590361445783133,0.6969920062974683,-0.6374091046367563,-0.4310302402561507,1.2677480514008848,-0.7635203378936737,2.477322472803302,0.844923945707362,-0.5781283350490396,-0.20767658268381972,Gold,Basic Materials,EGO
2018Q3,2018,Q3,2018-08-02,2018-08-01,-130692000.0,81070000.0,91831000.0,-0.83,4747000.0,0.0585543358,4926567000.0,3501568000.0,593798000.0,93851000.0,1349273000.0,144463000.0,-2092287000.0,807859380.0,1031057380.0,22.10532828126598,6.327029014075503,0.12210165821351866,0.17179217996052054,0.022461135352887983,22.10532828126598,-0.03732385034361749,9.964960897989393,-1.5453497153613074,0.2307136060187893,0.0,0.5283221309262579,0.0,0.01645567795992625,4.784562764381839,-0.026528006216093275,-14.098767539267016,0.05855433575922043,-4.533333333333333,-4.242481361460629,-0.7450569065035226,-0.4632439085069281,-0.8554726746841224,-4.420655329738698,9.694188890182835,-0.23637963671515352,-0.6532230096280656,-0.361692549834804,Gold,Basic Materials,EGO
2018Q2,2018,Q2,2018-05-18,2018-06-30,-24110000.0,153171000.0,8587000.0,-0.15,32845000.0,0.2144335416,5062196000.0,3628827000.0,665425000.0,92572000.0,1355216000.0,147866000.0,-1964242000.0,788150504.5,959860504.5,22.871517583987032,7.188188653156462,0.11751421715002738,0.16393176086928365,0.019366571550672257,22.871517583987032,-0.0066440202302286665,5.145559567411586,-8.172444053297388,0.2171915344820792,0.0,0.813750287422396,0.0,0.030257816963230977,5.587629088709329,-0.004762755136308432,-22.03137766254822,0.21443354159729974,-5.213483146067415,-2.0999512443197594,-0.4751642494233119,-0.376562200927191,-0.07431937320331436,-5.2680120375287665,-0.6058116048475946,0.8897773425049517,-0.3540258580145286,-0.35321919087812065,Gold,Basic Materials,EGO
2018Q1,2018,Q1,2018-03-13,2018-03-12,5649000.0,131905000.0,21784000.0,0.0356,35482000.0,0.2689966264,5088531000.0,3653260000.0,724001000.0,103958000.0,1357399000.0,180268000.0,-1939851000.0,881352210.0,1021484210.0,23.005096906717917,6.964360607168279,0.11679834514125982,0.162685382370814,0.0022752842985571766,23.005096906717917,0.0015462901627587415,6.681719495091164,39.004788900690386,0.24125088551047558,0.0,0.5348869461024697,0.0,0.025922019537662246,5.227255237692145,0.001110143575817854,-23.33162700198544,0.2689966263598802,1.2373333333333334,1.1156146873472583,-0.6488963540683538,-0.4367678824086756,0.4288245479805098,1.2297835990888382,15.415975885455916,1.78276334126669,-0.5004750890843276,-0.3734007674735718,Gold,Basic Materials,EGO
2017Q4,2017,Q4,2017-11-09,2017-12-31,-24584000.0,101441000.0,1327000.0,-0.15,24833000.0,0.2448023975,5090326000.0,3643542000.0,737517000.0,114140000.0,1366844000.0,168844000.0,-1948569000.0,1135435730.0,1249717730.0,22.94390128096462,6.461512178026984,0.11664930694026276,0.162968616802002,0.00037788129317290836,22.94390128096462,-0.00674728053086804,11.193065230035193,-11.54649090872112,0.3116296532330354,0.0,0.45372059415792093,0.0,0.019928193204128773,4.815279481338707,-0.00482955315632044,-12.99988241624877,0.2448023974527065,-2.3632286995515694,-1.1923981244602144,-0.7391620505594263,-0.4470278462279081,-0.18269483938915218,-2.512,-0.8004211159572868,-2.5943295992582214,-0.6465590618931184,-0.3763410294312955,Gold,Basic Materials,EGO
2017Q3,2017,Q3,2017-08-03,2017-09-30,-7000000.0,95349000.0,6649000.0,-0.0446,30384000.0,0.3186609194,5102412000.0,3665151000.0,802949000.0,102967000.0,1356149000.0,169202000.0,-1927764000.0,1728366200.0,1781813200.0,23.326457668519552,7.798119785950838,0.11626560144496367,0.16185826995940958,-0.12144142039834914,23.326457668519552,-0.001909880384191538,18.126736515327902,-61.72736428571429,0.47156752886852416,0.0,0.38394936230068205,0.0,0.01868704448013998,6.151893325045888,-0.0013719001915172668,-18.139482798429924,0.318660919359406,-1.8745098039215686,-1.0837373069228424,-0.6930533071831346,-0.4281404401923924,0.0950373013298735,-1.9557618787547788,0.822143052891203,0.9332389135212459,-0.5888230516154981,-0.32643154960979504,Gold,Basic Materials,EGO
2017Q2,2017,Q2,2017-05-04,2017-06-30,7324000.0,82736000.0,3649000.0,0.051,27747000.0,0.3353679172,4790893000.0,3506000000.0,1007643000.0,80995000.0,1200960000.0,148111000.0,-1923585000.0,1892415360.0,2001759360.0,24.4550963695412,12.44080498796222,0.12371096578445814,0.16904905875641757,0.0014080003724074846,24.4550963695412,0.0020889903023388477,22.87293753625991,64.59637356635717,0.5397647917855105,0.0,0.37126884566305,0.0,0.017269431815738735,10.608951169825298,0.0015287337872083556,-17.204245206687457,0.33536791723070974,0.291139240506329,-0.8440914109384788,-0.6637238219431253,-0.3975399978561127,-0.35663606010016696,0.2919386135120833,-0.7719660042494688,-0.6302115778681796,-0.6862598266897573,-0.33339659684784073,Gold,Basic Materials,EGO
2017Q1,2017,Q1,2017-02-07,2017-03-31,5669000.0,111880000.0,16002000.0,0.0395,43128000.0,0.3854844476,4821163000.0,3493729000.0,1098345000.0,104397000.0,1239813000.0,126913000.0,-1934800000.0,2443606000.0,2392833000.0,24.377121127546747,10.520848300238512,0.12275979882862288,0.16940209157607816,0.0013501865088511391,24.377121127546747,0.0016226215599435445,21.84131212012871,107.76177456341507,0.6994263149774926,1.8715822896454402,0.5417254339586961,0.004341943832188986,0.02320601896264449,9.302834372635228,0.001175857360558023,-985.7224687373941,0.38548444762245265,1.2323529411764707,-0.9282780133438535,-0.6463233759829117,-0.47579702064869606,-0.002682453057071501,1.228496573962112,0.5919220055710307,-0.8187933318703152,-0.6004566274196462,-0.3281647468922772,Gold,Basic Materials,EGO
2016Q4,2016,Q4,2016-11-22,2016-12-31,-24810000.0,114741000.0,10052000.0,-0.17,43244000.0,0.37688359,4797919000.0,3482678000.0,1092175000.0,90705000.0,1226455000.0,120830000.0,-1928024000.0,2308149419.8,2016567419.8000002,24.292671574467885,12.040956948349043,0.12330116452570375,0.16986612026721964,-0.007440262540960511,24.292671574467885,-0.007123828272381196,20.116169632476623,-23.258256950826283,0.662751313730411,0.0,0.5917156335347182,0.0,0.023914743037554406,10.563993164654649,-0.005170991840420816,-54.50561833896144,0.3768835899983441,-2.1333333333333333,-1.2396402404284979,-0.6754161686223489,-0.08174067320995525,-0.11967917268896444,-2.1962391513982644,-0.6784903246441708,0.9639800069569222,-0.5052881299044736,-0.3335999998065522,Gold,Basic Materials,EGO
2016Q3,2016,Q3,2016-08-23,2016-08-22,20740000.0,116231000.0,31265000.0,0.15,49123000.0,0.4226325163,5080241000.0,3523321000.0,1414234000.0,302574000.0,1405889000.0,120662000.0,-1895475000.0,2909343220.0,3146085220.0,24.58404213305572,4.674010324747004,0.11830934792266745,0.17058905504210375,0.004471933335733332,24.58404213305572,0.005886491750254944,25.030699383124983,35.06922878495661,0.8257389037218011,0.0,0.5561651555585022,0.0,0.022879032707306603,1.5554971676350249,0.004082483488480173,-113.21723236175428,0.4226325162822311,1.471169686985173,-0.8449225090833504,-0.7268764531707075,-0.1477884274155828,0.17990536353373526,1.3839080459770114,0.732037006260041,-0.4312729152890033,-0.5960089651754739,-0.40305639434347845,Gold,Basic Materials,EGO
2016Q2,2016,Q2,2016-05-09,2016-06-30,8700000.0,107063000.0,18051000.0,0.0607,41633000.0,0.3888645003,5151724000.0,3502199000.0,1558965000.0,381361000.0,1482059000.0,117476000.0,-1916215000.0,3224641500.0,3719481500.0,24.4366629592778,4.087898343039797,0.12044356413503518,0.17717211386331844,0.002641645116372594,24.4366629592778,0.0024841535275408394,30.119102771265517,92.66211206896551,0.920747650262021,0.0,0.5569648268582519,0.0,0.02078197512133802,0.5815513384955462,0.001688755065294647,-54.57908500050777,0.3888645003409208,3.2316176470588234,-0.8147387582479493,-0.564704073242917,-0.397994111478034,0.09046858220487702,3.234780375032109,0.29009433962264153,-0.5605921220758422,-0.5938760209207808,-0.3338990595585821,Gold,Basic Materials,EGO
2016Q1,2016,Q1,2016-02-26,2016-02-25,-3893000.0,164132000.0,13992000.0,-0.0272,38179000.0,0.2326115566,5450640000.0,3764824000.0,520451000.0,220875000.0,1517476000.0,181466000.0,-1586351000.0,2128263390.0,2487249390.0,26.269134103744555,2.3563146576117715,0.10823389546915592,0.15669895857017485,-0.008686337213218553,26.269134103744555,-0.001034045681816733,12.966779116808423,-136.67244991009503,0.5653022266113901,0.0,0.694085944474447,0.0,0.03011242716451646,1.5335597057159027,-0.0007142280539532973,-34.31852600177376,0.23261155655204346,0.9971033013844515,-1.0567693172584074,-0.4240874728156696,-0.03602411083763507,0.3017491220293907,0.9971064496516293,6.82988248461108,0.911715709327688,-0.5159113095672785,-0.35685469665542124,Gold,Basic Materials,EGO
2015Q4,2015,Q4,2015-11-03,2015-12-31,-1345406000.0,199280000.0,1787000.0,-9.39,29329000.0,0.1471748294,5464323000.0,3751681000.0,572244000.0,236819000.0,1542887000.0,175626000.0,-1583873000.0,2128263390.0,2429469390.0,26.177428560663255,2.416377064340277,0.10786240125263459,0.15710157659992946,0.0003371154417575086,26.177428560663255,-0.35861417855089495,10.679764100762746,-0.3954686150500295,0.5672826101153057,0.0,0.9676870167287304,0.0,0.03646929363436239,1.5165041656286025,-0.24621641143834286,-22.105167170410994,0.14717482938578885,-13.014925373134329,-13.999464593289304,-0.43608832093725736,-0.010497142995452523,-0.38878816296759405,-13.067692758108702,-0.9448269474204205,-12.66700115733937,-0.43222199561931623,-0.36909643769194034,Gold,Basic Materials,EGO
2015Q3,2015,Q3,2015-08-20,2015-08-19,-95638000.0,211516000.0,32389000.0,-0.67,47985000.0,0.2268622705,7108231000.0,4963248000.0,676622000.0,220151000.0,1845266000.0,197126000.0,-367996000.0,2780357560.0,2984903560.0,34.6311613244449,3.0734450445376127,0.08284002025257761,0.118641260722817,-0.07918238447076038,34.6311613244449,-0.01926923659668024,13.144904215283951,-7.2679205964156495,0.5601891261528741,-0.0573935046738744,0.8295760072238061,0.0019742065117696593,0.029756489343129112,2.176860427615591,-0.01345454305016255,-68.79689117632503,0.22686227046653681,0.5144927536231884,-2.4941897517441367,-0.15306951882712755,0.2967378306954101,-0.16939294801890223,0.5159652807652403,-0.8879327645027576,-2.2542831661298806,-0.25349245860487346,-0.151000081021723,Gold,Basic Materials,EGO
2015Q2,2015,Q2,2015-05-01,2015-06-30,-197585000.0,214185000.0,289014000.0,-1.38,57771000.0,0.2697247706,7145234000.0,5068002000.0,765385000.0,231987000.0,1772334000.0,219485000.0,-266416000.0,2966670180.0,3117021180.0,35.36208443636293,3.299258148085884,0.08347900152745172,0.117694704935002,0.045788946995758244,35.36208443636293,-0.038986764409327385,13.850970796274249,-3.7536632082394914,0.5853727326863722,0.0,0.7126409549627537,0.0,0.029975925211126745,2.352036967588701,-0.027652698288117648,-79.0880056516755,0.26972477064220185,-29.396475770925104,-3.021899550619679,-0.34733407690246637,0.26337648396055646,-0.14269814652677817,-29.337018271150008,4.746604895313463,-5.207453155353902,-0.12916826473696966,-0.12884246525080367,Gold,Basic Materials,EGO
2015Q1,2015,Q1,2015-02-20,2015-02-19,-6513000.0,238311000.0,50293000.0,-0.0454,67387000.0,0.2827691546,7381647000.0,5261756000.0,800201000.0,184989000.0,1814381000.0,214148000.0,-67816000.0,3597246660.0,3755680660.0,36.7142117521627,4.325668012692646,0.08183024736891374,0.11479855774384065,-0.002109158147166941,36.7142117521627,-0.0012377997003281795,15.094757103113158,-138.07948180561954,0.6836589648018646,-0.8856133886074006,0.7981582830565777,0.0016034485664099553,0.03228425851303916,3.1666963981642153,-0.0008823234164408025,-55342.25630769231,0.2827691545921086,-1.4675592173017509,-1.0925337613300943,-0.017714002211265272,0.4591249975027693,-0.12985034154152086,-1.4680224202357,0.061100913559929956,-1.0824019017519604,-0.24663005453264675,-0.2105015565898703,Gold,Basic Materials,EGO
2014Q4,2014,Q4,2015-02-20,2014-12-31,13916000.0,259022000.0,47397000.0,0.0971,77443000.0,0.2989823258,7393640000.0,5272500000.0,847234000.0,201055000.0,1815726000.0,223412000.0,-53804000.0,4356824640.0,4461854640.0,36.7891786436463,4.213941458804805,0.0816301578113081,0.11447017543859649,0.003011672974566307,36.7891786436463,0.0026393551446183025,16.820288006424164,78.27006036217304,0.826329945945946,0.0,0.8127540150036704,0.0,0.035033082487110546,2.9061003208077394,0.001882158179191846,-71.77753570899026,0.2989823258256055,0.0,-0.6861394649403532,0.33948527375109017,0.49911643240686837,0.0,0.0,0.0,-0.8655412871091804,-0.2670295750760164,0.3906254119031911,Gold,Basic Materials,EGO
2014Q2,2014,Q2,2014-08-01,2014-07-31,19791000.0,263510000.0,64043000.0,0.15,93089000.0,0.3532655307,7347523000.0,5255537000.0,872875000.0,193140000.0,1779267000.0,224769000.0,-67720000.0,5314827280.0,5370117280.0,36.68612589419839,4.519390079734907,0.08094959348885332,0.11317187948633983,0.0039007551674412363,36.68612589419839,0.003765742682431881,20.169357064248036,67.13692183315648,1.0112814884568408,0.33075640442625437,0.7582050905596412,0.0012316486792774948,0.03586378702046935,3.3542715128922027,0.0026935608095408478,-117.88721675095377,0.3532655307198968,-0.25000000000000006,-0.868688703674118,-0.48911863751122775,0.42403461696909606,-0.06455437982977098,-0.36705257771523603,-0.13147902031516992,-0.5783843416115835,0.0718301533044262,-0.09622423273712356,Gold,Basic Materials,EGO
2014Q1,2014,Q1,2014-02-19,2014-03-31,31268000.0,279870000.0,73738000.0,0.2,99513000.0,0.3555686569,7281887000.0,5197497000.0,942550000.0,201709000.0,1771887000.0,229523000.0,-118597000.0,3996490860.0,3984118860.0,36.284373311440525,4.6728207467192835,0.08264478698996565,0.11578842662150647,0.006175991075135506,36.284373311440525,0.006015972688392124,14.27981155536499,31.95352165152872,0.7689260542141727,0.20672892413969554,0.7857905307964779,0.0016174189373724729,0.038433719171967376,3.533630130534582,0.004293941941147947,-363.54870008187027,0.35556865687640693,1.0416666666666667,0.23628546262715466,1.7580591353443735,2.2699322953652765,0.23092622829152443,1.0454339385767093,1.3289851868229052,-0.6041978620520908,-0.11479792110440055,-0.21974475598521076,Gold,Basic Materials,EGO
2013Q4,2013,Q4,2013-11-08,2013-12-31,-688208000.0,231741000.0,31661000.0,-4.8,80844000.0,0.3488549717,7235242000.0,5221736000.0,961804000.0,227808000.0,1740378000.0,244042000.0,-143401000.0,4075274730.0,4087502730.0,36.45358878663868,4.221993959825818,0.08312202964323792,0.11517395747314686,0.004810817430178348,36.45358878663868,-0.13179678175993578,17.58547140989294,-1.4803935474449585,0.7804444211656814,-1.4530490781856648e-06,0.6183238950672425,2.45382229727614e-07,0.03202947461881717,2.9738507866273354,-0.09511886402693925,-41.75400842195857,0.3488549717141119,-20.2,-4.528432721966222,0.6067006665849569,2.405520763760389,-0.3585845763249762,-19.901620433946718,-0.6771295418158085,-7.652978531725496,-0.34389318106522165,0.3779401658515685,Gold,Basic Materials,EGO
2013Q3,2013,Q3,2013-08-05,2013-08-02,36410000.0,287254000.0,98061000.0,0.25,126040000.0,0.4387754392,8027026000.0,5892977000.0,1048956000.0,231779000.0,1856572000.0,220888000.0,544148000.0,5265778387.2,5200722387.2,41.18319033842078,4.52567316279732,0.07484515435729247,0.10194915065848721,0.007567973457729132,41.18319033842078,0.00617854099888732,18.331436245274215,36.15612734962922,0.893568460762701,0.9532546003845097,0.7298449893158524,0.00659123826486277,0.035785856430513616,3.5715358164458384,0.004535926506280159,4366.317070646766,0.4387754391583755,-0.16666666666666663,0.08579638822036334,1.2452421273544552,3.4366973588861853,0.0906699434070023,-0.15861718352821555,0.2693487631548289,-0.4302555430533807,0.15200611747280388,0.5420736370993164,Gold,Basic Materials,EGO
2013Q2,2013,Q2,2013-05-06,2013-05-03,43274000.0,266929000.0,77253000.0,0.3,115562000.0,0.4329316035,8001399000.0,5883055000.0,1068959000.0,215394000.0,1832042000.0,217109000.0,542446000.0,5369935380.0,5444374380.0,41.13805839689639,4.962807691950565,0.07456158604264079,0.10140938678968665,0.007666937873668892,41.13805839689639,0.0073557020969547285,20.117467116723923,31.022873896566065,0.9127800742981325,0.0,0.6971935755772446,0.0,0.03336029111909055,3.9536338059555978,0.005408304222799038,-56.46916641253483,0.4329316035350224,1.967741935483871,-0.1698493985490474,0.5608048532642729,4.600868136549174,-0.3225587093899851,1.9842157933042213,-0.43640568460371193,-0.7123810355157533,-0.4815882391302938,0.5968439785935784,Gold,Basic Materials,EGO
2013Q1,2013,Q1,2013-02-19,2013-02-15,-43968000.0,338068000.0,137072000.0,-0.31,170586000.0,0.5045907924,7978820000.0,5836753000.0,1128617000.0,240555000.0,1856472000.0,203883000.0,499172000.0,7187910240.0,7115057240.0,40.84478883253278,4.6917212279935985,0.07466793335355354,0.10207079175699228,-0.007360898649697087,40.84478883253278,-0.007532955394891646,21.261729119585407,-40.870122816593884,1.2314912486445801,-1.142671943231441,0.821461328310845,0.006989653226387536,0.04237067636567813,3.8430837022718296,-0.005510589285132388,109.10941801511886,0.504590792384964,-1.3875,-2.0224175351394393,1.2479661303689376,4.934549348545015,-0.054726202746284536,-1.382390287175384,-0.0786686024627628,-1.6264951094073667,0.3975255774890366,0.6232856313402902,Gold,Basic Materials,EGO
2012Q4,2012,Q4,2012-11-26,2012-12-31,114982000.0,349962000.0,148776000.0,0.8,180462000.0,0.5156617004,7928129000.0,5929235000.0,1152162000.0,234908000.0,1714794000.0,220766000.0,594876000.0,9202811520.0,8979283520.0,41.49196505547904,4.904737173702045,0.07483669854514224,0.10006602875413101,0.01821996649777698,41.49196505547904,0.019392383671755293,26.296602259673907,20.009243881651045,1.5521077373387968,0.0,0.7677812706666788,0.0,0.044141814544137715,3.856296933267492,0.01450304353019483,-10457.740363636363,0.5156617004131877,0.45454545454545453,7.088243697752868,3.951751133515569,5.365566069910749,0.21816905401574166,0.5160129210890633,0.2843897301310496,1.6008420949451296,0.8150308754930576,0.6907495334436531,Gold,Basic Materials,EGO
2012Q3,2012,Q3,2012-10-26,2012-09-30,75845000.0,281839000.0,115834000.0,0.55,148142000.0,0.5256263328,7366062000.0,5815009000.0,582865000.0,260154000.0,1232496000.0,216216000.0,479894000.0,10962694820.0,10786851820.0,40.790535488061685,2.240461419005666,0.012972739029348382,0.01643299262305527,0.013615496431541464,40.790535488061685,0.013042972074505818,38.8970114852806,36.13519289340102,1.8852412472620421,0.5704001582174171,0.6183492433492433,0.003946292468260099,0.03826182836907971,1.2679220769236683,0.01029654651291287,-2097.72193264447,0.5256263327644506,0.5714285714285716,1.270274880169353,1.2111691219797867,3.3943963442434026,0.18932241490044957,0.626737302676733,0.3170437748720864,0.38179897297076204,0.8744024860727986,1.59641837842056,Gold,Basic Materials,EGO
2012Q2,2012,Q2,2012-05-17,2012-06-30,46624000.0,244191000.0,87950000.0,0.35,124560000.0,0.5100925096,7295705000.0,5775837000.0,656452000.0,231828000.0,1203839000.0,218406000.0,447311000.0,8765051680.0,8570466680.0,40.59206633223182,2.8316337974705386,0.016448718800993186,0.020777075253335577,0.008556141445601979,40.59206633223182,0.008072249961347594,35.894245406259856,46.998604152367875,1.51753792220937,0.0,0.5477459410455757,0.0,0.03347051450134017,1.6434037303518125,0.006390609269426327,-56.330304303956915,0.5100925095519491,-0.3636363636363637,-0.10107237794732554,0.4350526996674772,4.526532359000198,-0.18536055774286797,-0.31284726827902315,-0.13510802545014702,-0.3768152161740458,-0.03919939137833556,2.5133362823948855,Gold,Basic Materials,EGO
2012Q1,2012,Q1,2012-03-31,2012-03-31,67851000.0,271549000.0,101689000.0,0.55,152902000.0,0.5630733311,7292793000.0,5721262000.0,706283000.0,307407000.0,1248984000.0,200489000.0,400687000.0,8452119780.0,8140955780.0,46.50320980188475,2.297550153379721,0.010384498778451549,0.013236939682189,0.012752149923284306,46.50320980188475,0.011859446394868824,31.125578735329537,31.142207852500334,1.4773173785783626,0.7351402337474761,0.5917880781489259,0.005901478125999771,0.03723525403778772,1.4610304905223368,0.009303842848686367,274.76739312766165,0.5630733311483379,-0.23611111111111102,1.9931997446913328,2.4658351372492637,6.6962862939368994,0.05110402287788379,-0.23630776849830043,-0.286197626016945,2.123493645175459,2.1157395594748243,3.1908494950189614,Gold,Basic Materials,EGO
2011Q4,2011,Q4,2011-12-31,2011-12-31,88846000.0,303363000.0,142461000.0,0.72,145468000.0,0.4795179373,3960405000.0,3254759000.0,658159000.0,249398000.0,649159000.0,164057000.0,382716000.0,8433665370.0,8120933370.0,26.45513186279052,2.6389906895805098,0.020460281208613765,0.024896159746389826,0.029065787992328097,26.45513186279052,0.027297259182630727,27.800573471385764,23.731134125340475,2.5911796756687666,0.0,0.9624398836989583,0.0,0.07659898419479826,1.6706108308807608,0.022433564244060896,110.72452171515597,0.4795179372566859,-0.24210526315789474,8.231305502279223,3.6245668225129286,3.563068386391625,-0.2766852466026562,-0.1330236733737973,-0.1880065661229096,-0.46964615846263696,1.4488400672218502,1.4714576497273186,Gold,Basic Materials,EGO
2011Q3,2011,Q3,2011-09-30,2011-09-30,102478000.0,326087000.0,175446000.0,0.95,201113000.0,0.6167464511,3871484000.0,3167929000.0,615233000.0,253266000.0,654249000.0,160564000.0,293870000.0,9411316900.0,9159715900.0,28.84734603931996,2.429196970773811,0.027106401576243114,0.033126373728704146,0.034153178023075645,28.84734603931996,0.032348578519278685,28.86136797848427,22.959359325904096,2.9708105516253682,0.3261773258650637,0.7783438379711517,0.0035516814867853404,0.08422790847127355,1.576413731017981,0.026469953123918373,96.42742725409836,0.6167464511004732,0.35714285714285715,11.237132897760388,6.058675082110737,4.05028634987926,0.43512730490380774,0.36883724036599214,0.5218590611012803,1.423650315756904,1.8152479882663135,0.8362048580379408,Gold,Basic Materials,EGO
2011Q2,2011,Q2,2011-05-04,2011-05-03,74865000.0,251410000.0,115284000.0,0.7,140136000.0,0.5574002625,3765479000.0,3073183000.0,559873000.0,237445000.0,651255000.0,159932000.0,224818000.0,9211817280.0,9035853280.0,27.990139823963162,2.357906041399061,0.0344375841692385,0.04219533949003362,0.024817424178408792,27.990139823963162,0.024360736083728175,36.640616045503364,30.761428170707273,2.9974841329006443,0.0,0.6957581972338244,0.0,0.06676707000623294,1.4510349765208785,0.01988193268373028,251.01003515082155,0.5574002625193907,0.3999999999999999,214.9851581273854,13.167627224941764,3.9719488239920944,0.2451552712248434,0.42673374878508946,0.4614741005552598,0.8706151147227489,0.9147459495270345,2.8108041163512625,Gold,Basic Materials,EGO
2011Q1,2011,Q1,2011-02-22,2011-02-18,52473000.0,218073000.0,78882000.0,0.5,112545000.0,0.5160886492,3708558000.0,2988434000.0,538484000.0,242138000.0,681498000.0,147982000.0,149953000.0,9546251200.0,9409379200.0,27.250820688648965,2.223872337262222,0.04240030761282418,0.05261752476380606,0.018556312118503584,27.250820688648965,0.017558694620660856,43.775484356155964,45.481729651439785,3.1943992070763483,0.5286718883997484,0.7131137570785636,0.0029059574715570025,0.05880263973220858,1.3839339550173868,0.014149165255066794,297.92001997316106,0.5160886492137954,0.24999999999999994,5.617762988829951,15.65324074136374,4.13800291744064,-0.11483648718795715,0.20422729150410796,-0.08911188350904745,0.5900033895044078,0.8895490700779811,2.959411831658879,Gold,Basic Materials,EGO
2010Q4,2010,Q4,2010-11-03,2010-11-02,43574000.0,212948000.0,86599000.0,0.4,127146000.0,0.5970753423,3776171000.0,2966871000.0,563199000.0,247925000.0,770360000.0,147263000.0,128227000.0,9814928000.0,9667247000.0,27.05419280711993,2.2716507008167794,0.044135448315237844,0.05617467021653452,0.018029154034132577,27.05419280711993,0.01468685359087065,46.09072637451396,56.31183733419011,3.3081748414406964,2.2949465277459034e-05,0.5826446561593883,1.018856175001997e-07,0.05639257332361273,1.4637692850660482,0.011539202011773301,-2355.3942884569233,0.5970753423370964,-0.11111111111111108,2.083415021034027,11.951057874117481,6.41162979255632,0.09451048920950011,-0.10659586246488836,0.34694290202665923,4.006492853068802,2.9262871869995384,3.1505687077379068,Gold,Basic Materials,EGO
2010Q3,2010,Q3,2010-08-20,2010-08-19,48773000.0,190305000.0,64293000.0,0.45,116167000.0,0.6104253698,3752678000.0,2916544000.0,561638000.0,231675000.0,799326000.0,130257000.0,84653000.0,10118102670.0,9965855670.0,26.70637079036479,2.4242494874285097,0.04987265094420571,0.06417047025520616,0.014689057469282526,26.70637079036479,0.016722874744903558,53.167823598959565,51.863237190658765,3.469209677618442,0.0,0.5691671081016759,0.0,0.05071178502392158,1.6249357936764866,0.012996851848200139,379.08293694503766,0.6104253698011087,-0.5714285714285715,4.815182785562845,8.205949504669992,5.04792308192739,-0.5329894752076415,-0.5697246654257055,-0.6001355831006238,0.9057603369050313,0.9489845525125521,1.8770982475465552,Gold,Basic Materials,EGO
2010Q2,2010,Q2,2010-05-07,2010-05-06,113353000.0,387922000.0,160787000.0,1.05,248746000.0,0.6412268446,3532290000.0,2775645000.0,539190000.0,203179000.0,724963000.0,122835000.0,35880000.0,8554667160.000001,8427285160.000001,25.762102590090716,2.6537683520442568,0.05084548550656939,0.064706041298509,0.04014589734803273,25.762102590090716,0.04083843575096959,22.05254448059146,18.867315289405663,3.082046572958718,0.0,1.1330321162535109,0.0,0.10982167375838338,1.7921832472844141,0.032090513519558134,304.26330772513876,0.6412268445718469,1.1,6.258212411353074,31.34930375886335,6.534329044613305,1.2415809820760753,1.145008988551424,1.1024229506910574,12.879798925975246,5.4845243121233045,2.964758268033819,Gold,Basic Materials,EGO
2010Q1,2010,Q1,2010-02-04,2010-03-31,52845000.0,182150000.0,76477000.0,0.5,110969000.0,0.6092176777,3484785000.0,2707455000.0,498511000.0,206254000.0,749667000.0,121516000.0,1729000.0,6499148720.0,6407251720.0,25.161800267281773,2.4169761556139515,0.05487971280868117,0.07063607705391226,0.01948059331786724,25.161800267281773,0.019518329944542015,35.68020159209443,30.746280253571765,2.400464170226283,0.0,0.5857747127950229,0.0,0.052270082659331925,1.575116118960117,0.015164493648819081,429.2984160116256,0.609217677738128,0.6129032258064516,4.030328057973445,10.869736117528927,5.963109591373264,0.32644425584814546,0.5874613235603352,0.32109727236607993,1.6654633697012935,1.6581423681353216,3.1642806884270143,Gold,Basic Materials,EGO
2009Q4,2009,Q4,2009-11-25,2009-12-31,33289000.0,145185000.0,57889000.0,0.31,83659000.0,0.5762234391,3436108000.0,2640610000.0,490558000.0,218013000.0,769354000.0,129197000.0,-51116000.0,7623587529.999999,7549250529.999999,24.54057460005316,2.2501318728699666,0.055595458582791926,0.072343890237483,0.012389376934337696,24.54057460005316,0.01260655681831092,52.50947088197816,57.25305303553726,2.887055464457076,0.0,0.4762184880453881,0.0,0.04225274642124171,1.4281763014132185,0.009687995837150637,130.82762784870948,0.576223439060509,-0.22500000000000006,2.665999010941487,6.800315619039628,5.553360640723556,0.658847557106599,0.10396630629435565,0.6852692867540029,2.9547165619357627,1.530577062257829,3.232839235962744,Gold,Basic Materials,EGO
2009Q3,2009,Q3,2009-08-05,2009-09-30,30154000.0,82604000.0,34350000.0,0.4,50432000.0,0.6105273352,1358077000.0,1230378000.0,299083000.0,53391000.0,121656000.0,117477000.0,-84405000.0,4464046200.0,4314642200.0,15.710309180939928,5.601749358506115,0.00010824128528794759,0.00011947547826765433,0.02401163136789233,15.710309180939928,0.02450791545362482,54.04152583410004,37.010398288784245,3.6281908486660197,0.0,0.27385786153885444,0.0,0.06082423897908587,3.389560038208687,0.02220345385423654,434.3302393461763,0.610527335238003,-0.19999999999999996,15.617867026662834,4.8736813634744856,4.174302682960352,-0.40952358650727677,-0.2260465593798927,-0.3514340199762098,4.049050524410631,1.5073013501938817,1.7503937416197093,Gold,Basic Materials,EGO
2009Q2,2009,Q2,2009-05-06,2009-06-30,38961000.0,132353000.0,52963000.0,0.5,85409000.0,0.6453121576,977392000.0,856116000.0,277819000.0,50683000.0,115462000.0,104235000.0,-114559000.0,3315921300.0,3185322300.0,11.553709371811689,5.48150267348026,0.00523945356622522,0.005981666035911022,0.04520163356411621,11.553709371811689,0.04550901980572726,25.05361646505935,21.277182952182955,3.8732149615239058,0.0,0.45036695927471576,0.0,0.1354144498829538,3.316378272793639,0.03986220472440945,139.78253519939298,0.645312157639041,1.4999999999999998,17.009555614767944,11.534358622729012,2.793156528143273,1.6775659915982193,1.9830028328611897,1.4393422991893883,5.9366804894192144,2.216910232385851,0.7781027227168149,Gold,Basic Materials,EGO
2009Q1,2009,Q1,2009-02-19,2009-03-31,13061000.0,52402000.0,21712000.0,0.2,31898000.0,0.6087172245,929580000.0,820825000.0,238434000.0,42187000.0,103594000.0,95445000.0,-140459000.0,3328758000.0,3225919000.0,11.096368375231844,5.651835873610354,0.0055024849932227456,0.006231535345536503,0.017073536277403715,11.096368375231844,0.01591203971613925,63.52349146979123,63.71560370568869,4.055380866810831,0.0,0.21482529205301482,0.0,0.05637169474386282,3.2590371441439308,0.014050431377611394,486.3760958503799,0.6087172245334147,-0.8529411764705883,14.541339763402686,2.6237665546517888,2.6034505604459257,-0.3427293894624055,-0.8703288193479211,-0.31579113225979266,2.703988058250023,4.932518460364791,1.0921635255075266,Gold,Basic Materials,EGO
2008Q4,2008,Q4,2008-12-15,2008-12-31,100724000.0,74484000.0,31733000.0,1.36,48531000.0,0.6515627517,905369000.0,791820000.0,228711000.0,43895000.0,108750000.0,86966000.0,-153520000.0,2940402900.0,2878690900.0,10.704262670942136,5.210411208565896,0.0001535285612827477,0.00017554494708393322,0.04234518002349623,10.704262670942136,0.12720567805814453,39.47697357821814,7.298168509987689,3.713473895582329,0.0,0.2984269714601108,0.0,0.08226921840708043,3.2251964916277482,0.11125187630678762,-55.649398160414854,0.6515627517319156,4.44,2.4364008383654587,4.337123850695119,2.5463062723956176,0.41469173589855707,4.911032863849766,0.10915763718979378,4.712741916491254,5.715665299811692,1.932485647785586,Gold,Basic Materials,EGO
2008Q3,2008,Q3,2008-08-04,2008-08-01,17040000.0,65013000.0,28610000.0,0.25,34305000.0,0.527663698,844074000.0,674951000.0,197872000.0,79280000.0,163726000.0,75842000.0,-254244000.0,3083031200.0,3066993200.0,9.282397920591917,2.4958627648839555,0.042092281008537166,0.05263937678438879,0.04433166137057784,9.282397920591917,0.025246277137155142,47.42176487779367,45.23226525821596,4.567785217000937,0.0,0.4048943856965797,0.0,0.07702286766326175,1.097754793138244,0.020187803439034965,-139.10084822234253,0.5276636980296249,-0.28571428571428564,9.302390389705721,3.052474263113767,1.3107690718843465,-0.39687758223597464,-0.32259988073941565,-0.3412387750402947,3.001921601411188,3.723459451129078,1.1020912605555808,Gold,Basic Materials,EGO
2008Q2,2008,Q2,2008-05-02,2008-05-01,25155000.0,82528000.0,43430000.0,0.35,56879000.0,0.6892085111,666710000.0,506876000.0,251744000.0,116471000.0,154827000.0,61797000.0,-271284000.0,2335995270.0,2300138270.0,7.344943211293403,2.161430742416567,0.09077259978101423,0.11939606530985881,0.053193028592313236,7.344943211293403,0.04962752231314957,28.305487470918962,23.216013416815745,4.608612895461612,0.0,0.4150525106396751,0.0,0.12378395404298721,1.1030127671265808,0.03773004754690945,50.1200495623069,0.6892085110507948,0.16666666666666663,7.472946556637745,4.644612230756753,1.4613330854213509,0.12611613771803046,0.21304913921975213,0.47430239663249374,2.821791860595236,9.74462287163445,1.148086274183583,Gold,Basic Materials,EGO
2008Q1,2008,Q1,2008-02-11,2008-03-31,20737000.0,72519000.0,29458000.0,0.3,50509000.0,0.6964933328,630746000.0,474265000.0,238258000.0,121622000.0,156481000.0,52938000.0,-296439000.0,2349776440.0,2340817440.0,6.882542621799375,1.9590041275427144,0.11254768163412848,0.14968213973200636,0.041916389047626096,6.882542621799375,0.04372450001581395,32.40221790151546,28.328307373294116,4.954564304766323,0.0,0.41576939060788093,0.0,0.11497338072694872,0.9137820460114124,0.03287694254105456,68.44872964548924,0.6964933327817537,3.3076923076923075,3.8733833509530022,3.6773415748506637,1.310447279711774,1.3067683595177202,3.2770396398374877,1.697372035527882,2.856859495236813,6.379230317660353,0.904629161419845,Gold,Basic Materials,EGO
2007Q4,2007,Q4,2007-12-17,2007-12-31,-9107000.0,34080000.0,10921000.0,-0.13,21896000.0,0.6424882629,591714000.0,449158000.0,203489000.0,105868000.0,142556000.0,57522000.0,-317160000.0,1998343600.0,2017889600.0,6.518189364431622,1.9221011070389542,0.11079339004992277,0.1459575472328223,0.04908001201154602,6.518189364431622,-0.020275715895074785,58.6368427230047,-54.857351487866474,4.4490882940969545,0.0,0.21181461006223706,0.0,0.05759539236861051,0.7211433105376507,-0.015390881405543894,-886.5765749778172,0.6424882629107981,0.0,-1.6351426739762154,1.2869310699163334,1.2906097662321594,0.0,0.0,0.0,0.28830044050423703,1.8591529148792494,0.7406293995070741,Gold,Basic Materials,EGO
2007Q2,2007,Q2,2007-05-02,2007-05-01,5213000.0,38186000.0,5124000.0,0.1,18418000.0,0.4823233646,566494000.0,446874000.0,181588000.0,50060000.0,119620000.0,39526000.0,-314127000.0,1966919240.0,1944312240.0,6.497773848610073,3.6274071114662405,0.09403453522896976,0.11920586115996903,0.005806580526187385,6.497773848610073,0.011665480650026629,51.508910071754045,94.32760598503741,4.40150744952716,0.0,0.5001264990133077,0.0,0.06740759831525135,2.109708349980024,0.009202215733970703,121.19780886068149,0.4823233645838789,-0.5,-0.18292941798559997,0.009867003724829794,0.47671271305933416,-0.28130487376595,-0.5856779526307423,-0.539664001437427,3.3079563256788225,2.8963967649892393,1.133260626443223,Gold,Basic Materials,EGO
2007Q1,2007,Q1,2007-02-01,2007-03-31,12582000.0,43488000.0,11131000.0,0.2,25627000.0,0.5892889993,545166000.0,412610000.0,168073000.0,53860000.0,132556000.0,41506000.0,-340888000.0,1990566050.0,1995747050.0,6.042292090734693,3.120553286297809,0.12173356372187553,0.16084195729623615,0.015983709996997282,6.042292090734693,0.030493686532076295,45.77276605040471,39.551860793196624,4.824328179152226,0.0,0.43032332674794005,0.0,0.0797701984349721,1.7031934645376903,0.0230792089015089,-658.4737181607675,0.5892889992641648,1.5575447570332481,8.820708847993613,0.8375658662406329,0.47801134003290746,0.4084638636988184,1.3552976413328341,-0.22171724234372814,15.13079390146472,2.2577177971573934,0.9621825884345692,Gold,Basic Materials,EGO
