Quarters,Year,Quarter,FillingDate,Date,NetIncome,Revenue,OperatingIncome,EPSDiluted,GrossProfit,GrossProfitRatio,TotalAssets,CommonStockEquity,CurrentAssets,CurrentLiability,TotalLiability,Inventory,RetainedEarnings,MarketCap,EnterpriseValue,bookValuePerShare,currentRatio,debtToAssets,debtToEquity,roic,shareholdersEquityPerShare,roe,priceToSalesRatio,peRatio,pbRatio,payoutRatio,inventoryTurnover,dividendYield,assetTurnover,quickRatio,returnOnAssets,priceToFreeCashFlowsRatio,grossProfitMargin,epsdilutedGrowth,fiveYNetIncomeGrowthPerShare,fiveYRevenueGrowthPerShare,fiveYShareholdersEquityGrowthPerShare,grossProfitGrowth,netIncomeGrowth,operatingIncomeGrowth,threeYNetIncomeGrowthPerShare,threeYRevenueGrowthPerShare,threeYShareholdersEquityGrowthPerShare,Industry,Sector,Symbol
2023Q1,2023,Q1,2023-05-09,2023-03-31,47719000.0,150826000.0,60928000.0,0.6,83063000.0,0.550720698,5137167000.0,1700817000.0,174548000.0,26361000.0,1295890000.0,-127325000.0,-35057000.0,1812022800.0,2712834800.0,21.21301354486268,6.621448351731725,0.17732906093961906,0.5356067113628332,0.02023115505710887,21.21301354486268,0.028056516368310053,12.013994934560355,9.493193486871059,1.065383753807729,1.0081309331712736,-0.5322049872373846,0.026548782940258808,0.029359761907681803,5.215356018360457,0.009288971917790486,14.067844665621166,0.5507206980228873,58.99999999999999,-0.8733374885493264,0.062153993909873764,0.0,0.32394523342737375,9.29314063848145,7.291780076211214,2.1017992803314214,0.5895282678943761,0.935794873375492,Other Industrial Metals & Mining,Basic Materials,STR
2022Q4,2022,Q4,2023-03-08,2022-12-31,4636000.0,99948000.0,7348000.0,0.01,62739000.0,0.6277164125,5170902000.0,1722367000.0,192191000.0,26412000.0,1284307000.0,-142010000.0,-9203000.0,434365600.0,1361309600.0,114.39738310308182,7.276654550961684,0.18290077823946382,0.5491059687046953,0.0024890578828387893,114.39738310308182,0.0026916446959329805,4.345915876255653,23.423511647972393,0.2521910835495571,15.964840379637618,-0.262016759383142,0.17039332764841414,0.019328929459502424,6.089201877934272,0.0008965553785393729,-71.05016712509224,0.6277164125345179,-0.9857142857142857,-0.9215441686622197,1.943496095276944,3.5452191833997193,-0.24856273654960953,-0.932822303690716,-0.8831722208089544,0.5199769942501031,4.844853180468676,9.180167631604204,Other Industrial Metals & Mining,Basic Materials,STR
2022Q3,2022,Q3,2022-11-08,2022-09-30,69011000.0,115497000.0,62896000.0,0.7,83492000.0,0.7228932353,2486417000.0,1794866000.0,118154000.0,18797000.0,691551000.0,-83514000.0,-162000.0,280863330.0,936885330.0,141.29465480595135,6.285790285683886,0.2681907338954005,0.37152299948854123,0.024635595697516114,141.29465480595135,0.03844910984998323,2.4317803059819734,1.0174585573314399,0.15648150335456795,3.177754271058237e-05,-0.38322915918289147,7.80806807353598e-06,0.046451178543261244,5.018141192743523,0.027755199550196126,-2.9155161209957026,0.7228932353221296,0.7948717948717947,7.300490989937963,4.470221992036274,0.0,0.22977670417722265,-0.04168691763987058,0.18905021173623715,20.615236854454537,5.5583117288634645,11.251733040900982,Other Industrial Metals & Mining,Basic Materials,STR
2022Q2,2022,Q2,2022-08-08,2022-06-30,72013000.0,87804000.0,52896000.0,0.39,67892000.0,0.7732221767,2302119000.0,1781235000.0,94267000.0,258730000.0,520884000.0,0.0,0.0,290259960.0,772927960.0,142.24844274077623,0.3643450701503498,0.21644667369497406,0.27974186449289395,0.022499699308519895,142.24844274077623,0.04042869132933049,3.305771491048244,1.0076651437934818,0.1629543322470084,0.0,0.0,0.0,0.038140513153316576,0.3309048042360762,0.031281180512388804,-0.8724401335741917,0.7732221766662111,-0.8777429467084639,2.888127543082561,2.0548996051751103,0.0,0.33179018400094157,0.8693993042936504,0.28416401641135197,16.5536218874589,3.405833185090459,11.042943757027452,Other Industrial Metals & Mining,Basic Materials,STR
2022Q1,2022,Q1,2022-05-09,2022-03-31,38522000.0,66363000.0,41191000.0,3.19,50978000.0,0.7681690098,259036000.0,123037000.0,15621000.0,6662000.0,53302000.0,0.0,1679000.0,325907188.071454,360986188.071454,10.177981702679546,2.3447913539477634,0.14669775629642212,0.30885018327820085,0.25324181758111347,10.177981702679546,0.3130928094800751,4.910977322777059,2.115071829548401,2.648855125461885,0.17714552723119256,0.0,0.020938476504249,0.2561921895026174,2.2163014109876915,0.14871292021186244,7.9051880581040095,0.7681690098398204,3.0379746835443036,-0.3218172497798554,2.099691232326551,0.0,2.392201224381155,3.164090368608799,5.2222054380664655,5.787771959602349,1.9605044465826014,-0.16045199136912996,Other Industrial Metals & Mining,Basic Materials,STR
2021Q4,2021,Q4,2022-03-11,2021-12-31,9251000.0,20129000.0,6620000.0,0.79,15028000.0,0.7465845298,261841000.0,130670000.0,14006000.0,3973000.0,47585000.0,0.0,9632000.0,229123760.0,266355760.0,11.109505186192825,3.52529574628744,0.15276446393040052,0.30611463993265475,0.03488534014944315,11.109505186192825,0.07079666335042474,11.382769139053108,6.191864663279645,1.7534534323104,0.7772132742406226,0.0,0.03138042078220085,0.0768748973613758,3.218223005285678,0.035330601395503376,24.463352551783046,0.7465845297829002,0.7954545454545455,-0.7995994480524173,-0.24117787213477296,-0.5585988532197291,0.05341371092107108,0.5928030303030303,-0.37257132025400436,0.3583335736969428,-0.25405820563930265,-0.10740885548926267,Other Industrial Metals & Mining,Basic Materials,STR
2021Q3,2021,Q3,2021-11-05,2021-09-30,5808000.0,19214000.0,10551000.0,0.44,14266000.0,0.742479442073488,267538000.0,132413000.0,14214000.0,7915000.0,49291000.0,0.0,11709000.0,217774488.41625,250713488.41625,11.430926945073919,1.7958307012002528,0.1364292175317151,0.2756526927114407,0.0556789210200152,11.430926945073919,0.043862762719672536,11.334156782359218,9.373901877421229,1.6446609352272812,1.1978305785123966,0.0,0.03194589068074183,0.07181783522340751,1.6596336070751738,0.02170906562806031,16.054145847124953,0.742479442073488,0.0597649412233512,-0.23392870109968314,-0.002049141960881157,0.0,0.0,0.15720263000597728,1.0070382347346396,-0.546235655194673,-0.21694371992433512,-0.06668407761466097,Other Industrial Metals & Mining,Basic Materials,STR
2021Q2,2021,Q2,2021-08-06,2021-06-30,5019000.0,19671000.0,5257000.0,0.41518640868802587,0.0,0.0,270829000.0,133101000.0,12538000.0,7466000.0,50565000.0,0.0,12858000.0,245639254.72,279102254.72,11.010505316354838,1.679346370211626,0.13477138711142456,0.2742278420147106,0.030873253984104614,11.010505316354838,0.03770820654991323,12.487380139291343,12.235467957760509,1.845510211944313,0.9207013349272763,0.0,0.018812139799346806,0.0726325467361324,1.6355478167693545,0.01853198881951342,19.23414413280088,0.0,4.4598867390668815,1.2063833621819864,0.6440667240347098,0.4237652614473395,-1.0,4.567164179104478,0.1232905982905983,-0.71929740548494,-0.2910612557048724,0.0,Other Industrial Metals & Mining,Basic Materials,STR
2021Q1,2021,Q1,2021-05-10,2021-03-31,-1407000.0,12504000.0,4680000.0,-0.12,8507000.0,0.6803422904670505,274669000.0,135821000.0,11918000.0,3313000.0,51259000.0,0.0,13837000.0,207101238.46875,244674238.46875,11.778514905149052,3.5973437971626923,0.14745020369972586,0.29818658381251795,0.014408029939780015,11.778514905149052,-0.010359222800597846,16.562798981825814,-36.79837215151919,1.5248101432676096,-2.45771144278607,0.0,0.01669714785661113,0.04552388511262647,3.373377603380622,-0.005122529298901587,34.45370794688904,0.6803422904670505,-4.870967741935484,-1.2732542488736989,-0.5822264128755686,0.5217630045750007,0.6123957543593631,-4.997159090909091,2.1815091774303195,-1.0259674730338066,-0.3877355142757949,0.0,Other Industrial Metals & Mining,Basic Materials,STR
2020Q4,2020,Q4,2021-05-05,2020-12-31,352000.0,9496000.0,1471000.0,0.031,5276000.0,0.5556023588879528,275629000.0,123466000.0,8909000.0,3097000.0,43725000.0,0.0,0.0,145293750.0,182369750.0,10.707078590785908,2.8766548272521795,0.14439699741318948,0.3223559522459625,0.007325505216751196,10.707078590785908,0.0028509873163462007,15.300521272114574,103.19158380681819,1.1767915863476583,8.511363636363637,0.0,0.020620295091839807,0.03445210772451375,2.6293186955117855,0.00127707897209655,28.753958044725906,0.5556023588879528,-0.22500000000000003,-0.8943893174884598,-0.6023619725311594,0.4337438520548995,-0.019695280564845784,-0.40237691001697795,-0.2696127110228401,-0.9922221836727614,-0.6348567471750374,-0.5745880046473065,Other Industrial Metals & Mining,Basic Materials,STR
2020Q3,2020,Q3,2020-09-30,2020-09-30,589000.0,9669000.0,2014000.0,0.04,5382000.0,0.5566242631089048,278792000.0,125248000.0,8212000.0,2991000.0,42975000.0,0.0,0.0,112374200.0,148873200.0,10.878123982195202,2.7455700434637245,0.13988923641998335,0.31138221768012264,0.010345769968118167,10.878123982195202,0.004702669902912621,11.622111904023166,47.697028862478774,0.8972135283597342,2.3480475382003396,0.0,0.012307095400901632,0.034681769921662026,2.3995319291206956,0.0021126861602915434,23.155615083453533,0.5566242631089048,2.0,-0.7233483838009102,0.04042834909801459,0.48288352127195083,1.4016064257028114,2.0243478260869567,2.824275362318841,-0.9218389725859737,-0.4947511769856089,0.0,Other Industrial Metals & Mining,Basic Materials,STR
2020Q2,2020,Q2,2020-06-30,2020-06-30,-575000.0,6115000.0,-1104000.0,-0.04,2241000.0,0.36647587898609973,280301000.0,125162000.0,5668000.0,2355000.0,44093000.0,0.0,-575000.0,147203200.0,185957200.0,10.88341557792222,2.4067940552016984,0.14484429238568539,0.324379604033173,-0.005472906938864154,10.88341557792222,-0.0045940461162333615,24.072477514309075,-64.00139130434783,1.1761013726210832,-2.0,0.0,0.007812330166735505,0.021815833693065667,2.0301486199575374,-0.0020513662098957906,22.46005492828807,0.36647587898609973,-1.2,-1.217113506742143,-0.5296358715908714,0.4660346625822794,-0.7529761904761905,-1.2607709750566893,-1.197072474116387,-1.0338036706577642,-0.7683429504939232,0.0,Other Industrial Metals & Mining,Basic Materials,STR
2020Q1,2020,Q1,2020-03-31,2020-03-31,2205000.0,13600000.0,5602000.0,0.2,9072000.0,0.6670588235294118,286961000.0,125930000.0,9131000.0,1697000.0,48237000.0,0.0,0.0,98829050.0,141890050.0,10.958296168990797,5.380671773718326,0.1576869330675597,0.3593266100214405,0.02979215986742254,10.958296168990797,0.017509727626459144,7.266841911764706,11.205107709750568,0.7847935360914794,2.8140589569161,0.0,0.06278518310152734,0.047393199772791425,4.734826163818504,0.007683970992573904,11.568424441062858,0.6670588235294118,0.0,-0.6003701082506461,-0.5134735268959458,0.48721542399767265,0.05280259951259139,-0.05283505154639175,0.1271629778672032,-0.9591648266044023,-0.3317803681988663,0.0,Other Industrial Metals & Mining,Basic Materials,STR
2019Q4,2019,Q4,2019-12-31,2019-12-31,2328000.0,13052000.0,4970000.0,0.2,8617000.0,0.6602053325160895,290205000.0,129136000.0,11614000.0,2206000.0,45179000.0,0.0,0.0,324527020.0,364484020.0,11.237278917484282,5.264732547597461,0.14644820041005496,0.32911039524222524,0.02896994253811126,11.237278917484282,0.018027505885268243,24.864160281949125,34.850410223367696,2.5130639016230947,2.6649484536082473,0.0,0.01911705225654246,0.04497510380593029,4.728921124206709,0.008021915542461363,45.96049001557853,0.6602053325160895,-0.1666666666666666,-0.4301826614745361,-0.46498232305197,0.5852300061737576,-0.27178230372686557,-0.1927877947295423,-0.38497710679371366,-0.9483835402545107,-0.49639520371306967,-0.5535221670329727,Other Industrial Metals & Mining,Basic Materials,STR
2019Q3,2019,Q3,2019-09-30,2019-09-30,2884000.0,15908000.0,8081000.0,0.24,11833000.0,0.7438395775710335,292051000.0,132334000.0,11948000.0,1974000.0,40450000.0,0.0,0.0,263919250.0,299292250.0,11.532625983136887,6.052684903748734,0.1301142608653968,0.28715220578233863,0.040270974812984486,11.532625983136887,0.021793341091480647,16.59034762383706,22.8778822815534,1.994341968050539,2.3900832177531206,0.0,0.02611783717936452,0.05446993846965085,5.398176291793313,0.009874987587784325,22.86598942990816,0.7438395775710335,-0.25000000000000006,0.14467866876438654,0.5435087318479827,0.5848007878022863,-0.178035565434843,-0.2321618743343983,-0.2500927988121752,-0.615988894971217,-0.1659100362732763,0.0,Other Industrial Metals & Mining,Basic Materials,STR
2019Q2,2019,Q2,2019-06-30,2019-06-30,3756000.0,18246000.0,10776000.0,0.32,14396000.0,0.7889948481859037,295903000.0,135416000.0,12983000.0,1403000.0,38347000.0,0.0,13948000.0,392544502.92899996,426177502.92899996,11.81176675825374,9.253741981468282,0.12335123334335914,0.2695397885035742,0.054253102523088376,11.81176675825374,0.027736751934778755,21.51400322969418,26.127829002196485,2.898804446512967,2.1365814696485623,0.0,0.020443541917211594,0.061662098728299475,8.150392017106201,0.01269334883390841,54.091842762711856,0.7889948481859037,-0.3333333333333333,0.42835835771813463,0.38912247676508555,0.6347596844625301,-0.13376256092424332,-0.30211817168338906,-0.1916585402445428,0.7410382424452523,0.6079762142652034,0.5273761470093603,Other Industrial Metals & Mining,Basic Materials,STR
2019Q1,2019,Q1,2019-03-31,2019-03-31,5382000.0,21258000.0,13331000.0,0.48,16619000.0,0.7817762724621319,293839000.0,138980000.0,17106000.0,1539000.0,30468000.0,0.0,10192000.0,411786857.07199997,437198857.07199997,12.123168178646196,11.115009746588694,0.09699189011669655,0.20506547704705713,0.07079723517694463,12.123168178646196,0.03872499640236005,19.370912459873928,19.127966233370493,2.962921694286948,1.7040133779264215,0.0,0.022271230473964523,0.07234574035441177,10.235217673814166,0.018316152723089854,68.44861321010637,0.7817762724621319,-0.17241379310344826,-0.030718960411912192,-0.2869223431001453,0.6956222329152498,-0.2171557774742098,-0.18921361855980717,-0.25178200594937417,0.05137278259052986,-0.28557831668572986,0.5662915894804155,Other Industrial Metals & Mining,Basic Materials,STR
2018Q4,2018,Q4,2018-12-31,2018-12-31,6638000.0,26301000.0,17817000.0,0.58,21229000.0,0.8071556214592601,291235000.0,142685000.0,20112000.0,521000.0,21521000.0,0.0,4810000.0,389776000.0,403459000.0,12.446353803210048,38.602687140115165,0.07210671794255498,0.14717734870518975,0.09302619147637088,12.446353803210048,0.046522059081192835,14.819816737006198,14.679722808074722,2.731723727091145,0.6563724013257005,0.0,0.011178215180000822,0.09030851374319708,35.67754318618042,0.022792590176318094,19.617293270924556,0.8071556214592601,-0.01721233974630523,0.49136363030845204,0.011327306811563301,0.8210631106798819,0.1498131397930997,-0.47596115891687063,0.05814229718493883,1.003284562453643,0.10779570375980325,0.6666435288155192,Other Industrial Metals & Mining,Basic Materials,STR
2018Q3,2018,Q3,2018-09-30,2018-09-30,12667000.0,24283000.0,16838000.0,0.590158,18463000.0,0.7603261540995758,302354000.0,140404000.0,26720000.0,775000.0,38775000.0,0.0,2529000.0,515868750.0,540962750.0,12.247650201722822,34.47741935483871,0.12568049372589746,0.27064755989857836,0.08969663925890113,12.247650201722822,0.09021822740092875,21.24402874438908,10.181352135470119,3.674174168827099,3.4244098839504225,0.0,0.08408534147493911,0.08031314287226232,32.24774193548387,0.041894600369103766,28.68646777512095,0.7603261540995758,-0.601001151378172,11.20053739189321,1.4835541234663787,1.0293197103553589,-0.08531087441169186,-0.25294880868129277,0.03306951346708387,4.9756035462544315,1.6243577999120788,0.6695745229751282,Other Industrial Metals & Mining,Basic Materials,STR
2018Q2,2018,Q2,2018-06-30,2018-06-30,16956000.0,26313000.0,16299000.0,1.479097,20185000.0,0.7671113137992627,,,,,,,,465428227.0725,,,0.0,0.0,0.0,0.0,,0.0,17.688147572397675,6.862293982550424,0.0,0.0,0.0,0.0,0.0,0.0,0.0,22.83077735075542,0.7671113137992627,-0.6852188777118295,5.5846101732065385,1.0582797334623077,0.0,0.3263898015507951,-0.6852188764712435,0.33270645952575634,5.422779021256231,1.0304330449343395,0.0,Other Industrial Metals & Mining,Basic Materials,STR
2018Q1,2018,Q1,2018-03-31,2018-03-31,53866000.0,20303000.0,12230000.0,4.698811,15218000.0,0.749544402305078,,,,,,,,441125099.99999994,,,0.0,0.0,0.0,0.0,,0.0,21.72708959267103,2.047326235473211,0.0,1.9963427765195114,0.0,0.24377438508939983,0.0,0.0,0.0,24.63010050251256,0.749544402305078,0.19867627551020411,10.29906242600767,-0.3489893372581102,0.0,-0.17360847135487376,0.1972350640113798,-0.059592464436755095,8.786413489123001,-0.2719063464318458,0.0,Other Industrial Metals & Mining,Basic Materials,STR
2017Q4,2017,Q4,2017-12-31,2017-12-31,44992000.0,25854000.0,13005000.0,3.92,18415000.0,0.7122688945617699,352718000.0,288528000.0,25567000.0,5403000.0,63561000.0,0.0,0.0,440208022.9275,488863022.9275,25.16872751063134,4.732000740329447,0.1616021864492314,0.19755448344701382,0.037638049593665346,25.16872751063134,0.15593633893417624,17.026689213564634,2.4460349780377624,1.5257029575205872,2.8980707681365576,0.0,0.2962008714263587,0.0732993496220777,3.869887099759393,0.12755799250392666,20.58682237887574,0.7122688945617699,4.989323114814712,9.857569639066035,0.1605173234301431,3.289571654718454,0.8267037000297589,4.996534719445555,0.721604447974583,10.039450232253843,0.06237605537656974,2.550523428317276,Other Industrial Metals & Mining,Basic Materials,STR
2017Q3,2017,Q3,2017-09-30,2017-09-30,7503000.0,19054000.0,7554000.0,0.654498,10081000.0,0.529075259787971,,,,,,,,303599279.658375,,,0.0,0.0,0.0,0.0,,0.0,15.933624417884698,10.115929616765793,0.0,,0.0,,0.0,0.0,0.0,0.0,0.529075259787971,0.0,2.427400108007038,1.0747056513917743,0.0,0.0,0.0,0.0,1.9808478290714764,0.8505302772755683,0.0,Other Industrial Metals & Mining,Basic Materials,STR
2016Q2,2016,Q2,2016-08-04,2016-06-30,33100000.0,174100000.0,64400000.0,0.18785471055618616,173800000.0,0.9982768523836876,4140600000.0,1360300000.0,162600000.0,658200000.0,2780300000.0,27800000.0,1065500000.0,4658433173.43,5644833173.43,7.733371233655486,0.24703737465815861,0.2391923875766797,0.7280746894067485,0.017815535112518842,7.733371233655486,0.02433286774976108,26.757226728489375,35.184540584818734,3.4245630915459824,1.1722054380664653,0.01079136690647482,0.008328980701344182,0.042047046321789114,0.1172895776359769,0.007994010529874897,136.2114962991228,0.9982768523836876,-0.5785832544083518,-0.1725898851281675,0.12427369863413067,0.23901752495818462,-0.6190267426567295,-0.578343949044586,-0.5254237288135594,-0.16228648603411605,-0.112448279430007,0.23121840281671263,Other Industrial Metals & Mining,Basic Materials,STR
2016Q1,2016,Q1,2016-04-28,2016-03-31,78500000.0,456300000.0,135700000.0,0.4457694491766042,456200000.0,0.9997808459346921,4179200000.0,1360700000.0,234600000.0,700500000.0,2818500000.0,30100000.0,1071200000.0,4655784831.66,5640984831.66,7.74004550625711,0.3349036402569593,0.23583460949464014,0.7243330638641875,0.0372445094202916,7.74004550625711,0.05769089439259205,10.203341730571992,14.82734022821656,3.421610076916293,0.4929936305732484,0.0033222591362126247,0.008312239804733777,0.10918357580398162,0.17501784439685938,0.018783499234303214,17.602211083780716,0.9997808459346921,0.5439912355566862,0.13069865776072115,5.960828420726032,0.2580239252594202,0.2739458251884948,0.5422396856581533,0.5111358574610245,0.07375493725723373,-0.04591692507856125,0.25492968668782046,Other Industrial Metals & Mining,Basic Materials,STR
2015Q4,2015,Q4,2016-02-18,2015-12-31,50900000.0,364700000.0,89800000.0,0.288712422007941,358100000.0,0.981902933918289,4377800000.0,1315100000.0,440100000.0,940200000.0,3062700000.0,28400000.0,1031400000.0,4663729856.97,5857029856.97,7.467915956842703,0.4680918953414167,0.2782904655306318,0.9263934301574025,0.02402428193160941,7.467915956842703,0.038704281043266675,12.787852637702223,22.906335250343812,3.5462929488023724,0.7229862475442044,0.2323943661971831,0.007890680019770432,0.08330668372241765,0.15507338864071474,0.011626844533784092,-102.05098155295406,0.981902933918289,0.5631209351043432,-0.8009333218435757,-0.6251903024982319,0.27588911617872447,1.5271700776287933,0.5613496932515337,0.44141252006420545,-0.20038219236362917,0.06568044594328364,0.27277632906791915,Other Industrial Metals & Mining,Basic Materials,STR
2015Q3,2015,Q3,2015-11-05,2015-09-30,32600000.0,142300000.0,62300000.0,0.18470254957507082,141700000.0,0.9957835558678847,4187400000.0,1293300000.0,276300000.0,816600000.0,2894100000.0,29600000.0,1017300000.0,4669026540.51,5226626540.51,7.3357912648893935,0.33835415135929464,0.13363901227492,0.4326915642155726,0.022461245951185073,7.3357912648893935,0.025206835227712054,32.811149265706256,35.805418255444785,3.6101651128972394,1.138036809815951,0.02027027027027027,0.007945981818288731,0.03398290108420499,0.09588537839823659,0.007785260543535368,-197.84010764872883,0.9957835558678847,-0.19704433497536944,-0.2561491259732894,-0.01472411837189742,0.33309553787004376,-0.2882973380210949,-0.19704433497536947,-0.17264276228419656,-0.03167341842676726,0.007510598279794611,0.2516243048828057,Other Industrial Metals & Mining,Basic Materials,STR
2015Q2,2015,Q2,2015-08-06,2015-06-30,40600000.0,199300000.0,75300000.0,0.230028328611898,199100000.0,0.9989964877069744,4084900000.0,1308800000.0,201800000.0,711400000.0,2776100000.0,30700000.0,1021800000.0,4669026540.51,5949126540.51,7.423709585933069,0.28366601068315994,0.3138632524664006,0.9795996332518337,0.019031747593002305,7.423709585933069,0.03102078239608802,23.42712764932263,28.750163426785715,3.5674102540571515,0.9113300492610837,0.006514657980456026,0.007924564077538629,0.04878944405003795,0.10120888389091931,0.009939043795441749,281.2666590668675,0.9989964877069744,-0.5200945626477541,-0.0671151866557425,17.84099073548875,0.3393290490085434,-0.5333958284509023,-0.5200945626477541,-0.48775510204081635,0.04452637549631316,0.06685609960824831,0.2645483467895187,Other Industrial Metals & Mining,Basic Materials,STR
2015Q1,2015,Q1,2015-04-30,2015-03-31,84600000.0,428600000.0,147000000.0,0.47932011331444757,426700000.0,0.9955669622025198,4105900000.0,1298300000.0,251800000.0,697500000.0,2807600000.0,28700000.0,1018200000.0,4666378198.74,5944478198.74,7.368331441543701,0.36100358422939066,0.3124528118073991,0.9881383347454363,0.03611687879909418,7.368331441543701,0.06516213509974582,10.887489964395707,13.789533684219858,3.5942218275745206,0.4385342789598109,0.06620209059233449,0.007950491456097069,0.10438637083221705,0.17992831541218637,0.02060449596921503,29.665468523458358,0.9955669622025198,0.3505323512747875,-0.4398410896708286,-0.567397312735897,-0.6628867967921183,0.14642665233745297,0.3536,0.3160250671441361,0.13776958002270145,0.0182403716706702,0.21465001191774977,Other Industrial Metals & Mining,Basic Materials,STR
2014Q4,2014,Q4,2015-02-20,2014-12-31,62500000.0,373200000.0,111700000.0,0.35491198182850653,372200000.0,0.9973204715969989,4249700000.0,1246200000.0,414500000.0,621400000.0,3003500000.0,30400000.0,970700000.0,4655784831.66,5868984831.66,7.088737201365188,0.6670421628580624,0.2930089182765842,0.9991975605841759,0.028505995517765243,7.088737201365188,0.05015246348900658,12.475307694694534,18.62313932664,3.7359852605199806,0.5344,0.03289473684210526,0.007173871045945947,0.08781796362096148,0.22095268747988414,0.014706920488505072,-1724.3647524666667,0.9973204715969989,0.6191709844559585,-0.7905199128179788,-0.8476827771690686,-0.6457655596119624,1.3661792752701845,0.6191709844559585,0.6211901306240929,0.02384461386167857,-0.6846981019501701,0.2167798543997913,Other Industrial Metals & Mining,Basic Materials,STR
2014Q3,2014,Q3,2014-10-30,2014-09-30,38600000.0,157900000.0,68900000.0,0.21919363997728564,157300000.0,0.9962001266624446,4037900000.0,1279300000.0,277100000.0,471400000.0,2758600000.0,25200000.0,941600000.0,4655784831.66,5932784831.66,7.2770193401592715,0.5878235044548155,0.3180613685331484,1.003908387399359,0.018492405260094078,7.2770193401592715,0.03017275072305167,29.485654412032932,30.154046837176168,3.6393221540373646,0.8678756476683938,0.023809523809523808,0.007195349701772133,0.039104485004581586,0.1879507848960543,0.009559424453304936,-209.72003746216217,0.9962001266624446,-0.04218362282878415,-0.6101553249286062,-0.7390930276285277,-0.6210112645352549,-0.20915032679738563,-0.04218362282878412,-0.09934640522875816,0.07837538880432622,0.090734723455982,0.17935605942435004,Other Industrial Metals & Mining,Basic Materials,STR
2014Q2,2014,Q2,2014-07-31,2014-06-30,40300000.0,201300000.0,76500000.0,0.22884724588302102,198900000.0,0.9880774962742176,3951200000.0,1269500000.0,225200000.0,400900000.0,2681700000.0,24600000.0,936400000.0,4653136489.89,5932036489.89,7.225384177575413,0.5617360937889748,0.32519234662887225,1.0121307601417882,0.019218431142168077,7.225384177575413,0.03174478141000394,23.115432140536516,28.865610979466503,3.665330043237495,0.8287841191066998,0.0975609756097561,0.007177954068738176,0.05094654788418708,0.2581691194811674,0.010199433083620165,750.5058854661291,0.9880774962742176,-0.526439482961222,-0.4883323847467274,-0.6747923245261787,-0.6318545104251473,-0.356102298478472,-0.5264394829612221,-0.48415374241402565,0.008537279453614044,0.3014009894487983,0.15762936371280584,Other Industrial Metals & Mining,Basic Materials,STR
2014Q1,2014,Q1,2014-04-30,2014-03-31,85100000.0,456900000.0,148300000.0,0.4832481544576945,308900000.0,0.6760779163930838,3974400000.0,1256200000.0,276200000.0,405000000.0,2718200000.0,25000000.0,929600000.0,4653136489.89,5933136489.89,7.149686966420034,0.6819753086419753,0.32347020933977455,1.023403916573794,0.03672422538935973,7.149686966420034,0.06774398981053972,10.184146399409062,13.669613660076381,3.704136674008916,0.37132784958871917,5.92,0.006791118220722346,0.11496074879227053,0.3980246913580247,0.02141203703703704,32.493969901466485,0.6760779163930838,0.24892327730622957,0.2506307393029163,-0.5104692376150612,-0.64589297303445,-0.21698352344740177,0.24963289280469897,0.2096247960848287,0.2264614136953107,5.9739483623945775,0.16207033338507443,Other Industrial Metals & Mining,Basic Materials,STR
2013Q4,2013,Q4,2014-02-25,2013-12-31,68100000.0,397900000.0,122600000.0,0.38693181818181815,394500000.0,0.991455139482282,4054300000.0,1198800000.0,351900000.0,555800000.0,2855500000.0,23700000.0,876100000.0,4645191464.58,5876291464.58,6.834663625997719,0.6331414177761785,0.3075993389734356,1.0402902902902902,0.031031745146794822,6.834663625997719,0.05680680680680681,11.674268571450114,17.05283210198238,3.874867754904905,0.46402349486049926,0.14345991561181434,0.00680273358826064,0.09814271267543102,0.2884130982367758,0.01679698098315369,-137.02629689026548,0.991455139482282,4.586247009569378,-0.8605846939771427,-0.8557534191718111,-0.6560672487795179,1.6458752515090542,4.58421052631579,7.4526315789473685,-0.7326023009108696,-0.5894379892410687,0.1676983222023131,Other Industrial Metals & Mining,Basic Materials,STR
2013Q3,2013,Q3,2013-10-31,2013-09-30,-19000000.0,149600000.0,-19000000.0,-0.10789324247586599,149100000.0,0.9966577540106952,3810200000.0,1058600000.0,217200000.0,570800000.0,2751600000.0,24000000.0,839600000.0,4645191464.58,5781091464.58,6.035347776510832,0.3805185704274702,0.2983832869665634,1.073965614963159,-0.005640063138551426,6.035347776510832,-0.01794823351596448,31.05074508409091,-61.12094032342105,4.388051638560363,-1.6631578947368422,0.020833333333333332,0.00680273358826064,0.039263030812030864,0.14716187806587247,-0.0049866148758595345,-573.4804277259259,0.9966577540106952,-1.4825073432550149,-1.0913318577145794,-0.806973534177519,-0.6780149449256008,-0.23381294964028776,-1.482233502538071,-1.2668539325842696,-1.4357572302270136,0.04113553257578741,0.09677264521808757,Other Industrial Metals & Mining,Basic Materials,STR
2013Q2,2013,Q2,2013-08-01,2013-06-30,39400000.0,195600000.0,71200000.0,0.22360953461975028,194600000.0,0.9948875255623721,3706900000.0,1101700000.0,207400000.0,403800000.0,2605200000.0,26000000.0,890400000.0,4645191464.58,5784891464.58,6.281071835803877,0.5136206042595344,0.3074536674849605,1.0344921484977763,0.02051762145146403,6.281071835803877,0.03576291186348371,23.748422620552148,29.474565130583755,4.216385099918308,0.8020304568527918,0.038461538461538464,0.00680273358826064,0.05276646254282554,0.2761267954432888,0.010628827322021096,204.63398522378856,0.9948875255623721,-0.45984034229714643,-0.7753705815279361,-0.7761861868654278,-0.5496688804675837,-0.5909186462055918,-0.45953360768175583,-0.4581430745814307,-0.09004286498585243,17.586088939566704,0.13318306316049325,Other Industrial Metals & Mining,Basic Materials,STR
2013Q1,2013,Q1,2013-05-01,2013-03-31,72900000.0,476900000.0,131400000.0,0.41396933560477,475700000.0,0.9974837492136717,3728600000.0,1081200000.0,294000000.0,464400000.0,2647400000.0,30000000.0,882600000.0,4642543122.81,5775743122.81,6.1677124928693665,0.6330749354005168,0.3058520624363032,1.0547539770625232,0.035693578639105036,6.1677124928693665,0.06742508324084351,9.734835652778361,15.92092977644033,4.2938800617924535,0.40877914951989025,0.04,0.006418895681029862,0.1279032344579735,0.37553832902670115,0.019551574317438182,38.053632154180335,0.9974837492136717,0.15171719545214224,-0.6133639629361248,-0.5522273505159985,-0.5843077786937574,0.4065641632170313,0.1426332288401254,0.20994475138121546,-0.5148317170564746,-0.5161749428389891,-0.7178170754896368,Other Industrial Metals & Mining,Basic Materials,STR
2012Q4,2012,Q4,2013-02-22,2012-12-31,63800000.0,343000000.0,108600000.0,0.35943661971830987,338200000.0,0.9860058309037901,3757100000.0,1035600000.0,345700000.0,546700000.0,2721500000.0,24500000.0,839500000.0,4674323224.05,5798423224.05,5.867422096317281,0.632339491494421,0.30366506081818423,1.1016801853997682,0.017219226767205848,5.867422096317281,0.06160679799150251,13.6277645016035,18.31631357386364,4.51363772117613,0.4670846394984326,0.19591836734693877,0.006375254463935042,0.0912938170397381,0.2677885494786903,0.016981182294855075,-362.35063752325584,0.9860058309037901,0.8939544962080175,-0.8421995657238176,-0.8500426390726414,-0.6083831584918229,1.3968816442239547,0.8875739644970414,0.7075471698113207,-0.7870108068408351,-0.8605637614449799,-0.7067964400755213,Other Industrial Metals & Mining,Basic Materials,STR
2012Q3,2012,Q3,2012-10-31,2012-09-30,33800000.0,141800000.0,63600000.0,0.1897810218978102,141100000.0,0.9950634696755994,3582400000.0,1037400000.0,228200000.0,597500000.0,2545000000.0,25700000.0,805500000.0,4687564932.9,5780664932.9,5.861016949152543,0.3819246861924686,0.3065263510495757,1.0585116637748218,0.019433207164417654,5.861016949152543,0.03258145363408521,33.05758062693935,34.671338261094675,4.518570399942163,0.8816568047337278,0.027237354085603113,0.006357245270534095,0.039582402858418936,0.15230125523012553,0.009435015631978561,-1090.131379744186,0.9950634696755994,-0.13388201996126925,-0.7093345332733363,-0.7227477861519399,-0.5980482794042116,-0.2482685135855088,-0.1377551020408163,-0.12396694214876033,-0.6609477689380837,-0.767284457146091,-0.6947569742135461,Other Industrial Metals & Mining,Basic Materials,STR
2012Q2,2012,Q2,2012-08-01,2012-06-30,39200000.0,188400000.0,72600000.0,0.21911682504192287,187700000.0,0.9962845010615711,3497400000.0,1043800000.0,195900000.0,503600000.0,2453600000.0,29500000.0,801500000.0,4708751667.06,5821551667.06,5.870641169853768,0.38899920571882446,0.32132441242065535,1.0766430350641885,0.026492754710398074,5.870641169853768,0.03755508718145239,24.993374028980895,30.030303999107144,4.511162739087948,0.7346938775510204,0.023728813559322035,0.006116270730832963,0.053868588094012695,0.22061159650516282,0.011208326185166123,-2047.283333504348,0.9962845010615711,-0.4775578892285004,-0.6614173228346457,-0.6722046434843126,-0.5735851852977837,-0.558560677328316,-0.4787234042553192,-0.44537815126050423,-0.5081768625075712,-0.6992276454839557,-0.700880947714625,Other Industrial Metals & Mining,Basic Materials,STR
2012Q1,2012,Q1,2012-05-03,2012-03-31,75200000.0,425700000.0,130900000.0,0.4194088120468489,425200000.0,0.998825463941743,3539800000.0,1081000000.0,274200000.0,504200000.0,2458800000.0,31900000.0,791100000.0,4719345034.14,5835845034.14,6.066217732884399,0.5438318127727092,0.3177015650601729,1.0403330249768732,0.02517594237878051,6.066217732884399,0.06956521739130435,11.086081827906977,15.689311948603724,4.365721585698427,0.38563829787234044,0.01567398119122257,0.0061449204900706385,0.12026103169670603,0.32705275684252283,0.021244138086897565,40.509399434678116,0.998825463941743,0.2173749284736458,-0.9999997624515947,-0.9999997671381244,-0.9999997724499086,-0.6430789893393771,0.22077922077922077,0.22795497185741087,0.08963599510863206,-0.5502962156933865,-0.6995546327543655,Other Industrial Metals & Mining,Basic Materials,STR
2011Q4,2011,Q4,2012-02-24,2011-12-31,61600000.0,1194400000.0,106600000.0,0.34451901565995524,1191300000.0,0.9974045545880776,3532800000.0,1033500000.0,335400000.0,568800000.0,2499300000.0,25700000.0,744900000.0,4698158299.9800005,5771058299.9800005,5.825817361894025,0.5896624472573839,0.30698029891304346,1.0493468795355587,0.01741774623080922,5.825817361894025,0.059603289791969036,3.9334881948928335,19.067200892775972,4.545871601335269,1.7873376623376624,0.12062256809338522,0.02343471483293117,0.338088768115942,0.240154711673699,0.017436594202898552,38.73172547386645,0.9974045545880776,0.7054168448319668,-0.9335242796347644,-0.7981345279353547,-0.7754220064576,9.269827586206896,0.7063711911357341,0.670846394984326,-0.8753133289241727,-0.5718880439788525,-0.7068342345682351,Other Industrial Metals & Mining,Basic Materials,STR
2011Q3,2011,Q3,2011-11-04,2011-09-30,36100000.0,146000000.0,63800000.0,0.20201454952434247,116000000.0,0.7945205479452054,3328000000.0,1094000000.0,220000000.0,522000000.0,3328000000.0,0.0,712000000.0,4695509958.21,5242509958.21,6.1703327693175405,0.421455938697318,0.16706730769230768,0.5082266910420475,0.03866666666666667,6.1703327693175405,0.0329981718464351,32.161027111027394,32.51738198206371,4.292056634561243,0.22160664819944598,0.0,0.0017037553047911586,0.043870192307692304,0.20114942528735633,0.010847355769230769,670.7871368871429,0.7945205479452054,-0.1042183622828784,-0.8167649778186383,-0.8731095884392582,-0.7523850029655071,-0.072,-0.10421836228287841,-0.13432835820895522,-0.828329075567057,-0.8136373081604179,-0.6708135123068807,Other Industrial Metals & Mining,Basic Materials,STR
2011Q2,2011,Q2,2011-08-09,2011-06-30,40300000.0,156000000.0,73700000.0,0.225517627308338,125000000.0,0.8012820512820513,3221000000.0,1106000000.0,197000000.0,384000000.0,3221000000.0,0.0,703000000.0,4692861616.440001,4962861616.440001,6.241534988713318,0.5130208333333334,0.08506674945669047,0.24773960216998192,0.05340579710144928,6.241534988713318,0.0364376130198915,30.08244625923077,29.112044766997517,4.243093685750452,0.19851116625310175,0.0,0.001704716791983479,0.04843216392424713,0.3020833333333333,0.012511642347097176,276.05068332,0.8012820512820513,-0.4241073465731283,-0.7851827285316352,-0.8739738240151466,-0.7231130248890928,0.8939393939393939,-0.4234620886981402,-0.3998371335504886,-0.7725733634311512,-0.8233114096894254,-0.5525035356153852,Other Industrial Metals & Mining,Basic Materials,STR
2011Q1,2011,Q1,2011-05-06,2011-03-31,69900000.0,66000000.0,122800000.0,0.3915966386554622,66000000.0,1.0,0.0,1089000000.0,13400000.0,473000000.0,3267000000.0,0.0,690000000.0,4687564932.9,4858564932.9,6.1525423728813555,0.028329809725158563,0.0,0.15794306703397612,0.09738302934179223,6.1525423728813555,0.06418732782369146,71.02371110454546,16.76525369420601,4.304467339669422,0.10014306151645208,0.0,0.001493312647440895,0.0,0.3095137420718816,0.0,334.82606663571426,1.0,-0.7280155642023347,-0.7545672353292132,-0.9651247000079428,-0.7118978518996455,-0.9084604715672677,-0.7280155642023346,-0.5750865051903115,-0.6328355474118186,-0.9386262265834077,-0.5853302162478083,Other Industrial Metals & Mining,Basic Materials,STR
2010Q4,2010,Q4,2011-03-01,2010-12-31,257000000.0,978000000.0,289000000.0,1.4397759103641457,721000000.0,0.7372188139059305,0.0,1036000000.0,13100000.0,655000000.0,3373000000.0,0.0,647000000.0,4687564932.9,5150564932.9,5.853107344632768,0.02,0.0,0.4671814671814672,0.19013157894736843,5.853107344632768,0.24806949806949807,4.793011178834355,4.559888067023346,4.524676576158301,0.0311284046692607,0.0,0.001706643025646737,0.0,0.2383206106870229,0.0,-203.80717099565214,0.7372188139059305,4.840909090909091,-0.5263437934965257,-0.781274035779158,-0.6797716710712542,4.909836065573771,4.840909090909091,4.351851851851852,-0.3661418451920044,-0.5736326238869752,-0.6093385862332805,Other Industrial Metals & Mining,Basic Materials,STR
2010Q3,2010,Q3,2010-11-04,2010-09-30,44000000.0,145000000.0,54000000.0,0.24649859943977592,122000000.0,0.8413793103448276,0.0,974000000.0,12900000.0,775000000.0,3167000000.0,0.0,617000000.0,4687564932.9,5472564932.9,5.502824858757062,0.01664516129032258,0.0,0.811088295687885,0.030612244897959183,5.502824858757062,0.045174537987679675,32.32803402,26.633891664204544,4.812695002977413,0.5454545454545454,0.0,0.005119929076940211,0.0,0.09535483870967743,0.0,25.898148800552484,0.8413793103448276,0.012241933810561358,3.1973245274118005,-0.8750127120166465,-0.6447412873751364,17.266666666666666,0.018518518518518517,-0.18305597579425115,-0.6216189190540472,-0.7164910366151712,-0.622613287198479,Other Industrial Metals & Mining,Basic Materials,STR
2010Q2,2010,Q2,2010-08-05,2010-06-30,43200000.0,10500000.0,66100000.0,0.24351747463359638,-7500000.0,-0.7142857142857143,0.0,970000000.0,12500000.0,656000000.0,3077000000.0,0.0,597000000.0,4634598097.5,5319598097.5,5.542857142857143,0.019054878048780487,0.0,0.711340206185567,0.039819277108433734,5.542857142857143,0.0445360824742268,441.390295,26.82059084201389,4.777936182989691,1.0416666666666667,0.0,0.009709579785197328,0.0,0.15167682926829268,0.0,-33.34243235611511,-0.7142857142857143,-0.712,-0.6557772325324814,-0.806448,-0.6831304869124227,-1.0113808801213962,-0.712,-0.7524344569288389,-0.6208979591836734,-0.9814388489208633,-0.5973938223938224,Other Industrial Metals & Mining,Basic Materials,STR
2010Q1,2010,Q1,2010-05-05,2010-03-31,150000000.0,984000000.0,267000000.0,0.8455467869222097,659000000.0,0.6697154471544715,9207000000.0,3825000000.0,894000000.0,1011000000.0,9207000000.0,0.0,3205000000.0,4634598097.5,4892598097.5,21.857142857142858,0.884272997032641,0.029108287172803303,0.07006535947712418,0.06523332518934767,21.857142857142858,0.0392156862745098,4.709957416158536,7.7243301625,1.2116596333333334,0.0,0.0,0.0,0.1068752036493972,0.41641938674579626,0.016291951775822745,0.0,0.6697154471544715,-0.4949494949494949,-0.23971137666486036,-0.30229606565611183,0.31042359821525595,-0.634498058790904,-0.494949494949495,-0.6301939058171745,-0.9999995175023653,-0.9999994519003933,-0.9999991801160004,Other Industrial Metals & Mining,Basic Materials,STR
2009Q4,2009,Q4,2010-03-01,2009-12-31,297000000.0,2439000000.0,722000000.0,1.6741826381059752,1803000000.0,0.7392373923739237,900000000.0,3502000000.0,831000000.0,948000000.0,8897000000.0,0.0,3077000000.0,4634598097.5,4942598097.5,20.01142857142857,0.8765822784810127,0.37555555555555553,0.09651627641347801,0.18802083333333333,20.01142857142857,0.08480868075385493,1.9002042220172202,3.901176849747475,1.3234146480582525,0.29292929292929293,0.0,0.018771854251381503,2.71,0.43776371308016876,0.33,56.51948899390244,0.7392373923739237,2.0066953500678744,-0.26101586311380454,-0.24256643915775794,0.16434158659413906,2.4739884393063583,2.0306122448979593,2.7801047120418847,-0.6750965250965251,-0.5821315192743763,-0.22858438613540658,Other Industrial Metals & Mining,Basic Materials,STR
2009Q3,2009,Q3,2009-11-05,2009-09-30,98000000.0,599000000.0,191000000.0,0.5568181818181818,519000000.0,0.8664440734557596,8380000000.0,3341000000.0,691000000.0,726000000.0,8380000000.0,0.0,2950000000.0,4608114679.8,4670114679.8,19.201149425287355,0.9517906336088154,0.009069212410501194,0.022747680335228972,0.055896985659935616,19.201149425287355,0.029332535169111044,7.693012821035059,11.755394591326532,1.379262101107453,0.0,0.0,0.0,0.07147971360381862,0.4214876033057851,0.011694510739856803,0.0,0.8664440734557596,0.25641025641025633,0.27702577611332396,-0.19954815915659357,0.22186798642239744,-0.011428571428571429,0.2564102564102564,0.09142857142857143,-0.49314136905625633,-0.4695282509895297,-0.22945929567308473,Other Industrial Metals & Mining,Basic Materials,STR
2009Q2,2009,Q2,2009-08-04,2009-06-30,78000000.0,613000000.0,175000000.0,0.4431818181818182,525000000.0,0.8564437194127243,8404000000.0,3415000000.0,806000000.0,713000000.0,8404000000.0,0.0,2873000000.0,4608114679.8,4664114679.8,19.626436781609197,1.1304347826086956,0.008329366968110423,0.020497803806734993,0.05021520803443329,19.626436781609197,0.022840409956076134,7.517315953996738,14.769598332692308,1.3493747232210833,0.0,0.0,0.0,0.07294145644930985,0.423562412342216,0.009281294621608758,0.0,0.8564437194127243,0.15756445047489828,-0.11770049038832402,-0.20143432809798356,0.24489831775400922,-0.13079470198675497,0.16417910447761194,-0.3445692883895131,-0.5765781923893855,-0.49567429525094553,-0.12933201167786923,Other Industrial Metals & Mining,Basic Materials,STR
2009Q1,2009,Q1,2009-05-07,2009-03-31,67000000.0,919000000.0,267000000.0,0.38285714285714284,604000000.0,0.6572361262241567,8582000000.0,3493000000.0,1034000000.0,822000000.0,8582000000.0,0.0,2817000000.0,4581631262.1,4695631262.1,20.190751445086704,1.2579075425790753,0.015147984152878116,0.03721729172630976,0.07369583218327352,20.190751445086704,0.019181219582021184,4.9854529511425465,17.095639037686567,1.3116608251073576,0.0,0.0,0.0,0.10708459566534607,0.4708029197080292,0.007807037986483337,0.0,0.6572361262241567,-0.8593259767372502,-0.579326154890639,-0.22057227542123545,0.26956534836466867,-0.6697648988518315,-0.860125260960334,-0.6913294797687861,-0.759310397493458,-0.5031598421257684,-0.054537374869699506,Other Industrial Metals & Mining,Basic Materials,STR
2008Q4,2008,Q4,2009-02-27,2008-12-31,479000000.0,2705000000.0,865000000.0,2.721590909090909,1829000000.0,0.6761552680221812,1255000000.0,3418000000.0,1185000000.0,1131000000.0,8630000000.0,0.0,2772000000.0,4555147844.4,4994147844.4,19.872093023255815,1.0477453580901857,0.36812749003984063,0.13516676418958457,0.22293814432989692,19.872093023255815,0.1401404330017554,1.6839733251016635,2.37742580605428,1.3326939275599765,0.0,0.0,0.0,2.1553784860557768,0.4005305039787798,0.3816733067729084,-4.892747416111708,0.6761552680221812,1.3480392156862744,0.5891083599776951,0.0931923693696133,0.3029478156804367,1.9077901430842608,1.3480392156862746,1.3066666666666666,-0.09153031047000142,-0.3774509512800459,0.08721859457936501,Other Industrial Metals & Mining,Basic Materials,STR
2008Q3,2008,Q3,2008-10-31,2008-09-30,204000000.0,760000000.0,375000000.0,1.1590909090909092,629000000.0,0.8276315789473684,7762000000.0,3224000000.0,796000000.0,777000000.0,7762000000.0,0.0,2672000000.0,4555147844.4,4651147844.4,18.74418604651163,1.0244530244530246,0.014171605256377222,0.034119106699751864,0.11247750449910018,18.74418604651163,0.06327543424317618,5.993615584736841,5.582289025,1.4128870485111662,0.0,0.0,0.0,0.0979129090440608,0.44144144144144143,0.026281886111826847,0.0,0.8276315789473684,0.18604651162790703,10.678169809705071,128.2465247575126,0.2725740837144087,0.05008347245409015,0.18604651162790697,0.3204225352112676,19.026029867307784,-0.32585044187968276,0.21011218328848416,Other Industrial Metals & Mining,Basic Materials,STR
2008Q2,2008,Q2,2008-08-05,2008-06-30,172000000.0,857000000.0,284000000.0,0.9772727272727273,599000000.0,0.6989498249708285,7292000000.0,2399000000.0,791000000.0,1227000000.0,7292000000.0,0.0,2489000000.0,4555147844.4,4843147844.4,13.94767441860465,0.6446617766911166,0.04141524958859023,0.12588578574406004,0.1051462421325435,13.94767441860465,0.0716965402250938,5.315225022637105,6.620854425,1.898769422426011,0.0,0.0,0.0,0.11752605595172792,0.36674816625916873,0.023587493143170598,0.0,0.6989498249708285,-0.07027027027027016,3.078433307024467,0.5219620342945264,-0.02519683409393511,0.0033500837520938024,-0.07027027027027027,-0.07792207792207792,0.3944209330281423,15.073068217054267,-0.20265078319352595,Other Industrial Metals & Mining,Basic Materials,STR
2008Q1,2008,Q1,2008-05-05,2008-03-31,185000000.0,1045000000.0,308000000.0,1.0511363636363635,597000000.0,0.5712918660287082,6883000000.0,2552000000.0,666000000.0,962000000.0,6883000000.0,0.0,2338000000.0,4555147844.4,4856147844.4,14.837209302325581,0.6923076923076923,0.044166787737904986,0.11912225705329153,0.10784313725490197,14.837209302325581,0.07249216300940439,4.358993152535885,6.155605195135136,1.784932540909091,0.0,0.0,0.0,0.1518233328490484,0.41995841995842,0.02687781490629086,0.0,0.5712918660287082,-0.5331247115828335,0.3685192889166551,0.06330821680609798,0.03405589684727064,-0.5738758029978587,-0.5304568527918782,-0.5326251896813353,-0.04595565191956803,-0.2461204445952771,-0.11044964437918639,Other Industrial Metals & Mining,Basic Materials,STR
2007Q4,2007,Q4,2008-02-27,2007-12-31,394000000.0,2229000000.0,659000000.0,2.2514285714285713,1401000000.0,0.6285329744279946,728000000.0,2577000000.0,658000000.0,998000000.0,5944000000.0,0.0,2173000000.0,4555147844.4,5061147844.4,14.982558139534884,0.6593186372745491,0.7142857142857143,0.20178502134264648,0.21278656764610915,14.982558139534884,0.15289095847885137,2.0435836,2.8903222362944163,1.7676165480791617,0.0,0.0,0.0,3.0618131868131866,0.3997995991983968,0.5412087912087912,-18.822924976859504,0.6285329744279946,2.4867256637168142,72.61019700183813,143.8960832793526,2.74971488290119,2.4338235294117645,2.4867256637168142,2.620879120879121,-0.002565260388709143,-0.29570855324442546,-0.1282573628785347,Other Industrial Metals & Mining,Basic Materials,STR
2007Q3,2007,Q3,2007-11-02,2007-09-30,113000000.0,497000000.0,182000000.0,0.6457142857142857,408000000.0,0.8209255533199196,5568000000.0,2508000000.0,508000000.0,770000000.0,5568000000.0,0.0,2064000000.0,4555147844.4,4913147844.4,14.581395348837209,0.6597402597402597,0.06824712643678162,0.15151515151515152,0.06301939058171745,14.581395348837209,0.04505582137161084,9.165287413279676,10.077760717699116,1.8162471468899524,0.0,0.0,0.0,0.08926005747126436,0.38181818181818183,0.02029454022988506,0.0,0.8209255533199196,0.008928571428571362,5.468790139689571,83.52042474274178,-0.010044726440528312,-0.06636155606407322,0.008928571428571428,-0.07614213197969544,0.4896108691231712,-0.32812949593842355,-0.07211074819048245,Other Industrial Metals & Mining,Basic Materials,STR
2007Q2,2007,Q2,2007-08-03,2007-06-20,112000000.0,556000000.0,197000000.0,0.64,437000000.0,0.7859712230215827,5214000000.0,2368000000.0,494000000.0,607000000.0,5214000000.0,0.0,1972000000.0,4555147844.4,4656147844.4,13.767441860465116,0.8138385502471169,0.023782125047947834,0.052364864864864864,0.0790529695024077,13.767441860465116,0.0472972972972973,8.192711950359712,10.167740724107142,1.92362662347973,0.0,0.0,0.0,0.10663598005370158,0.5387149917627677,0.021480629075565784,0.0,0.7859712230215827,-0.9999996312582782,0.0,0.0,0.0,-0.08958333333333333,-0.2582781456953642,-0.17916666666666667,0.2816229012606099,-0.26726699265441906,-0.12673576958558366,Other Industrial Metals & Mining,Basic Materials,STR
2007Q1,2007,Q1,2007-05-04,2007-03-31,151000000.0,872000000.0,240000000.0,1735632.183908046,480000000.0,0.5504587155963303,4979000000.0,2266000000.0,561000000.0,542000000.0,4979000000.0,0.0,1881000000.0,2251.0905045,1010002251.0905045,26658823.529411763,1.0350553505535056,0.0837517573810002,0.18402471315092675,0.0894521058516586,26658823.529411763,0.06663724624889673,2.581525807912844e-06,3.726971033940397e-06,9.934203462047662e-07,0.0,0.0,0.0,0.17513556939144406,0.6826568265682657,0.030327374974894558,0.0,0.5504587155963303,340089.09009009006,2260296.804244411,1795430.6869062292,1857943.651982378,-0.7022332506203474,-0.6599099099099099,-0.6825396825396826,1929632.5128695061,1505232.9348275505,1676267.3980910415,Other Industrial Metals & Mining,Basic Materials,STR
