Quarters,Year,Quarter,FillingDate,Date,NetIncome,Revenue,OperatingIncome,EPSDiluted,GrossProfit,GrossProfitRatio,TotalAssets,CommonStockEquity,CurrentAssets,CurrentLiability,TotalLiability,Inventory,RetainedEarnings,MarketCap,EnterpriseValue,bookValuePerShare,currentRatio,debtToAssets,debtToEquity,roic,shareholdersEquityPerShare,roe,priceToSalesRatio,peRatio,pbRatio,payoutRatio,inventoryTurnover,dividendYield,assetTurnover,quickRatio,returnOnAssets,priceToFreeCashFlowsRatio,grossProfitMargin,epsdilutedGrowth,fiveYNetIncomeGrowthPerShare,fiveYRevenueGrowthPerShare,fiveYShareholdersEquityGrowthPerShare,grossProfitGrowth,netIncomeGrowth,operatingIncomeGrowth,threeYNetIncomeGrowthPerShare,threeYRevenueGrowthPerShare,threeYShareholdersEquityGrowthPerShare,Industry,Sector,Symbol
2023Q1,2023,Q1,2023-05-22,2023-03-31,1706425.0,0.0,1149429.0,0.0485,0.0,0.0,262919687.0,251933911.0,522890.0,2029526.0,10985776.0,0.0,-9136652.0,360902500.0,360594023.0,7.155180658903721,0.25764143942969936,0.0,0.0,0.0034396748079412597,7.155180658903721,0.0067733041305423946,0.0,52.874064198543735,1.43252846973824,0.0,0.0,0.0,0.0,0.1519946036660777,0.006490289941658116,-789.6000612597633,0.0,0.9556451612903227,5.997452109916565,0.0,0.014095401336123303,0.0,0.3820944287766894,8.34586158634397,5.997452109916565,0.0,0.014095401336123303,Shell Companies,Financial Services,ATEK
2022Q4,2022,Q4,2023-03-30,2022-12-31,1234666.0,0.0,-156473.0,0.0248,0.0,0.0,260691306.0,250227486.0,706332.0,1507570.0,10463820.0,0.0,-8770255.0,354212569.82,353793684.82,7.106717049706082,0.46852351797926467,0.0,0.0,-0.00045599113380131594,7.106717049706082,0.004934174177811945,0.0,71.72234633091055,1.4155621969522567,0.0,0.0,0.0,0.0,0.27785442798676013,0.004736122653817999,-3632.0926327122834,0.0,0.23999999999999994,11.216645696409643,0.0,32400.964270660388,0.0,1.127065836283605,-1.1924895219654295,11.216645696409643,0.0,32400.964270660388,Shell Companies,Financial Services,ATEK
2022Q3,2022,Q3,2022-11-14,2022-09-30,580455.0,0.0,812891.0,0.02,0.0,0.0,258686082.0,248992820.0,805774.0,737012.0,9693262.0,0.0,-8345419.0,347522700.0,347006292.0,7.071650667424027,1.0932983452101186,0.0,0.0,0.00233121179960129,7.071650667424027,0.00233121179960129,0.0,149.6768483344962,1.3957137398580408,0.0,0.0,0.0,0.0,0.7006778722734501,0.0022438586394454728,-1687.9129045262252,0.0,34.333333333333336,156.24498038395242,0.0,3239.317544928464,0.0,30.32331396817378,27.74539410870257,156.24498038395242,0.0,3239.317544928464,Shell Companies,Financial Services,ATEK
2022Q2,2022,Q2,2022-08-12,2022-06-30,-19795.0,0.0,28279.0,-0.0006,0.0,0.0,257826082.0,248412365.0,1016919.0,457467.0,9413717.0,0.0,-7876118.0,345058000.0,344335703.0,7.05516515194547,2.222934113280302,0.0,0.0,-7.968604944443887e-05,7.05516515194547,-7.968604944443888e-05,0.0,-4357.893407426118,1.3890532381510077,0.0,0.0,0.0,0.0,1.5789051450705733,-7.677656134106712e-05,-3799.0685589086947,0.0,0.9381443298969072,0.0,0.0,0.0,0.0,0.9420281790786009,1.081605503660546,0.0,0.0,0.0,Shell Companies,Financial Services,ATEK
2022Q1,2022,Q1,2022-05-12,2022-03-31,-341459.0,0.0,-346533.0,-0.0097,0.0,0.0,257662253.0,248432160.0,1122944.0,273843.0,9230093.0,0.0,-7856323.0,344353800.0,343540676.0,7.055727350184607,4.100685429242303,0.0,0.0,-0.0013744557065397652,7.055727350184607,-0.0013744557065397652,0.0,-252.11943454411804,1.3861079821549673,0.0,0.0,0.0,0.0,2.9693072307855233,-0.0013252193366484301,-482.7344604256035,0.0,-1.8529411764705883,0.0,0.0,0.0,0.0,-1.9041803104401447,-1.639607867034323,0.0,0.0,0.0,Shell Companies,Financial Services,ATEK
2021Q4,2021,Q4,2022-03-30,2021-12-31,-117575.0,0.0,-131282.0,-0.0034,0.0,0.0,2147.713999999999,-7513.881,1856.425,705.345,9661.595,0.0,-7514.864,327147187.5,327145661.036,-0.00021934336070060208,2.6319389802153554,0.0,0.0,15.64770589260064,-0.00021934336070060208,15.64770589260064,0.0,-695.613836912609,-43539.0429393279,0.0,0.0,0.0,0.0,2.1641381168080867,-54.74425365760993,-9444202.872401847,0.0,-31.075471698113205,0.0,0.0,0.0,0.0,-100.35775862068965,-112.17413793103448,0.0,0.0,0.0,Shell Companies,Financial Services,ATEK
2021Q3,2021,Q3,2022-01-20,2021-09-30,-1160.0,0.0,-1160.0,-0.000106,0.0,0.0,45000.0,23840.0,25000.0,21160.0,21160.0,0.0,-1160.0,104322118.10000001,104322118.10000001,0.0021823943392499045,1.1814744801512287,0.0,0.0,-0.04865771812080537,0.0021823943392499045,-0.04865771812080537,0.0,-22483.21510775862,4375.927772651007,0.0,0.0,0.0,0.0,0.0,-0.025777777777777778,0.0,0.0,0.0,0.0,0.0,0.0,0.0,0.0,0.0,0.0,0.0,0.0,Shell Companies,Financial Services,ATEK
