Quarters,Year,Quarter,FillingDate,Date,NetIncome,Revenue,OperatingIncome,EPSDiluted,GrossProfit,GrossProfitRatio,TotalAssets,CommonStockEquity,CurrentAssets,CurrentLiability,TotalLiability,Inventory,RetainedEarnings,MarketCap,EnterpriseValue,bookValuePerShare,currentRatio,debtToAssets,debtToEquity,roic,shareholdersEquityPerShare,roe,priceToSalesRatio,peRatio,pbRatio,payoutRatio,inventoryTurnover,dividendYield,assetTurnover,quickRatio,returnOnAssets,priceToFreeCashFlowsRatio,grossProfitMargin,epsdilutedGrowth,fiveYNetIncomeGrowthPerShare,fiveYRevenueGrowthPerShare,fiveYShareholdersEquityGrowthPerShare,grossProfitGrowth,netIncomeGrowth,operatingIncomeGrowth,threeYNetIncomeGrowthPerShare,threeYRevenueGrowthPerShare,threeYShareholdersEquityGrowthPerShare,Industry,Sector,Symbol
2023Q1,2023,Q1,2023-07-03,2023-03-31,-1187036.0,25470.0,-1184840.0,-0.15,8017.0,0.3147624656,1861437.0,1125030.0,675533.0,736407.0,736407.0,0.0,-40553612.0,5160054.25,4712079.25,0.14171740539355765,0.9173364729015341,0.0,0.0,-1.056345315124729,0.14171740539355765,-1.0551149747117854,202.59341382018061,-1.0867518445101918,4.586592579753429,0.0,0.0,0.0,0.01368297718375642,0.6316181133530778,-0.6376987241577341,-5.093266249668102,0.31476246564585786,0.11764705882352951,0.023071672054434816,1.5524671001727885,1.146852882100118,0.5325941502580769,0.10766415812884277,0.10750213738790483,0.023071672054434816,1.5524671001727885,1.146852882100118,Health Information Services,Healthcare,ACON
2022Q4,2022,Q4,2023-02-27,2022-12-31,-1330257.0,22520.0,-1327555.0,-0.17,5231.0,0.2322824156,3205961.0,1787752.0,1988240.0,1418209.0,1418209.0,301331.0,-39907101.0,4536478.699999999,3063672.6999999993,0.2285685062292919,1.4019372321004873,0.0,0.0,-0.7433383526007364,0.2285685062292919,-0.7440948185206897,201.4422158081705,-0.8525568179682571,2.537532442978668,0.0,0.05737544427888269,0.0,0.007024414832245308,1.0515904214399994,-0.4149323712921024,-3.8337487249651603,0.23228241563055063,0.19047619047619038,-1.7736937171035823,1.389813108254032,1.2670736648047383,3.38107202680067,0.18529390509344038,0.18717473029401321,-1.7736937171035823,1.389813108254032,1.2670736648047383,Health Information Services,Healthcare,ACON
2022Q3,2022,Q3,2022-11-14,2022-09-30,-1632806.0,18222.0,-1633260.0,-0.21,1194.0,0.0655251893,4101162.0,2932736.0,2879921.0,1168426.0,1168426.0,0.0,-38578195.0,6085138.67,3429030.67,0.3749575369989062,2.4647868157675368,0.0,0.0,-0.5568291753658804,0.3749575369989062,-0.5567517839996509,333.9446092635276,-0.9316995818854169,2.0749016174657386,0.0,0.0,0.0,0.004443130995556869,2.295059336235243,-0.39813252926853415,-5.352998376103564,0.06552518933157721,0.676923076923077,0.0,0.0,0.0,1.334172963895886,0.6766483240649956,0.30952088039195047,0.0,0.0,0.0,Health Information Services,Healthcare,ACON
2022Q2,2022,Q2,2022-08-15,2022-06-30,-5049629.0,10676.0,-2365401.0,-0.65,-3573.0,-0.3346759086,5620989.0,4239570.0,4389363.0,1381419.0,1381419.0,0.0,-36945162.0,7144953.9525,3352073.9524999997,0.5420394897919393,3.177430598536722,0.0,0.0,-0.7599053818309047,0.5420394897919393,-1.19107102842977,669.253835940427,-0.3537365790882855,1.6853015641916516,-0.08228782748197937,0.0,0.05815614806791157,0.001899309890127876,2.749286784096643,-0.8983524073788438,-2.532249244573261,-0.3346759085799925,-3.3333333333333335,0.0,0.0,0.0,0.5363353231248378,-3.5944311403397036,-2.059631354287932,0.0,0.0,0.0,Health Information Services,Healthcare,ACON
2022Q1,2022,Q1,2022-06-06,2022-03-31,-1099076.0,9026.0,-773100.0,-0.15,-7706.0,-0.8537558165,1807990.0,-6929600.0,565480.0,8737590.0,8737590.0,0.0,-33109439.0,19531533.92,21481084.92,-0.965029786047649,0.06471807443471254,1.106200808632791,-0.28861694758716233,0.18413444572954665,-0.965029786047649,0.158605980143154,2163.9191136716154,-4.442716863983929,-2.818565850842762,0.0,0.0,0.0,0.004992284249359786,0.0072066782716973445,-0.6078993799744468,-49.815048217077596,-0.8537558165300244,0.625,0.0,0.0,0.0,-0.8157398680490103,0.6676417988800394,0.739337835158744,0.0,0.0,0.0,Health Information Services,Healthcare,ACON
2021Q4,2021,Q4,2021-12-31,2021-12-31,-3306902.0,11977.0,-2965908.0,-0.4,-4244.0,-0.3543458295,1889465.0,-5729319.0,732204.0,7618784.0,7618784.0,0.0,-31886036.0,22513222.400000002,24060692.400000002,-0.692204225726478,0.09610510023646818,1.0585006867023206,-0.34908162732778536,0.8385275362722207,-0.692204225726478,0.5771893657867541,1879.7046338816067,-1.7019874190405402,-3.929476155892175,0.0,0.0,0.0,0.006338831362316846,0.06022089614300655,-1.7501790189286386,-38.0411725345211,-0.35434582950655424,0.0,-5.5157798094803425,0.20106283122384125,0.19118551191544209,0.0,0.0,0.0,-5.5157798094803425,0.20106283122384125,0.19118551191544209,Health Information Services,Healthcare,ACON
2020Q4,2020,Q4,2020-12-31,2020-12-31,-507522.0,9972.0,-453951.0,-0.06132,-6371.0,-0.6388888888888888,1291757.0,-7083600.0,97129.0,8375359.0,8375357.0,0.0,-25930149.0,22513219.680000003,24875071.680000003,-0.8558257003602427,0.011596995424315543,1.8400024153149548,-0.3355406855271331,0.09644651824480684,-0.8558257003602427,0.07164746738946298,2257.643369434417,-11.089775260973909,-3.178217245468406,0.0,0.0,0.0,0.007719718182289703,0.004475748442544373,-0.39289278091777324,-187.9155267309378,-0.6388888888888888,0.0,0.0,0.0,0.0,0.0,0.0,0.0,0.0,0.0,0.0,Health Information Services,Healthcare,ACON
2021Q3,2021,Q3,2021-09-30,2021-09-30,,,,,,,2654608.0,-9490189.0,1467827.0,12144798.0,12144797.0,0.0,-28460607.0,0.0,698190.0,0.0,0.12086055280623029,0.7534069060290635,-0.2107439588400189,,0.0,,0.0,0.0,0.0,0.0,0.0,,,0.10806997366279784,,0.0,0.0,0.0,0.0,0.0,0.0,0.0,0.0,0.0,0.0,0.0,0.0,Health Information Services,Healthcare,ACON
