Quarters,Year,Quarter,FillingDate,Date,NetIncome,Revenue,OperatingIncome,EPSDiluted,GrossProfit,GrossProfitRatio,TotalAssets,CommonStockEquity,CurrentAssets,CurrentLiability,TotalLiability,Inventory,RetainedEarnings,MarketCap,EnterpriseValue,bookValuePerShare,currentRatio,debtToAssets,debtToEquity,roic,shareholdersEquityPerShare,roe,priceToSalesRatio,peRatio,pbRatio,payoutRatio,inventoryTurnover,dividendYield,assetTurnover,quickRatio,returnOnAssets,priceToFreeCashFlowsRatio,grossProfitMargin,epsdilutedGrowth,fiveYNetIncomeGrowthPerShare,fiveYRevenueGrowthPerShare,fiveYShareholdersEquityGrowthPerShare,grossProfitGrowth,netIncomeGrowth,operatingIncomeGrowth,threeYNetIncomeGrowthPerShare,threeYRevenueGrowthPerShare,threeYShareholdersEquityGrowthPerShare,Industry,Sector,Symbol
2023Q1,2023,Q1,2023-05-08,2023-03-31,-583137.0,8729725.0,-780192.0,-0.6,477503.0,0.0546985157,33692247.0,30191112.0,21723067.0,2596051.0,3501135.0,9998952.0,32527980.0,28713443.04,26447720.04,31.24946901665611,8.36773507146046,0.0,0.0,-0.02044300669963807,31.24946901665611,-0.019314856637277885,3.2891577959214064,-12.3099044649885,0.9510561598393593,-0.36449239201079675,0.8253086923509584,0.0074024212179606315,0.259101893678982,4.095372933736664,-0.01730775035574208,-13.905966566722958,0.05469851570353018,0.5588235294117647,-1.8238865309951569,-0.1280425456725825,0.03838677165302337,1.7864222377401249,0.5557552367428282,0.5640740109569293,-11.308602036487061,0.15221762684527268,0.040999383284889696,Tools & Accessories,Industrials,CVR
2022Q4,2022,Q4,2023-03-29,2022-12-31,-1312648.0,6857154.0,-1789735.0,-1.36,-607184.0,-0.0885475228,33626127.0,30986798.0,21764334.0,1691245.0,2639329.0,9121230.0,33323666.0,27660359.16,23615258.16,32.07304798930167,12.868823854615979,0.0,0.0,-0.043732004938571004,32.07304798930167,-0.04236152441436511,4.033795822581788,-5.268045805120641,0.892649803958447,-0.16192383639787666,0.818347744766879,0.007684245846936429,0.2039233956381596,6.92462534996408,-0.03903655035859467,-24.56336142483407,-0.08854752277694215,-1.3665768194070083,-2.704804083275972,-0.18937766952909899,0.07369529855469284,-1.5421731070766527,-1.3667577520354506,-12.716861975673874,-3.4665514284547645,-0.04589056191706985,0.06271929853141307,Tools & Accessories,Industrials,CVR
2022Q3,2022,Q3,2022-11-08,2022-09-30,3579060.0,8567785.0,-130477.0,3.71,1119908.0,0.1307114966,36898974.0,32511995.0,24991320.0,3486895.0,4386979.0,9921472.0,34848863.0,24897221.64,19568489.64,33.65171115334137,7.167213236991651,0.0,0.0,-0.003108262685098082,33.65171115334137,0.11008429350459731,2.9059111123820216,1.7390894285091616,0.7657857243149797,0.05938682223824133,0.7506826607987201,0.008537056988660844,0.2321957515675097,4.200827957251366,0.0969961929022742,-69.21836142689142,0.13071149661201817,22.1875,9.657197731028631,0.02158510394245416,0.14951565614259096,-0.2257150106784054,22.25514606507953,-1.715114877011444,10.333419886826032,0.046267480206450225,0.09599146588206897,Tools & Accessories,Industrials,CVR
2022Q2,2022,Q2,2022-08-05,2022-06-30,153904.0,9023398.0,182456.0,0.16,1446377.0,0.1602918324,32530872.0,29145484.0,20486153.0,2505304.0,3385388.0,9615373.0,31482352.0,27525100.68,26662368.68,30.167186264402794,8.177112637827586,0.0,0.0,0.0049432893594274045,30.167186264402794,0.0052805436341355665,3.050414121154802,44.711477089614306,0.944403622873444,1.3810492254912152,0.7880111359174522,0.007722006268788696,0.2773795304349665,4.169537509220438,0.004731013666033914,-114.62296648565813,0.16029183241169237,-0.6521739130434784,-0.6671302354251604,-0.043676503692223055,0.035709291659457285,-0.22079524970612352,-0.6559366707428579,-0.674510041779798,-0.32956669091606083,0.01666923742804738,-0.014063293480659727,Tools & Accessories,Industrials,CVR
2022Q1,2022,Q1,2022-05-06,2022-03-31,447313.0,9197696.0,560558.0,0.46,1856222.0,0.2018138021,32966300.0,29204129.0,20692266.0,2860087.0,3762171.0,9613240.0,31540997.0,25534868.759999998,24219451.759999998,30.22788707961231,7.2348379612228575,0.0,0.0,0.015054784583105446,30.22788707961231,0.01531677250158702,2.7762244762166524,14.271253439984976,0.8743581690109642,0.47516839439050507,0.7636836279963883,0.008323872818682933,0.27900298183296274,3.739336600599912,0.01356879601289802,-50.16791900791374,0.20181380206521285,4.476190476190476,-0.12449845573296896,-0.030119281977727952,0.047814299308317904,0.46442064870178384,4.510273719480647,4.087748915391457,0.5594403887854638,0.0668104283180141,-0.011510651057693224,Tools & Accessories,Industrials,CVR
2021Q4,2021,Q4,2022-03-21,2021-12-31,81178.0,7749488.0,110178.0,0.084,1267547.0,0.1635652575,31766258.0,28969365.0,19292394.0,1870809.0,2796893.0,8519780.0,31306233.0,25385118.299999997,23348164.299999997,29.984893368608017,10.312326913116197,0.0,0.0,0.0028022015670692126,29.984893368608017,0.0028022015670692126,3.2757155440462644,78.17733345241321,0.8762745852385787,2.6183079159378155,0.7608108425334926,0.008372976540353566,0.24395344267492886,5.572956940018997,0.002555478835436015,-40.565628280910666,0.16356525747249367,-0.5333333333333333,-0.8206149800567912,-0.11444330971426167,0.03862910143347939,-0.1470251966479838,-0.5298362668612699,-0.4378243232900477,-0.7316926453284681,-0.08977063640981824,-0.026558826151389877,Tools & Accessories,Industrials,CVR
2021Q3,2021,Q3,2021-11-09,2021-09-30,172659.0,8555731.0,195985.0,0.18,1486031.0,0.17368837332543532,32632049.0,29100736.0,19913897.0,2614229.0,3531313.0,7745270.0,31437604.0,25959966.84,23084684.84,30.120869612019888,7.617502904297979,0.0,0.0,0.005599604103828955,30.120869612019888,0.005933148907299114,3.03421961723668,37.588493562455476,0.89207251802841,1.2310334242640117,0.9127764429129004,0.008187568239590248,0.26218797967605406,4.472073793076276,0.005291086685975496,-63.43256332879661,0.17368837332543532,-0.4545454545454546,-0.6265451658883608,-0.033717388912970166,0.05312996786116806,-0.11391605752150916,-0.4596080837039564,-0.5004575241697656,-0.3999666375903999,-0.033911058983526456,-0.018858512220516283,Tools & Accessories,Industrials,CVR
2021Q2,2021,Q2,2021-08-11,2021-06-30,319507.0,8364390.0,392329.0,0.33,1677077.0,0.20050200911243976,32421575.0,29140626.0,19602048.0,2341865.0,3280949.0,7056669.0,31477494.0,24996443.396399997,20760159.396399997,30.162157965992225,8.370272411091161,0.0,0.0,0.010581905606693785,30.162157965992225,0.01096431490524603,2.9884359046385924,19.558603877536328,0.8577867680810974,0.6652405111625097,0.9476585907600314,0.008503169696158112,0.2579883919889765,5.184014450021671,0.009854764921198307,66.2917820875335,0.20050200911243976,-0.41071428571428575,-0.5981342265165227,-0.14829243854581073,0.06569713472232547,-0.1756554761833372,-0.40846058712009004,-0.41638204440107346,-0.5455687164695374,-0.1458618917766388,-0.014694531435438174,Tools & Accessories,Industrials,CVR
2021Q1,2021,Q1,2021-05-07,2021-03-31,540128.0,9304949.0,672236.0,0.56,2034437.0,0.218640317104371,32553529.0,29033668.0,19632428.0,2539777.0,3519861.0,6311960.0,31370536.0,24636366.0,21560600.0,30.0514505264291,7.729981018018511,0.0,0.0,0.018121197907501205,30.0514505264291,0.018603505419983447,2.647662657796405,11.403022061437289,0.8485447308965578,0.39351598139700217,1.151862812818839,0.008627449356776076,0.2858353390810563,5.093225507593777,0.016591995294887998,-24.09622501995274,0.218640317104371,0.16536084073036206,-0.1652543748077835,-0.03037036303736967,0.08646592400653878,0.07407350702063004,0.16340953295868937,0.026834975896179437,-0.2368788394264949,-0.0705870296387974,-0.001422114436669646,Tools & Accessories,Industrials,CVR
2020Q4,2020,Q4,2021-03-19,2020-12-31,464263.0,8265419.0,654668.0,0.48053785611075917,1894132.0,0.2291634580170709,31238071.0,28706089.0,18087187.0,1520898.0,2531982.0,5153294.0,31042957.0,22085777.52,19518046.52,29.712388162280103,11.892439203680983,0.0,0.0,0.015564469030280467,29.712388162280103,0.016172979885905044,2.672069924101851,11.892923579953605,0.7693760553727816,0.2080997193401154,1.236352321447214,0.004374444137749333,0.2645944110953586,8.195277395328286,0.014862089275615002,-288.7520430922902,0.2291634580170709,0.5016808003461224,1.0034133669347878,-0.046264830464715086,0.08359964601363708,0.15461144911925867,0.5018131237161758,0.7160456935554053,-0.39703754691741244,-0.02289882769171239,-0.005331470544566016,Tools & Accessories,Industrials,CVR
2020Q3,2020,Q3,2020-11-06,2020-09-30,309135.0,7645259.0,381498.0,0.32,1640493.0,0.2145765107499955,31435087.0,28338439.0,18400293.0,2225564.0,3096648.0,4944806.0,30675307.0,20868451.200000003,19870620.200000003,29.33185009915829,8.267698884417612,0.0,0.0,0.010048993937001942,29.33185009915829,0.010908681314450665,2.729593752154113,16.876486971711387,0.7364008723275125,0.3125301243793165,1.214358257937723,0.004629667965009306,0.2432078206114079,5.760673249567301,0.009834074898536148,-40.80499785889848,0.2145765107499955,1.3950617283950617,-0.26826930132482457,-0.15224790292419652,0.07206196753576678,22.38550249465431,1.3965730017087525,1.3333977119096578,-0.07950332752691044,-0.08841284997441196,0.001952642436792513,Tools & Accessories,Industrials,CVR
2020Q2,2020,Q2,2020-08-07,2020-06-30,-779516.0,4103520.0,-1144273.0,-0.81,70150.0,0.017095079346512262,30416520.0,28125918.0,17163252.0,1396518.0,2290602.0,4745786.0,30462786.0,20095544.633868,18836680.633868,29.11187912210754,12.290032781532354,0.0,0.0,-0.028817189144649154,29.11187912210754,-0.02771521981966953,4.897147969028541,-6.444878820276941,0.7144849328604315,-0.12393844385490484,0.8498845080667354,0.004807632824102468,0.13491089710459975,8.334658772747648,-0.025628046864006795,19.24350017655086,0.017095079346512262,-14.500000000000002,-2.3652701322857426,-0.5542643447755822,0.07412262035661922,-0.9464678307147212,-14.780158393437986,-46.6012832263978,-2.6859685739312864,-0.5650981378003177,-0.0005218438282932748,Tools & Accessories,Industrials,CVR
2020Q1,2020,Q1,2020-05-08,2020-03-31,56568.0,7576455.0,25093.0,0.06,1310427.0,0.17296044126177745,31806560.0,29002046.0,18301866.0,1885430.0,2804514.0,5178381.0,31338914.0,20482095.0132,19423896.0132,30.018720009274094,9.706998403547201,0.0,0.0,0.0006838736854346641,30.018720009274094,0.001950483079710997,2.7033876678736957,90.51979481862537,0.7062293126905598,3.7574070145665392,1.2100361097416354,0.010377307588067507,0.23820416291482008,6.702917636825552,0.0017785010387794216,-31.189139452357676,0.17296044126177745,1.1972476215105279,-0.8776836701818268,-0.18390504482489967,0.12463518342029312,0.4806582827700756,1.1924841093764886,1.057499209451749,-0.8892825127906021,-0.20107626785409813,0.04056376781507863,Tools & Accessories,Industrials,CVR
2019Q4,2019,Q4,2020-03-20,2019-12-31,-293884.0,7186968.0,-436406.0,-0.30418617745815274,885030.0,0.12314372347281914,31723376.0,29158027.0,18049323.0,1622265.0,2565349.0,4951177.0,31494895.0,24923500.4304,23494046.4304,30.180168962419213,11.126001608861683,0.0,0.0,-0.011281662632662335,30.180168962419213,-0.010079008432223483,3.4678741341828707,-21.2018180901308,0.854773213235587,-0.7232411427638116,1.2728161404853835,0.008528055703634114,0.22655117160292146,7.774788952483102,-0.009263957278695684,26.785666769910982,0.12314372347281914,-1.9505818045567274,-2.0737253612465976,-0.1727973776167435,0.13274986293226543,-0.4635424275064297,-1.9306104871167238,-2.1871181498185615,-1.6494171721524302,-0.17872411761015547,0.045393137978106506,Tools & Accessories,Industrials,CVR
2019Q3,2019,Q3,2019-11-08,2019-09-30,315797.0,8188905.0,367618.0,0.32,1649767.0,0.20146368775800916,33076330.0,29664460.0,19285398.0,2356786.0,3411870.0,5476333.0,32001328.0,25573513.073868003,24363989.073868003,30.70435509847516,8.18292284492525,0.0,0.0,0.00943480034449058,30.70435509847516,0.01064563454045683,3.122946605665593,20.245215339179918,0.8620926547750406,0.6730557921702867,1.194072383837871,0.008311294556444446,0.24757598560662564,5.473363300698494,0.009547522352086824,25.27031977718138,0.20146368775800916,0.3333333333333334,-0.41600940903215305,-0.08969938832736313,0.15690959233375207,0.06576161036712598,0.375668128890612,0.523457864528294,-0.3169431292434609,-0.07514664669288527,0.07353064219471661,Tools & Accessories,Industrials,CVR
2019Q2,2019,Q2,2019-08-08,2019-06-30,229559.0,8875451.0,241305.0,0.24,1547970.0,0.17441029193896737,32757554.0,29561212.0,18889046.0,2197258.0,3196342.0,6098823.0,31898080.0,26674904.52,25766829.52,30.597487713894168,8.596644545155826,0.0,0.0,0.0064491737395837075,30.597487713894168,0.00776554763722137,3.005470315818317,29.050161962719823,0.9023616663619881,0.9259014022538868,1.2014582157901614,0.007968125990503077,0.2709436424954073,5.585793748390039,0.007007818715646473,26.347900724113032,0.17441029193896737,-0.2,-0.5965954021938163,-0.06580867176005763,0.16961689376654177,-0.06847727383507757,-0.19970227512010097,-0.24371683690259413,-0.7112679687922531,-0.09625343533525521,0.08107831751175228,Tools & Accessories,Industrials,CVR
2019Q1,2019,Q1,2019-05-08,2019-03-31,286842.0,8621678.0,319067.0,0.3,1661763.0,0.19274241046812465,32807789.0,29544202.0,18979900.0,2318503.0,3263587.0,6832459.0,31881070.0,27149468.558399998,26543255.558399998,30.579881424070418,8.186273642949782,0.0,0.0,0.008421530999666502,30.579881424070418,0.009708910059577849,3.148977328821605,23.662389537097074,0.9189440472414857,1.7514485326416633,1.0186544844250072,0.018504561108418516,0.26279363110997817,5.0207771997707145,0.008743106705544833,-17.115277628097594,0.19274241046812465,-0.04202990520763104,-0.49532789207087596,-0.13353662115302822,0.18751002346626597,0.013216989840776643,-0.05193749256336017,-0.010786058422674594,-0.5566974779656196,-0.10157116292107599,0.10557056466188953,Tools & Accessories,Industrials,CVR
2018Q4,2018,Q4,2019-03-20,2018-12-31,302556.0,8513775.0,322546.0,0.31316217659698675,1640086.0,0.1926391054496977,33246625.0,29759749.0,19988479.0,2565792.0,3486876.0,6100391.0,32096617.0,30433158.0,29726285.0,30.80298447831145,7.790373888452376,0.0,0.0,0.0089459781614746,30.80298447831145,0.010166618004741909,3.5745786093712835,25.146714988299685,1.0226281814406433,0.6705799918031703,1.1267620386955524,0.006666675867157789,0.25607937647806356,5.183265050323643,0.009100352291397999,411.8265446967442,0.1926391054496977,0.04387392198995588,-0.4664658715981371,-0.07485846775170647,0.19655932415057434,0.0035808825419126025,0.05145804155705146,-0.008618410942062395,0.30560637967342147,-0.017607378039725303,0.12337328438766731,Tools & Accessories,Industrials,CVR
2018Q3,2018,Q3,2018-11-06,2018-09-30,287749.0,8856049.0,325350.0,0.3,1634234.0,0.18453308015798014,33429663.0,29660081.0,20203438.0,2914498.0,3769582.0,5254333.0,31996949.0,31399290.0,30314927.0,30.699822591529937,6.932047302828823,0.0,0.0,0.0086774174994632,30.699822591529937,0.009701558131280895,3.5455190006288357,27.28010349297478,1.0586380394578154,0.705086724888705,1.3744494305937596,0.006461547378937549,0.2649158922122547,4.941069439745712,0.008607594997293272,-121.88644894822038,0.18453308015798014,-0.589041095890411,-0.6491742917929055,-0.06401851744989165,0.21170727454605434,-0.2858723476403514,-0.5907377697371041,-0.6287929352569698,-0.3188905273971468,-0.017988257617423835,0.12206056212659477,Tools & Accessories,Industrials,CVR
2018Q2,2018,Q2,2018-08-09,2018-06-30,703092.0,9792784.0,876465.0,0.73,2288434.0,0.23368574248140264,33577469.0,29575220.0,21038335.0,3292165.0,4002249.0,5450221.0,31912088.0,31157757.0,29870545.0,30.61198676785367,6.390425449514225,0.0,0.0,0.022794435555261793,30.61198676785367,0.02377300997253782,3.1817057335278713,11.078833566588726,1.053508883450402,0.28856536555671236,1.3768891206429978,0.006511636893502956,0.29164747348884457,4.634530164800367,0.020939398380503307,408.5084565764632,0.23368574248140264,0.0,0.10165728369682206,0.04986693851812299,0.24251837254032552,-0.023291030108770573,-0.006634755039644639,-0.0020744927341518203,0.231418608276222,0.06371919540082557,0.12947114487155556,Tools & Accessories,Industrials,CVR
2018Q1,2018,Q1,2018-05-04,2018-03-31,707788.0,10011641.0,878287.0,0.73,2343005.0,0.2340280679261272,32606817.0,29075016.0,20149957.0,2808717.0,3531801.0,4596678.0,31411884.0,30133658.046132,29235015.046132,30.094247990957758,7.174078769772818,0.0,0.0,0.023449080374903127,30.094247990957758,0.02434351196917656,3.009862024230793,10.643603044319768,1.0364107124182493,0.696150542252765,1.6682995850481588,0.016351383534175572,0.30704134659939364,5.4167607487689216,0.021706749235903645,-2870.1455420641964,0.2340280679261272,-0.08402098783069475,0.560613143063775,0.09707764940822299,0.24735432325262818,0.27815354939155545,-0.08075899061002377,0.7921700821721023,0.5304417771415845,0.07840008462060377,0.1274647985906911,Tools & Accessories,Industrials,CVR
2017Q4,2017,Q4,2018-03-20,2017-12-31,769970.0,8459123.0,490069.0,0.7969614918044325,1833117.0,0.21670296081520507,31816302.0,28859955.0,19259349.0,2219263.0,2956347.0,4528100.0,31196823.0,30722997.6,29570428.6,29.87164797356883,8.678263459535891,0.0,0.0,0.025001070787008747,29.87164797356883,0.02667952877958403,3.6319365021645864,9.975387872254764,1.0645545913013377,0.2509539332701274,1.463308230825291,0.006289327705444992,0.2658738592561763,6.43872267505023,0.024200486907623647,28.325055086488092,0.21670296081520507,1.2770328337269503,1.211077066217159,0.04996007007410325,0.2547405004778978,0.04469802574363732,1.2927032620185508,0.02947021258717755,1.8131382327688574,-0.026375416077750645,0.12117016938359207,Tools & Accessories,Industrials,CVR
2017Q3,2017,Q3,2017-11-06,2017-09-30,335835.0,8386756.0,476040.0,0.35,1754686.0,0.20922106235116414,32010691.0,28283212.0,19411434.0,2769395.0,3727479.0,5088117.0,30620080.0,29950092.0,29190954.0,29.274687102797547,7.0092688114191,0.0,0.0,0.011286154778220044,29.274687102797547,0.011874004975106787,3.5711176049476103,22.29524319978561,1.0589353147018805,0.5753599237720904,1.3034429043200069,0.006451599547674177,0.2619985929076008,5.034395599038779,0.010491338659324787,53.76515023678135,0.20922106235116414,-0.27083333333333337,-0.2751898165933587,-0.01767268445058408,0.22505705635675005,-0.1520831078260063,-0.2736425473932368,-0.2663135198117235,-0.37895394789156683,-0.06770574127442466,0.10304112277146059,Tools & Accessories,Industrials,CVR
2017Q2,2017,Q2,2017-08-08,2017-06-30,462355.0,9435508.0,648833.0,0.48,2069408.0,0.21932131264156632,31765137.0,28140603.0,19128588.0,2644450.0,3624534.0,4995843.0,30477471.0,36085028.267736,35191818.267736,29.127078908472136,7.233484467469606,0.0,0.0,0.01587898950684126,29.127078908472136,0.016430173866565687,3.824386378320701,19.51153781603746,1.2823118348862672,0.4179169685631171,1.474445854283251,0.005354741544508235,0.2970397388810255,5.165555408497041,0.014555422820937306,108.13548695463618,0.21932131264156632,-0.09433962264150951,0.04977612889163364,0.11938343859637461,0.2359260726501658,-0.08291694567409598,-0.09505756260251076,-0.13516492744312145,-0.1875024162908968,-0.006859510447570169,0.11340917515754863,Tools & Accessories,Industrials,CVR
2017Q1,2017,Q1,2017-05-05,2017-03-31,510922.0,9483327.0,750239.0,0.53,2256511.0,0.23794507982272467,31742181.0,27871474.0,19417506.0,2859623.0,3870707.0,5287442.0,30208342.0,39031732.8,38280198.8,28.848515523758657,6.79023283838464,0.0,0.0,0.017839548695090374,28.848515523758657,0.018331359152372065,4.115826945543478,19.098674944512076,1.400418678969042,1.0400276363123921,1.3667887042543445,0.01361387163421041,0.29876103976598206,4.80459067506451,0.016095995420100467,-123.53065120518532,0.23794507982272467,0.13151460108057947,0.034812267334232594,0.030760784572881103,0.2402023963786047,0.11739774610113526,0.12902206459168905,0.08622769056137186,-0.1010797486861621,-0.04694242175006808,0.12027580720506238,Tools & Accessories,Industrials,CVR
2016Q4,2016,Q4,2017-03-20,2016-12-31,452535.0,8750979.0,690683.0,0.46839872812410727,2019434.0,0.23076663765277006,31204309.0,27891925.0,18753751.0,2284300.0,3312384.0,4537693.0,30228793.0,40191091.2,39837616.2,28.86968343870196,8.209845904653504,0.0,0.0,0.015771281246281438,28.86968343870196,0.01622458829930168,4.592753702185779,22.203305379694388,1.4409579546768465,0.4269857580076679,1.4834729894684369,0.004807682355237968,0.28044136468460173,6.013218053670709,0.014502324021980427,44.90694960591563,0.23076663765277006,-0.024169316408109827,0.9447643686558312,0.22476208683949334,0.26067972660008376,0.01724461011484989,-0.021184048588775525,0.04154049847994981,-0.20198949352735687,-0.0490829131927213,0.1214591536796399,Tools & Accessories,Industrials,CVR
2016Q3,2016,Q3,2016-11-04,2016-09-30,462329.0,8854274.0,663136.0,0.48,1985200.0,0.22420810559962343,31444964.0,27632616.0,18884367.0,2818264.0,3812348.0,4804294.0,29969484.0,27215938.44,26319831.44,28.60128429655575,6.7007090180337965,0.0,0.0,0.01633245930006884,28.60128429655575,0.016731278717874557,3.0737628449266423,14.716759299113834,0.9849208066293832,0.3761477216441106,1.4297780277393515,0.006389785176189574,0.2815800329744375,4.827934146694561,0.01470279946893881,66.4570063512296,0.22420810559962343,-0.4146341463414634,0.45551252990807206,0.13202761683470104,0.2539339303363383,-0.23906918981490355,-0.4184972436007894,-0.42784174052292995,-0.43632506507519453,-0.06420611432650411,0.12887897446867028,Tools & Accessories,Industrials,CVR
2016Q2,2016,Q2,2016-08-05,2016-06-30,795059.0,9820730.0,1159008.0,0.82,2608910.0,0.2656533679268242,31090140.0,27344191.0,19061818.0,2866865.0,3745949.0,4991208.0,29681059.0,26085564.0,25178180.0,28.30274848571417,6.649011376538484,0.0,0.0,0.028678804249965564,28.30274848571417,0.029075974491254833,2.6561736245676237,8.202398815685378,0.9539709549278674,0.21873093694933332,1.4449047204604577,0.006666675867157789,0.3158792466035856,4.796530705143074,0.025572705687397997,42.47494708047025,0.2656533679268242,0.22388059701492521,0.35324354363503613,0.20735240169046287,0.2523080911022127,0.0742369010840326,0.22873100824193232,0.19497926586094622,0.2457580776323891,0.05286297942577778,0.14878806310660805,Tools & Accessories,Industrials,CVR
2016Q1,2016,Q1,2016-05-05,2016-03-31,647057.0,9596395.0,969898.0,0.67,2428617.0,0.25307597280020255,30448686.0,26723036.0,18450217.0,2839566.0,3725650.0,4919704.0,29059904.0,23621928.366132,22656780.366132,27.6598187411244,6.497548216875396,0.0,0.0,0.023889337547550085,27.6598187411244,0.02421345389049358,2.4615418984037234,9.12667986210334,0.883953768057342,0.6420408093877356,1.4569531012434895,0.017586921506189724,0.3151661454290671,4.628899275452657,0.021250736402877942,292.8253525658183,0.25307597280020255,1.793301170297235,4.529362000307635,0.22804492954516586,0.2508764267943614,0.47766901565274106,1.7922161425069907,1.6639401896265698,0.42670638455500376,0.05157490858819487,0.14645145801589993,Tools & Accessories,Industrials,CVR
2015Q4,2015,Q4,2016-03-21,2015-12-31,231736.0,8666367.0,364084.0,0.2398595637035105,1643546.0,0.18964648046869007,30123137.0,26491416.0,18424694.0,2312446.0,3631721.0,4538212.0,28828284.0,22391075.231999997,21590181.231999997,27.420079243830035,7.967621297967606,0.0,0.0,0.008476315630272336,27.420079243830035,0.008747588275387016,2.5836749392219365,24.155801463734594,0.8452200226669649,0.7504358407843408,1.5474863228073084,0.007766621218415994,0.2876980242794766,5.537091893172857,0.007692957078142293,156.587515783879,0.18964648046869007,-0.45486462794656707,4.026484176734702,0.26142299255783225,0.24009758470551287,-0.13975602939036658,-0.45147477578342654,-0.40935534004522905,-0.334537507932907,0.07568353156797653,0.15176383920931918,Tools & Accessories,Industrials,CVR
2015Q3,2015,Q3,2015-11-06,2015-09-30,422471.0,9018272.0,616418.0,0.44,1910558.0,0.2118541112975967,30371927.0,26433583.0,19117764.0,2869069.0,3938344.0,4864052.0,28770451.0,24153300.0,23072497.0,27.360218893484536,6.663403354886202,0.0,0.0,0.015675844172799994,27.360218893484536,0.015982358502061565,2.67826253189081,14.292874540501005,0.9137353797251019,0.41163535485275915,1.4612742626929154,0.007200009936530412,0.29692788343656956,4.635280991847878,0.013909917536677868,37.54354222721698,0.2118541112975967,-0.25423728813559315,2.9858386874604927,0.2975419386343617,0.23335858817267255,-0.14992235852120792,-0.2600703025250411,-0.26499303647741146,-0.08820914141174342,0.0562957745109626,0.14494235587322377,Tools & Accessories,Industrials,CVR
2015Q2,2015,Q2,2015-08-07,2015-06-30,570961.0,9206174.0,838656.0,0.59,2247510.0,0.24413073226728063,29880047.0,26185016.0,18746391.0,2623756.0,3695031.0,5010529.0,28521884.0,27051792.6132,25449295.6132,27.102938314847247,7.144868272811953,0.0,0.0,0.02154019940124794,27.102938314847247,0.021804874971243095,2.938440291612998,11.844851317865844,1.0331020081561149,0.30458122358619943,1.3888082475922203,0.00642855734134022,0.30810440157607516,4.889609780787543,0.01910843714536326,32.6039915406384,0.24413073226728063,0.22916666666666666,0.3592367756987096,0.1596820218546677,0.2222957056625982,0.07337865621709136,0.23458234318544002,0.2553978803664451,0.2963658408108402,0.09217635218332079,0.15003733172177416,Tools & Accessories,Industrials,CVR
2015Q1,2015,Q1,2015-05-06,2015-03-31,462473.0,9283791.0,668040.0,0.48,2093865.0,0.2255398683576569,29419771.0,25787959.0,18441825.0,2546537.0,3631812.0,5035548.0,28124827.0,31771250.819999997,31313557.819999997,26.69196238195195,7.241923050794078,0.0,0.0,0.017657910438728556,26.69196238195195,0.017933679823207413,3.422228141499523,17.17465172020853,1.2320188201012727,0.8982946031443998,1.4278338723014854,0.013075878011654564,0.3155629933353322,4.9219791426553,0.015719802849587104,80.8679814598934,0.2255398683576569,0.6943181892913903,12.654758038324132,0.37305892439620064,0.22221464432350363,0.2183479672526053,0.6896768418552821,0.6705009202208531,-0.06331546946331425,0.009072838569275482,0.14749182441923267,Tools & Accessories,Industrials,CVR
2014Q4,2014,Q4,2015-03-20,2014-12-31,273705.0,8688280.0,399904.0,0.28329979754319284,1718610.0,0.19780785149649874,28967635.0,25740923.0,18089640.0,2119437.0,3226712.0,5162474.0,28077791.0,29718220.32,29486968.32,26.643277523154186,8.535115693460103,0.0,0.0,0.010404097488588077,26.643277523154186,0.01063306859664667,3.4204952326582476,27.144389324272485,1.1545126147962916,0.6353701978407409,1.3500639422106533,0.005851763602511713,0.29993059495537,5.6424918504300905,0.009448648465779136,-150.41488204479313,0.19780785149649874,-0.49410750438715567,8.99616522406048,0.3445721997919138,0.21636822294785854,-0.17642971468003335,-0.4938484383928456,-0.4737198122307924,0.1762443380577066,0.21598691344657922,0.16345715722646634,Tools & Accessories,Industrials,CVR
2014Q3,2014,Q3,2014-11-07,2014-09-30,540757.0,8995825.0,759869.0,0.56,2086780.0,0.23197205370268986,29612714.0,25641122.0,18788045.0,2962317.0,3971592.0,5282751.0,27977990.0,29950092.0,29098761.0,26.539977974024254,6.342347898621248,0.0,0.0,0.020845617704594296,26.539977974024254,0.021089443745870403,3.3293324403264846,13.846372770024244,1.168049198471112,0.3215936178357377,1.3078498305144421,0.0058064596262342024,0.3037825239523807,4.26073104262643,0.01826097398570087,73.11409425464133,0.23197205370268986,-0.0508474576271185,3.1909494599171846,0.6385399152335994,0.2077011980304969,-0.06790536209686678,-0.04972638800535626,-0.11532143235524571,0.7024209797254752,0.1501250510445042,0.16356239625280328,Tools & Accessories,Industrials,CVR
2014Q2,2014,Q2,2014-08-08,2014-06-30,569054.0,9500678.0,858921.0,0.59,2238807.0,0.23564707697703258,29186517.0,25274269.0,18596046.0,2845973.0,3912248.0,5214225.0,27611137.0,35746884.0,34683384.0,26.16026484993769,6.534161076018641,0.0,0.0,0.0222015358307422,26.16026484993769,0.02251515167461421,3.762561366672989,15.704521890716874,1.4143587693871582,0.3056001715127211,1.392703805455269,0.004864843604270515,0.3255159908254897,4.433878676993773,0.019497153428756162,89.50549599130657,0.23564707697703258,0.0,2.2948996263579224,1.0301361825009197,0.17147317510718774,-0.002895371147299168,0.0011981568441850686,0.03328096278402803,-0.03143206796012396,0.16800547423539222,0.15750989178629674,Tools & Accessories,Industrials,CVR
2014Q1,2014,Q1,2014-05-09,2014-03-31,568373.0,9950424.0,831256.0,0.59,2245308.0,0.2256494798613607,29206558.0,24879118.0,18552146.0,3242165.0,4327440.0,5153432.0,27215986.0,37679148.0,36942075.0,25.751261732351274,5.722147392251783,0.0,0.0,0.02212367161935844,25.751261732351274,0.0228453838275135,3.7866876828565297,16.573248553326778,1.5144888978781321,0.9858965855169053,1.4951426544485307,0.014871806549341296,0.34069142964398613,3.903574000706318,0.019460458161485512,419.4868517735076,0.2256494798613607,0.005182487801523178,1.9110571104781355,1.0907370637216895,0.1251998340723675,0.06424957945393711,0.002281869016486239,0.05954707159236188,3.856975611423493,0.2733498089672766,0.16456461854241716,Tools & Accessories,Industrials,CVR
2013Q4,2013,Q4,2014-03-21,2013-12-31,567079.0,9202673.0,784539.0,0.5869580968232084,2109757.0,0.2292548045551548,28157346.0,24871102.0,17748226.0,2220969.0,3286244.0,4880788.0,27207970.0,32027275.799999997,31583667.799999997,25.74296472945726,7.991208341944439,0.0,0.0,0.02252679271664052,25.74296472945726,0.022800718681464136,3.4802144768155943,14.119406555347666,1.2877304672708108,0.30666450353478086,1.4532317322530706,0.005429840523620183,0.3268302701540124,5.4758648139618336,0.02013964668403052,-668.1536237326324,0.2292548045551548,-0.30946106256093125,1.888387402009011,0.705597293484361,0.0856662264245825,-0.16625916677171956,-0.3086130906297816,-0.310942946804278,11.300262455805479,0.33948439007846815,0.16424858222619937,Tools & Accessories,Industrials,CVR
2013Q3,2013,Q3,2013-11-08,2013-09-30,820205.0,9461778.0,1138569.0,0.85,2530471.0,0.26744138363846626,28789173.0,24477926.0,18801155.0,3299972.0,4311247.0,4894521.0,26814794.0,28868024.16,27953579.16,25.33600584599206,5.697368038274264,0.0,0.0,0.031163986030162634,25.33600584599206,0.03350794507671933,3.051014741626785,8.799027121268464,1.1793492700321098,0.17668875464060815,1.4161359201441774,0.005020121889769126,0.3286575130171332,3.9761537370620115,0.02849005075623395,183.3088280004826,0.26744138363846626,0.2878787878787878,5.19737576058421,0.4202564056762955,0.031916666006206566,0.14368158961133815,0.28515871660401776,0.28850016805505413,6.738294038285547,0.36135323585803963,0.1421100292289226,Tools & Accessories,Industrials,CVR
2013Q2,2013,Q2,2013-08-09,2013-06-30,638213.0,9327643.0,883639.0,0.66,2212566.0,0.23720526182230603,27754227.0,23802642.0,18279945.0,3062310.0,3951585.0,4992252.0,26139510.0,25726162.896,24849179.896,24.63704959570742,5.969331974881707,0.0,0.0,0.02527999903370099,24.63704959570742,0.026812695834353178,2.758056123717428,10.07742042860299,1.080811234988116,0.2270699594022685,1.425223926997275,0.005633136996988096,0.33608008610724416,4.110090421936381,0.02299516394385619,-85.70216934449549,0.23720526182230603,0.4042553191489363,33.87724088192871,0.1591436672394674,-0.011934629379004627,0.10063618604748338,0.40720610673557767,0.3420047475347294,0.5193377136599534,0.17498321163368602,0.11108838352530315,Tools & Accessories,Industrials,CVR
2013Q1,2013,Q1,2013-05-10,2013-03-31,453532.0,9125736.0,658447.0,0.47,2010261.0,0.22028480771304365,26928708.0,23309348.0,19033833.0,2739085.0,3619360.0,5284492.0,25646216.0,24732979.200000003,22977848.200000003,24.12646305059764,6.948974931409577,0.0,0.0,0.019106411366412824,24.12646305059764,0.01945708648736121,2.7102448723039987,13.633535891623966,1.061075547887483,0.3195364384431528,1.3464823108824842,0.00585938308636915,0.3388850293151829,4.7472593950169495,0.016841951719332393,-126.34402096455337,0.22028480771304365,0.3039603943336788,15.394895709069877,0.08454747296456074,-0.04011441530275862,0.1472317923426228,0.30238087717131923,0.3158860313000242,12.390770320942455,0.34968282423459196,0.10474142118935306,Tools & Accessories,Industrials,CVR
2012Q4,2012,Q4,2013-03-28,2012-12-31,348233.0,8056614.0,500383.0,0.3604403953083016,1752271.0,0.21749471924557884,25911503.0,23000736.0,17833637.0,1958492.0,2910767.0,4936372.0,25337604.0,18791267.4,18398457.4,23.80703257939909,9.105800278990161,0.0,0.0,0.014451282193843817,23.80703257939909,0.015140080734807791,2.3324025949362843,13.490441313718113,0.8169854825515148,1.248468697682299,1.277120727530259,0.023136172283940784,0.3109280847197478,6.157156628671447,0.013439320752640246,35.396450045207956,0.21749471924557884,-0.24908250977437169,4.680799347471453,-0.06911233291718503,-0.0640452906198976,-0.0896314564735013,-0.24843204371716787,-0.243628289021203,11.718052664256236,0.24681746086156622,0.08688271880588104,Tools & Accessories,Industrials,CVR
2012Q3,2012,Q3,2012-11-06,2012-09-30,463342.0,8537639.0,661557.0,0.48,1924793.0,0.22544792535734998,26550739.0,23087261.0,18818832.0,2697203.0,3463478.0,5214761.0,25424129.0,18114975.0,16808469.0,23.896590735013437,6.977165604516975,0.0,0.0,0.019717907312345035,23.896590735013437,0.02006916281667193,2.121778046600471,9.774084261733234,0.7846307537303796,0.3127732862550772,1.2681014527799068,0.00800006624353608,0.32155937354512054,4.75158191652612,0.017451190341632297,25.216670169953492,0.22544792535734998,0.04347826086956513,0.24520493091929335,-0.055947170613305404,-0.06480950392648376,0.01515994576089542,0.05201711047335344,0.0739369913848941,2.8772922119490794,0.5550838620532381,0.08741391148728864,Tools & Accessories,Industrials,CVR
2012Q2,2012,Q2,2012-08-10,2012-06-30,440432.0,8429201.0,616011.0,0.46,1896049.0,0.22493816436457026,26018920.0,22768840.0,18102275.0,2491805.0,3250080.0,5227478.0,25105708.0,17875374.264,17273038.264,23.567007406855378,7.264723764500031,0.0,0.0,0.018180205442844825,23.567007406855378,0.019343629275799735,2.120648714391791,10.146500631198458,0.785080586626284,0.3290383078432085,1.2497713046329415,0.008107186896324668,0.3239642921381825,4.900153904498947,0.01692737438756105,19.66730143207964,0.22493816436457026,-0.09803921568627448,-0.15851577859338675,-0.16792352067851743,-0.07024332649176689,-0.08768751602881024,-0.10795691607221702,-0.10292839137253874,2.0022163665242183,0.8011794463166665,0.0553454696674923,Tools & Accessories,Industrials,CVR
2012Q1,2012,Q1,2012-05-04,2012-03-31,493734.0,9200318.0,686691.0,0.51,2078289.0,0.2258931702143339,25804299.0,22473327.0,18016005.0,2560697.0,3330972.0,5065446.0,24810195.0,19139074.919999998,18939207.919999998,23.26113512439294,7.035586404795257,0.0,0.0,0.020673901268701722,23.26113512439294,0.021969777772556775,2.080262325715263,9.690984882548092,0.8516351370671552,0.29351837224092325,1.4060023539881779,0.007571943816812228,0.35654206301050845,4.767475027307018,0.01913378852105225,-40.58689476161999,0.2258931702143339,1.11749043808607,0.5912940903465346,-0.07511960702788295,-0.06902410762890768,0.3583463942160006,1.1218166347219953,1.0875683629078594,1.791416677753538,0.9331282607279657,0.01639390156250937,Tools & Accessories,Industrials,CVR
2011Q4,2011,Q4,2012-03-28,2011-12-31,232694.0,7145044.0,328943.0,0.24085114663420734,1530014.0,0.21413639999977607,24858264.0,22124513.0,16962739.0,1948476.0,2733751.0,5212040.0,24461381.0,16520857.200000001,15816512.200000001,22.900093361983664,8.70564430868022,0.0,0.0,0.010036872110014656,22.900093361983664,0.010517474441132331,2.312212101143114,17.749552201603823,0.7467218464876493,0.6227964623067204,1.0773190535759511,0.00877200246001763,0.28743133470623694,2.6188523748817025,0.009360830667821373,-5185.454237288136,0.21413639999977607,-0.27014804050240204,8.444516600373406,-0.22665963286636276,-0.07826696042789011,-0.12386289324166617,-0.2674285354489359,-0.2809140313829392,1.364539011536461,0.3242421748796976,-0.03422709053295588,Tools & Accessories,Industrials,CVR
2011Q3,2011,Q3,2011-11-08,2011-09-30,317640.0,7821606.0,457446.0,0.33,1746318.0,0.223268469416639,25199804.0,22036740.0,17663866.0,2475789.0,3163064.0,4828937.0,24373608.0,15467773.320000002,15058321.320000002,22.809243457415757,7.134641118447493,0.0,0.0,0.013980317783219417,22.809243457415757,0.014414110254057541,1.9775699926587968,12.173981016244806,0.7019084183958245,0.3649886664148092,1.258100488782521,0.007495261121398434,0.3103836045708927,4.873297764874147,0.012604859942561457,43.06172973273943,0.223268469416639,-0.4590163934426229,0.3336188328945877,-0.1435381670859219,-0.08759751036262063,-0.09455462895943555,-0.45935549537803755,-0.31742917211917376,2.6255136662078,0.1740590430441453,-0.07099648595858925,Tools & Accessories,Industrials,CVR
2011Q2,2011,Q2,2011-08-09,2011-06-30,587521.0,8134104.0,670181.0,0.61,1928684.0,0.23711081146737242,24611255.0,21835035.0,17106975.0,2090945.0,2776220.0,4895737.0,24171903.0,15216579.0,13951192.0,22.600467637962513,8.181456231512545,0.0,0.0,0.020667394278743142,22.600467637962513,0.026907261655408382,1.8707136028750062,6.47490855646011,0.696888234894059,0.19733081881328496,1.267514982933111,0.0076190581338946165,0.33050342211317546,5.515143152976286,0.023872045533638978,-66.42763783996159,0.23711081146737242,4.083333333333333,0.2539773673179288,-0.2643723649918073,-0.09353654189747512,0.3351840211338393,4.020602963545317,3.149907426328076,31.265866474345763,0.010822899232659314,-0.09361145919022758,Tools & Accessories,Industrials,CVR
2011Q1,2011,Q1,2011-05-09,2011-03-31,117022.0,7814368.0,161493.0,0.12,1444508.0,0.18485282495014313,24523916.0,21363450.0,16984002.0,2452191.0,3160466.0,4800527.0,23700318.0,17052229.799999997,16460236.799999997,22.112351107302107,6.926051845064271,0.0,0.0,0.004997152313273922,22.112351107302107,0.0054776733158736065,2.1821636503425483,36.42953846285314,0.7981964429902473,0.9907196937328023,1.326908483172785,0.006798876238461202,0.3186427485724547,4.678641671876293,0.00477175015605175,-29.833235301836115,0.18485282495014313,1.5147135761230286,-0.6993917037432825,-0.28576885135487756,-0.10213223027749091,0.2245152616396122,1.5382729974188232,1.6908324446814182,3.2302714817626432,-0.07130196762046052,-0.1202470487634282,Tools & Accessories,Industrials,CVR
2010Q4,2010,Q4,2011-03-28,2010-12-31,46103.0,6870310.0,60016.0,0.04771915224834702,1179657.0,0.17170360580526933,23658845.0,21362364.0,16179967.0,1551206.0,2296481.0,4310154.0,23699232.0,16868664.720000003,16143140.720000003,22.11122703729925,10.430572728573768,0.0,0.0,0.0016583614998319496,22.11122703729925,0.0021581412993430878,2.4552989195538486,91.47270633147518,0.7896441011865541,2.5146953560505825,1.3202899478765724,0.006872802437204407,0.2903907608338446,3.0573663330337815,0.0019486581022869036,-67.58983195364902,0.17170360580526933,-0.5661895250150271,108.76904761904763,-0.30568851924394,-0.09397647551403084,-0.0767729938626684,-0.5650373137848725,-0.5671059370018537,-0.24791190864600324,-0.20618179696386904,-0.13071454803481236,Tools & Accessories,Industrials,CVR
2010Q3,2010,Q3,2010-11-05,2010-09-30,105993.0,6950274.0,138639.0,0.11,1277754.0,0.1838422485214252,24573488.0,21432196.0,17141750.0,2438017.0,3141292.0,4203826.0,23769064.0,16762390.200000001,15513557.200000001,22.183507015604494,7.03102152281957,0.0,0.0,0.004423681441080455,22.183507015604494,0.004945503484570597,2.411759622714155,39.53655005519233,0.7821125842634138,0.9115035898597077,1.349370787468368,0.005763676829334279,0.2828362827450462,4.98315352189915,0.004313307089331396,29.864418127753737,0.1838422485214252,-0.7441860465116279,1.6242961479561784,-0.2848306417100579,-0.09765401873950678,-0.33118132558373253,-0.7476717611769748,-0.7669004292466075,-0.715149918973612,-0.23147068707018653,-0.13185085016430356,Tools & Accessories,Industrials,CVR
2010Q2,2010,Q2,2010-08-06,2010-06-30,420060.0,7938533.0,594763.0,0.43,1910464.0,0.24065705842628607,24490868.0,21422816.0,17025213.0,2376777.0,3068052.0,4062543.0,23759684.0,13815687.600000001,13036524.600000001,22.173798197347775,7.163151191718869,0.0,0.0,0.019053936599432553,22.173798197347775,0.019608066465211668,1.7403325778201089,8.222448935866305,0.6449053009651019,0.2300004761224587,1.4838166636020838,0.006993064898195874,0.3241425742852397,4.948637167054376,0.017151699155783292,37.146234610555304,0.24065705842628607,9.75,3.7547266324342408,-0.2112257749896864,-0.11091396820395528,0.5092186121246928,11.402491954294488,17.57009491694767,-0.19743828322178683,-0.21635910810319905,-0.12520768992452172,Tools & Accessories,Industrials,CVR
2010Q1,2010,Q1,2010-05-07,2010-03-31,33869.0,6761393.0,32028.0,0.04,1265863.0,0.18721926088307542,24177498.0,21099370.0,16579097.0,2383853.0,3078128.0,4368819.0,23436238.0,14680375.74,14137025.74,21.839013716552188,6.954748048642261,0.0,0.0,0.0010520327353807383,21.839013716552188,0.0016052138049619492,2.171205806259154,108.36144955564086,0.6957731790096103,2.852549529067879,1.2578983015776117,0.006581098584333645,0.2796564392229502,4.596661371317778,0.0014008480116511643,-81.86554842379394,0.18721926088307542,0.4113903801906431,1.4412036735491436,-0.3294172825136356,-0.1360406097606168,0.12271563395509183,0.23695263138672804,1.134204038115546,-0.8908409395627063,-0.3202974272325238,-0.12594139647334582,Tools & Accessories,Industrials,CVR
2009Q4,2009,Q4,2010-03-23,2009-12-31,27381.0,6461743.0,15007.0,0.028340847834457405,1127501.0,0.1744886789833641,23627071.0,21162114.0,15820596.0,1730682.0,2464957.0,3753936.0,23498982.0,13719074.399999999,13149788.399999999,21.903957223236578,9.141249518975757,0.0,0.0,0.0005816808890586824,21.903957223236578,0.0012938688450501684,2.123122878765064,125.26089624191957,0.6482846846019258,3.528468646141485,1.4209730799885774,0.007042238942883785,0.27348895679875007,6.247796533389727,0.0011588825377466382,110.8173280882721,0.1744886789833641,1.1090032609017593,-0.8880374557870419,-0.31993471450382677,-0.14728389301609443,0.5151162103181002,1.1109377912111955,1.0384167398377522,0.11133208864355877,-0.3006163847355999,-0.11836162626533292,Tools & Accessories,Industrials,CVR
2009Q3,2009,Q3,2009-11-10,2009-09-30,-246814.0,5490147.0,-390637.0,-0.26,744168.0,0.13554609739957782,23962706.0,21231346.0,15996483.0,1968085.0,2731360.0,3933709.0,23568214.0,13767381.0,13392207.0,21.97561616839107,8.127943152861793,0.0,0.0,-0.012246430328870647,21.97561616839107,-0.011624981289457579,2.5076525273367,-13.945097320249257,0.6484459817102505,-0.39144456959491764,1.2064896005271362,0.0070176019680141056,0.22911214618248874,5.443928488860999,-0.010299921886952166,-26.93081161864037,0.13554609739957782,0.4222222222222222,-1.4102524039460451,-0.41122503202517613,-0.1420517467191822,0.38742057691734033,0.4383672614902903,0.4407823724271411,-2.036254245756343,-0.39883172808912554,-0.12094379891251532,Tools & Accessories,Industrials,CVR
2009Q2,2009,Q2,2009-08-11,2009-06-30,-439458.0,4679823.0,-698542.0,-0.45,536368.0,0.11461288172650974,24073562.0,21574774.0,16068373.0,1702513.0,2498788.0,4086896.0,23911642.0,11226453.84,10403027.84,22.331083123217116,9.43803248492082,0.0,0.0,-0.021285777485109812,22.331083123217116,-0.020369066206672663,2.3989056509188487,-6.386534003249457,0.5203509357734176,-0.2198458100660359,1.0138391091919148,0.00860583416428139,0.1943967826614109,6.155062545777918,-0.018254797524354726,680.2262384876393,0.11461288172650974,0.3076923076923077,-2.137678758193623,-0.5428769327366806,-0.11284069124723364,0.9675214866604795,0.2955834713181302,0.30663397735901493,-1.9379586191588087,-0.5767687349772089,-0.10434106252541188,Tools & Accessories,Industrials,CVR
2009Q1,2009,Q1,2009-05-11,2009-03-31,-623861.0,4759290.0,-1007465.0,-0.65,272611.0,0.05727976231748853,24666607.0,22110844.0,16446689.0,1727488.0,2555763.0,4479920.0,24447712.0,12076650.0,11435791.0,22.885945191754335,9.520580750778008,0.0,0.0,-0.029800763544110567,22.885945191754335,-0.028215159945952313,2.5374898356687656,-4.839479467381356,0.5461867489092682,-0.2787527991010818,1.001508732298791,0.014399937068640725,0.19294465590666768,6.180958709988144,-0.025291723340790242,47.075849003648614,0.05727976231748853,0.01619585038319098,-3.143940643600424,-0.5319788721840297,-0.08278756229422625,0.14825641392847064,0.022657772541843955,0.017413117283499088,-2.6025857728547797,-0.5650021648026757,-0.07072059105798356,Tools & Accessories,Industrials,CVR
2008Q4,2008,Q4,2009-03-20,2008-12-31,-638324.0,5395572.0,-1025319.0,-0.6607006081984657,237413.0,0.04400145156065011,25408970.0,22908608.0,17008997.0,1635087.0,2500362.0,5048632.0,25245476.0,11583922.68,10030696.68,23.71167500921199,10.402502741444339,0.0,0.0,-0.02953449265211481,23.71167500921199,-0.027863936560440512,2.1469313503739733,-4.536850674579054,0.50565807752265,-0.27243844818618757,1.0216943916688719,0.015012531143724795,0.21234910348589495,6.645502043622144,-0.02512199431932896,33.90671107975916,0.04400145156065011,-2.3035030409923283,-6.097050321797595,-0.40816994284920766,-0.04505624214343258,-0.7370698963731144,-2.26660491584318,-1.951518047595333,-1520.8190476190478,-0.45472510194650084,-0.028396962001608614,Tools & Accessories,Industrials,CVR
2008Q3,2008,Q3,2008-11-10,2008-09-30,-195409.0,6662021.0,-347387.0,-0.2,902951.0,0.13553709902745728,26991269.0,23720836.0,18378144.0,2376158.0,3270433.0,5574925.0,26057704.0,19081107.0,17498918.0,24.552375865823716,7.7343947666779735,0.0,0.0,-0.009687337064169391,24.552375865823716,-0.008237863117471914,2.864161941248759,-24.411755599793256,0.8044028043531013,-0.8899487741096879,1.0330309376359323,0.009113936628519509,0.24682133322445862,5.0110249402607066,-0.007239711478552564,137.43432633716995,0.13553709902745728,-9.0,-36.98029828760818,-0.24567305068467798,-0.013200556631784474,-0.2677366563511681,-9.06640222542757,-2.8378942716676794,-0.1509541759924608,-0.3144913015682377,-0.0012968789227557201,Tools & Accessories,Industrials,CVR
2008Q2,2008,Q2,2008-08-11,2008-06-30,-19412.0,8047012.0,-90515.0,-0.02,1233096.0,0.15323650567440436,27381164.0,24090149.0,18628725.0,2369740.0,3291015.0,5489613.0,26427017.0,19805706.0,16746155.0,24.934635225828355,7.861083916379012,0.0,0.0,-0.0022503264352487532,24.934635225828355,-0.0008058065560325094,2.4612497160436693,-255.07039460127754,0.8221495848780346,-16.42406758705955,1.2412379524749741,0.016097583191429784,0.2938886016679203,5.260315477647337,-0.0007089545207062783,53.01369929014229,0.15323650567440436,-1.6666666666666667,-1.0875909773893269,-0.19577683025209822,-0.004811822811992759,-0.06011445436002817,-1.701731554784369,-1.5241919741208623,0.8726973446916786,-0.2004472798754262,-0.0002147719615640448,Tools & Accessories,Industrials,CVR
2008Q1,2008,Q1,2008-05-09,2008-03-31,27663.0,8414326.0,-35859.0,0.03,1311964.0,0.15592027216440152,27909780.0,24283465.0,18938077.0,2673040.0,3626315.0,5484929.0,26620333.0,21641356.799999997,19986977.799999997,25.13472796677887,7.0848460928381165,0.0,0.0,-0.00093556339860389,25.13472796677887,0.001139170213147094,2.571965573950902,195.58034920290638,0.8911972323554319,6.286483750858547,1.2948867706400575,0.008035679167768262,0.30148306435951844,4.750094648789394,0.0009911579381851094,-588.2401957053546,0.15592027216440152,-0.5271784665579119,-0.9405404940665161,-0.17800455098601933,0.005155696393409174,0.002119632841400287,-0.5487275693311583,-1.209290863163083,1.3603595388523415,-0.16548237990364253,-0.005660945596981955,Tools & Accessories,Industrials,CVR
2007Q4,2007,Q4,2008-03-20,2007-12-31,61300.0,8654765.0,-16231.0,0.0634488869015828,1309189.0,0.15126800092203543,27907013.0,24574625.0,18800076.0,2347113.0,3332388.0,4975833.0,26911493.0,19419253.200000003,18754181.200000003,25.436094653732617,8.009872554069617,0.0,0.0,-0.0005678443684223957,25.436094653732617,0.00249444294673876,2.2437643540870265,79.19760685154976,0.7902156472377504,2.8369168026101144,1.4762505092112215,0.008955184744179554,0.3101286762578281,5.485242934617975,0.0021965804796091936,16.28312359550562,0.15126800092203543,-0.837310546406198,-0.9044211084344864,-0.1589617175799363,0.019308887658832593,-0.3113761179317756,-0.8352597816184315,-1.035352336312214,-0.7493406391200345,-0.08913040481070075,-0.00977858069428416,Tools & Accessories,Industrials,CVR
2007Q3,2007,Q3,2007-11-07,2007-09-30,372101.0,9043603.0,459121.0,0.39,1901167.0,0.2102222974626374,28436394.0,24687228.0,19116887.0,2761891.0,3749166.0,5563733.0,27024096.0,22945635.0,21300210.0,25.552644980189044,6.921665988990876,0.0,0.0,0.012812700822037042,25.552644980189044,0.015072611635457816,2.537222719750082,15.41626802937912,0.9294536834998243,0.46735698103471907,1.2837488786755225,0.007578957827926749,0.31802917767984223,4.590286872291484,0.0130853792502664,25.05575556654797,0.2102222974626374,-0.2777777777777778,-0.14462489799202322,-0.08018796152811854,0.04422596846337277,-0.1432510698281425,-0.28906818698545467,-0.3401490381506047,-0.3814964719962102,-0.030144900181721758,-0.002401254214155984,Tools & Accessories,Industrials,CVR
2007Q2,2007,Q2,2007-08-13,2007-06-30,523399.0,10130320.0,695795.0,0.54,2219048.0,0.219050138593845,28623973.0,24489031.0,19020242.0,3122667.0,4134942.0,5873098.0,26825899.0,24520430.16,23124082.16,25.347500134557183,6.091024755441422,0.0,0.0,0.019178620013802227,25.347500134557183,0.021372793394724355,2.4204990720924906,11.712111677706682,1.0012821724142535,0.33226085644030656,1.3470355849672524,0.007092249151635601,0.3539103394207366,3.979231855333918,0.01828533725908699,293.32412417010585,0.219050138593845,0.6875000000000001,-0.41973195882303754,-0.1849890575658246,0.048100254052518505,0.14913407706954881,0.6869037489686468,0.8089465241614908,0.35498710766395025,-0.010474765656959609,0.006994178200201233,Tools & Accessories,Industrials,CVR
2007Q1,2007,Q1,2007-05-04,2007-03-31,310272.0,9947576.0,384641.0,0.32,1931061.0,0.19412377447530937,28534687.0,24139537.0,18818392.0,3343875.0,4395150.0,5932492.0,26476405.0,21264565.32,20800505.32,24.985754534577055,5.627719935703338,0.0,0.0,0.010741246127115323,24.985754534577055,0.012853270549472428,2.1376630165982147,17.133809463954208,0.8809019543332585,0.5604856384075908,1.3512896435427135,0.008178065123035394,0.3486134612235277,3.6151545736607975,0.010873502835338618,89.58706667453089,0.19412377447530937,11.548187352869553,-0.5031431787653562,-0.04730561496302344,0.06550748368039669,0.572944098306308,11.593229969965094,7.214913556309582,0.06627077405253831,-0.021770949331711698,0.0013676355754995524,Tools & Accessories,Industrials,CVR
