Quarters,Year,Quarter,FillingDate,Date,NetIncome,Revenue,OperatingIncome,EPSDiluted,GrossProfit,GrossProfitRatio,TotalAssets,CommonStockEquity,CurrentAssets,CurrentLiability,TotalLiability,Inventory,RetainedEarnings,MarketCap,EnterpriseValue,bookValuePerShare,currentRatio,debtToAssets,debtToEquity,roic,shareholdersEquityPerShare,roe,priceToSalesRatio,peRatio,pbRatio,payoutRatio,inventoryTurnover,dividendYield,assetTurnover,quickRatio,returnOnAssets,priceToFreeCashFlowsRatio,grossProfitMargin,epsdilutedGrowth,fiveYNetIncomeGrowthPerShare,fiveYRevenueGrowthPerShare,fiveYShareholdersEquityGrowthPerShare,grossProfitGrowth,netIncomeGrowth,operatingIncomeGrowth,threeYNetIncomeGrowthPerShare,threeYRevenueGrowthPerShare,threeYShareholdersEquityGrowthPerShare,Industry,Sector,Symbol
2023Q1,2023,Q1,2023-05-10,2023-03-31,-1330000.0,22556000.0,-1968000.0,-0.0178,13518000.0,0.599308388,53768000.0,28017000.0,46565000.0,18423000.0,25751000.0,11908000.0,-187424000.0,114437880.0,95363880.0,0.37457885448419703,2.5275470878792814,0.07563978574616873,0.14516186600992254,-0.038066759413525476,0.37457885448419703,-0.04747117821322768,5.073500620677425,-21.510879699248118,4.084587214905236,0.0,0.7589855559287874,0.0,0.4195060258890046,1.7566085870922217,-0.024735902395476864,42.36870788596816,0.5993083880120589,-2.9560439560439558,0.8850632173618523,1.5191653076480713,-0.5596466912546272,0.125,-2.976225854383358,-0.3628808864265928,0.8206166785581632,0.2567636202374724,0.3532193061865039,Biotechnology,Healthcare,CDXC
2022Q4,2022,Q4,2023-03-08,2022-12-31,673000.0,20996000.0,-1444000.0,0.0091,12016000.0,0.5722994856,54057000.0,28672000.0,46567000.0,17869000.0,25385000.0,14677000.0,-185493000.0,124115040.0,108131040.0,0.38809929884404015,2.6060216016565,0.07875020811365781,0.14847237723214285,0.01843005204576362,0.38809929884404015,0.023472377232142856,5.911365974471328,46.1051411589896,4.3287890625,0.0,0.6118416570143762,0.0,0.3884048319366595,1.6074206726733449,0.012449821484729083,-248.23008,0.5722994856163078,-0.43124999999999997,1.0523259264678237,0.9313775939953491,-0.6310412358642418,0.1772313118448124,-0.38538812785388127,0.5288743882544862,1.0614762330759981,0.2951659388953097,0.13231221208349211,Biotechnology,Healthcare,CDXC
2022Q3,2022,Q3,2022-11-02,2022-09-30,1095000.0,17063000.0,-3065000.0,0.016,10207000.0,0.5981949247,45665000.0,21023000.0,37901000.0,16727000.0,24642000.0,15636000.0,-184075000.0,84064350.0,75383350.0,0.3076011412685639,2.2658575955042743,0.09593780794919522,0.20839081006516672,0.11439597998856442,0.3076011412685639,0.05208581077867098,4.926703979370568,19.19277397260274,3.9986847738191504,0.0,0.4384753133793809,0.0,0.37365597284572427,1.0645064865188019,0.02397897733493923,-22.168868670886077,0.5981949246908516,1.1705756929637527,-0.6471538792415595,0.9311158664170331,-0.5708898360681932,0.016430989842660823,1.1709068206648978,0.5201189917018945,1.1282666724147659,0.19429897667626278,-0.3465600691451308,Biotechnology,Healthcare,CDXC
2022Q2,2022,Q2,2022-08-10,2022-06-30,-6407000.0,16732000.0,-6387000.0,-0.0938,10042000.0,0.600167344,46613000.0,20778000.0,38508000.0,17725000.0,25835000.0,15753000.0,-183090000.0,114121120.0,101790120.0,0.30405642706626085,2.172524682651622,0.09741917490828739,0.21854846472230244,-0.21423256422211476,0.30405642706626085,-0.3083549908557128,6.820530719579249,-4.452985796784766,5.492401578592742,0.0,0.4246810131403542,0.0,0.3589556561474267,1.1904090267983074,-0.13745092570742068,-29.13482767424049,0.600167344011475,0.14727272727272733,-0.38339283903070576,0.9433959807158597,-0.5020414582037073,-0.04652487656665401,0.17307692307692307,0.1739524055871702,0.3285380248783234,0.22499482782668673,0.1150207925277689,Biotechnology,Healthcare,CDXC
2022Q1,2022,Q1,2022-05-12,2022-03-31,-7748000.0,17259000.0,-7732000.0,-0.11,10532000.0,0.6102323425,52930000.0,25877000.0,44523000.0,18694000.0,27053000.0,15307000.0,-176693000.0,168052440.0,151919440.0,0.37879497613959073,2.3816732641489247,0.0880408086151521,0.18008269892182246,-0.2199048706215345,0.37879497613959073,-0.2994164702245237,9.737090213801494,-5.422445792462571,6.494278316651853,0.0,0.439472136930816,0.0,0.32607217079161155,1.4498234727720125,-0.14638201398072925,-23.266293783746367,0.6102323425459181,-0.40845070422535207,-1.1932275365863654,1.159562516136073,0.5371046096313339,-0.030916451969083547,-0.4525684289463817,-0.454477050413845,0.2409797168291819,0.39106591577921646,-0.0009614313332289333,Biotechnology,Healthcare,CDXC
2021Q4,2021,Q4,2022-03-14,2021-12-31,-5334000.0,17759000.0,-5316000.0,-0.0781,10868000.0,0.6119713948,57840000.0,31727000.0,48905000.0,17613000.0,26113000.0,13601000.0,-168953000.0,255430780.0,232113780.0,0.46454456271871386,2.7766422528813943,0.08129322268326418,0.14820184700728087,-0.12946402442761895,0.46454456271871386,-0.168121789012513,14.383173602117237,-11.971821334833146,8.05089608220128,0.0,0.5066539225056981,0.0,0.30703665283540804,1.887526259013229,-0.09221991701244814,-51.64391023048928,0.6119713947857425,0.3992307692307692,-0.37898793754150983,0.7468931372073339,0.7653612565426889,0.0274153904329741,0.39871491376394996,0.39871055310485237,0.47255226625914404,0.5831276867558872,-0.05643338377506954,Biotechnology,Healthcare,CDXC
2021Q3,2021,Q3,2021-11-03,2021-09-30,-8871000.0,17308000.0,-8841000.0,-0.13,10578000.0,0.6111624682,60452000.0,35449000.0,52835000.0,17770000.0,25003000.0,12676000.0,-163628000.0,427839720.0,398284720.0,0.5195058326982824,2.973269555430501,0.05536624098458281,0.09441733194166267,-0.2101410576725894,0.5195058326982824,-0.2502468334790826,24.719188814421077,-12.057257355427799,12.069161894552737,0.0,0.5309245818870306,0.0,0.28630979951035535,2.149521665728756,-0.14674452458148612,-71.12879800498753,0.6111624682227872,-0.5853658536585366,-4.158378596984867,0.9182127785353387,0.6591387910437804,-0.021461609620721554,-0.590354965937612,-0.5918257111991357,0.16889966946139887,0.7201907202964386,-0.14351993308697036,Biotechnology,Healthcare,CDXC
2021Q2,2021,Q2,2021-08-03,2021-06-30,-5578000.0,17699000.0,-5554000.0,-0.082,10810000.0,0.61076897,65842000.0,42142000.0,57932000.0,16229000.0,23700000.0,12183000.0,-154772000.0,670341960.0,635273960.0,0.6198629129526667,3.5696592519563746,0.053309437744904466,0.08328982962365336,-0.11321699948411701,0.6198629129526667,-0.13236201414266052,37.87456692468501,-30.04401039799211,15.906742916805086,0.0,0.565460067306903,0.0,0.26881018195073053,2.746749645695976,-0.08471796117979405,-82.14975,0.610768969998305,0.3166666666666666,-35.71229629142244,0.09062123583004308,0.8420138306982332,0.17067359757418238,0.24621621621621623,0.24558543873947297,0.4515058214593767,0.8313724939766509,-0.15986382672104243,Biotechnology,Healthcare,CDXC
2021Q1,2021,Q1,2021-05-06,2021-03-31,-7400000.0,14683000.0,-7362000.0,-0.12,9234000.0,0.6288905537,68993000.0,43832000.0,63219000.0,19756000.0,25161000.0,12762000.0,-149206000.0,599291760.0,556268760.0,0.6831244934854436,3.199989876493217,0.021277520907918193,0.03349151304982661,-0.1578205416232921,0.6831244934854436,-0.16882642818032487,40.81534836205135,-20.246343243243242,13.672471253878445,0.0,0.4269706942485504,0.0,0.21281869175133708,2.4872443814537357,-0.1072572579826939,-109.94161805173363,0.6288905537015597,-0.21457489878542507,-17.428783247817442,0.13650828427410783,2.869710777513496,-0.019849272900965928,-0.21053492556846065,-0.21065614208189443,0.25453706037698687,0.9115969217641784,-0.19692174987946895,Biotechnology,Healthcare,CDXC
2020Q4,2020,Q4,2021-03-12,2020-12-31,-6113000.0,15445000.0,-6081000.0,-0.0988,9421000.0,0.6099708644,38358000.0,16424000.0,32219000.0,16476000.0,21934000.0,11683000.0,-141825000.0,296971200.0,282111200.0,0.26546412581422035,1.9555110463704783,0.04267688617759007,0.09967121285923039,-0.30952167794380736,0.26546412581422035,-0.3721992206527034,19.22765943671091,-12.145067888107311,18.08153921091086,0.0,0.5156209877599931,0.0,0.40265394441837427,1.1647851420247632,-0.15936701600709108,6599.36,0.6099708643573972,-0.4402332361516036,-1.504344709074747,1.0682866570777596,0.8198627610810085,0.1143837236810977,-0.4437883797827114,-0.4492373689227836,0.432457627291231,0.6965261990089205,-0.74762820733115,Biotechnology,Healthcare,CDXC
2020Q3,2020,Q3,2020-11-04,2020-09-30,-4234000.0,14180000.0,-4196000.0,-0.0686,8454000.0,0.5961918195,37415000.0,19487000.0,30728000.0,13015000.0,17928000.0,11031000.0,-135728000.0,247396950.0,233944950.0,0.3158602804117027,2.3609681137149443,0.048803955632767605,0.0937034946374506,-0.18215628823628535,0.3158602804117027,-0.21727305383075896,17.446893511988716,-14.607755668398678,12.695486734746241,0.0,0.5190825854410298,0.0,0.3789923827341975,1.4208221283134845,-0.11316316985166378,-63.38635664873174,0.5961918194640339,-0.11908646003262632,-12.317254168673717,0.3092348242579578,1.6090840934300348,-0.06976232394366197,-0.13360107095046855,-0.13805261730404123,-2.5113980615908,0.7778124836788977,-0.5593681605079794,Biotechnology,Healthcare,CDXC
2020Q2,2020,Q2,2020-08-06,2020-06-30,-3735000.0,15287000.0,-3687000.0,-0.0613,9088000.0,0.5944920521,41992000.0,21581000.0,35766000.0,16042000.0,20411000.0,12338000.0,-131513000.0,279558540.0,262183540.0,0.35433290644599874,2.2295225034285,0.03131548866450753,0.06093322830267365,-0.1532710249792255,0.35433290644599874,-0.17306890320189056,18.287338261267745,-18.712084337349395,12.953919651545341,0.0,0.5024315124007133,0.0,0.3640455324823776,1.4115446951751651,-0.08894551343112973,-169.635036407767,0.5944920520703866,0.3814328960645812,-3.9192951912626897,0.4728438643553507,2.2558443748989676,0.09349055468655998,0.36972662841714476,0.37402376910016977,0.09516189536160007,0.9921644495650225,-0.41970278639812875,Biotechnology,Healthcare,CDXC
2020Q1,2020,Q1,2020-05-18,2020-03-31,-5926000.0,14345000.0,-5890000.0,-0.0991,8311000.0,0.5793656326,35610000.0,16548000.0,29147000.0,14466000.0,19062000.0,11280000.0,-127802000.0,194889320.0,183024320.0,0.27680572747649795,2.014862436056961,0.043330525133389496,0.09324389654338892,-0.301209697615465,0.27680572747649795,-0.35810974135847234,13.585871035203903,-8.221790415119811,11.777212956248489,0.0,0.5349290780141844,0.0,0.40283628194327437,1.1728190239181528,-0.16641392867172142,-37.221031321619556,0.5793656326246078,0.3393333333333334,-2.0936672781167487,0.6297898379310973,1.681384717769754,0.11332886805090422,0.3295621676660256,0.33521444695259595,-0.9168803268788988,1.0511148540029576,0.12324446330482813,Biotechnology,Healthcare,CDXC
2019Q4,2019,Q4,2020-03-10,2019-12-31,-8839000.0,13089000.0,-8860000.0,-0.15,7465000.0,0.5703262281,40247000.0,20445000.0,33518000.0,15063000.0,19802000.0,11535000.0,-121900000.0,257091499.99999997,239998499.99999997,0.3427493713327745,2.2251875456416386,0.04271125798196139,0.08407923697725606,-0.3703885161121346,0.3427493713327745,-0.4323306431890438,19.641798456719382,-7.271509786174906,12.574786011249694,0.0,0.48755960121369746,0.0,0.3252167863443238,1.3932815508198897,-0.21961885357914876,-288.86685393258426,0.5703262281304913,-0.07142857142857129,-2.8421365208033365,0.8441073985153836,2.056840259426039,0.10608979108016002,-0.2272979727853374,-0.2862950058072009,-1.616385714336123,0.4741629044840849,0.3025154299817368,Biotechnology,Healthcare,CDXC
2019Q3,2019,Q3,2019-11-12,2019-09-30,-7202000.0,12053000.0,-6888000.0,-0.14,6749000.0,0.5599435825,43139000.0,27142000.0,36365000.0,11023000.0,15997000.0,9820000.0,-113047000.0,226884230.0,210207230.0,0.47074126747372436,3.2990111584868003,0.046408122580495606,0.07376022400707391,-0.2404360055167792,0.47074126747372436,-0.2653452214280451,18.823880361735668,-7.875736948069981,8.35915665757866,0.0,0.540122199592668,0.0,0.279399151579777,2.2426744080558834,-0.16694870071165302,-28.66509538850284,0.5599435825105783,0.12499999999999993,-5.6067044470845655,0.7945003295669998,2.714680442821653,0.07914934441957147,0.07130883301096066,0.040668523676880224,-3.956187617617632,0.5808804782916538,0.5034000549217588,Biotechnology,Healthcare,CDXC
2019Q2,2019,Q2,2019-08-07,2019-06-30,-7755000.0,11101000.0,-7180000.0,-0.16,6254000.0,0.5633726691,44542000.0,15145000.0,37525000.0,24211000.0,29397000.0,10714000.0,-105845000.0,243816209.99999997,236521209.99999997,0.27269126199607485,1.5499153277435875,0.27535808899465675,0.8098382304390888,-0.2777126256632268,0.27269126199607485,-0.5120501815780786,21.963445635528327,-7.859968085106382,16.098792340706503,0.0,0.4523987306328169,0.0,0.24922545013694938,1.0471273388129363,-0.17410533878137488,-26.82246534653465,0.5633726691289073,-0.06666666666666674,-1.9685949086031809,0.8346513497925785,1.235013517654596,0.1797774004904735,0.06193298657312205,0.14237935977066413,-61.479317384731665,-0.16264665954490035,-0.1896578007633092,Biotechnology,Healthcare,CDXC
2019Q1,2019,Q1,2019-05-09,2019-03-31,-8267000.0,10048000.0,-8372000.0,-0.15,5301000.0,0.5275676752,41925000.0,20977000.0,34777000.0,15547000.0,20948000.0,8670000.0,-98090000.0,231811750.00000003,214962750.00000003,0.379159511974695,2.236894577732038,0.054335122242098986,0.10859512799733041,-0.3251363384366548,0.379159511974695,-0.3940982981360538,23.070436902866245,-7.0101533204306286,11.050757973018069,0.0,0.547520184544406,0.0,0.2396660703637448,1.5764456165176561,-0.197185450208706,-70.30990294206856,0.5275676751592356,0.0,-1.8121635040772328,1.088967869766189,1.7962599417902758,0.12523880280195288,-0.011377538536824076,-0.016019417475728156,-22.285880773813773,-0.09799812379075513,1.1478334679511815,Biotechnology,Healthcare,CDXC
2018Q4,2018,Q4,2019-03-07,2018-12-31,-8174000.0,9067000.0,-8240000.0,-0.15,4711000.0,0.5195764862,42232000.0,27178000.0,36534000.0,14440000.0,15054000.0,8249000.0,-89753000.0,189346290.0,167240290.0,0.4923283154901002,2.53005540166205,0.007340405379806782,0.01140628449481198,-0.2948371181302037,0.4923283154901002,-0.3007579660019133,20.88301422741811,-5.791114815267923,6.966895650894106,0.0,0.5280640077585161,0.0,0.21469501799583254,1.8581024930747922,-0.19354991475658267,-36.19004013761468,0.5195764861585971,0.06250000000000006,-5.900491046614252,1.375527276921701,2.018040822693759,0.08025682182985554,0.05107963779893197,0.04141461144718474,-2.7530535479304867,0.36080798751073895,2.3751075209808272,Biotechnology,Healthcare,CDXC
2018Q3,2018,Q3,2018-11-07,2018-09-30,-8614000.0,8120000.0,-8596000.0,-0.16,4361000.0,0.5370689655,47022000.0,33402000.0,41487000.0,12960000.0,13620000.0,7079000.0,-81535000.0,221924040.0,194071040.0,0.606559163216387,3.2011574074074076,0.007677257453957722,0.01080773606370876,-0.25216828586531764,0.606559163216387,-0.257888749176696,27.330546798029555,-6.440795217088461,6.644034488952758,0.0,0.5310072044074021,0.0,0.172685126111182,2.5511574074074073,-0.18319084683765047,-41.73858190709046,0.5370689655172414,-0.06666666666666674,-3.088480913860893,0.8319117669284416,5.266294295567689,0.13390535621424857,-0.04908050176592376,-0.0830288522111629,-29.35424024982478,-0.16006048764805897,4.010328815036008,Biotechnology,Healthcare,CDXC
2018Q2,2018,Q2,2018-08-09,2018-06-30,-8211000.0,7803000.0,-7937000.0,-0.15,3846000.0,0.492887351,52168000.0,40500000.0,46485000.0,10956000.0,11668000.0,6526000.0,-72930000.0,203649320.0,170670320.0,0.7378124316840341,4.242880613362541,0.007859224045391812,0.010123456790123457,-0.19592787996127783,0.7378124316840341,-0.20274074074074075,26.098849160579263,-6.200502983802217,5.0283782716049386,0.0,0.6063438553478394,0.0,0.14957445177120074,3.5214494341000364,-0.15739533813832235,-26.582602793369013,0.4928873510188389,0.0,-4.151246227613699,0.7475821454730253,2.4137955567773153,0.2260121134842206,0.032520325203252036,0.05500654839861888,-10.999395100176661,-0.1658443904221311,5.779507101170388,Biotechnology,Healthcare,CDXC
2018Q1,2018,Q1,2018-05-10,2018-03-31,-8487000.0,6567000.0,-8399000.0,-0.15,3137000.0,0.4776914877,57445000.0,46664000.0,52582000.0,10084000.0,10781000.0,5063000.0,-64880000.0,230403600.0,189824600.0,0.8506325421998615,5.214399047996826,0.00797284358952041,0.009814846562660724,-0.17744368847455508,0.8506325421998615,-0.18187467855306017,35.08506167199634,-6.786956521739131,4.937502142979599,0.0,0.6774639541773652,0.0,0.11431804334580903,4.547798492661642,-0.1477413177822265,-55.518939759036144,0.477691487741739,0.11764705882352951,-2.119110718859675,0.6173731436301328,2.9841946512910478,-0.18200760938920715,0.04746213249513293,0.043152467997898784,-3.8283264856268824,-0.18692887254119314,7.239977979812577,Biotechnology,Healthcare,CDXC
2017Q4,2017,Q4,2018-03-15,2017-12-30,-8909882.0,7530836.0,-8777783.0,-0.17,3834999.0,0.5092394789,62723600.0,53833668.0,57178318.0,8087934.0,8889932.0,5796281.0,-56601192.0,300930544.32,256047318.32,1.0518771650623784,7.069582664744791,0.008061112563692135,0.009392300743839338,-0.1616450661729161,1.0518771650623784,-0.16550761504863462,39.95977927550142,-8.44372979125874,5.590006319465357,0.0,0.6376221235650928,0.0,0.12006383562167988,6.271900339443917,-0.14204991422686197,-74.07944141548514,0.5092394788573273,-5.25,-2.2089564449740844,0.2899236772580356,7.134057288324164,0.3154420589640625,-5.169190908890976,-1.7631035034172924,-3.5140162096882257,0.23664326315453535,8.381258537777924,Biotechnology,Healthcare,CDXC
2017Q3,2017,Q3,2017-11-09,2017-09-30,2137077.0,6084690.0,-3176784.0,0.04,2915369.0,0.4791318868,41801512.0,33737841.0,36259034.0,7209188.0,8063671.0,6615245.0,-47779376.0,202379538.7,178931545.7,0.7168348995747563,5.029558668743276,0.013196651834029353,0.016350779529727466,0.057970675434716845,0.7168348995747563,0.06334362059504638,33.260451838959746,23.674806605003,5.998591868993632,0.0,0.47909351807831757,0.0,0.14556148112537173,4.011464397932194,0.051124394734812464,-192.2922707604484,0.4791318867518312,1.5899705014749264,1.9092253612023855,0.09584289732861945,3.2206258665533425,0.28840769870897115,1.7486180665121611,-0.16843445619047548,3.401670147977959,0.10980907180028159,4.656637236145868,Biotechnology,Healthcare,CDXC
2017Q2,2017,Q2,2017-08-10,2017-07-01,-2854696.0,5306855.0,-2718838.0,-0.0678,2262769.0,0.426386061,32920164.0,25719423.0,27376977.0,6260018.0,7200741.0,7794182.0,-49916453.0,160902793.0,147456473.0,0.6106059070087118,4.373306434582137,0.02102926947751536,0.026916894675281012,-0.10359822997601893,0.6106059070087118,-0.11099378084803846,30.319802029639025,-14.091061972973653,6.256080978177465,0.0,0.3905587526696195,0.0,0.16120378379645983,2.990064884797456,-0.08671572839066051,-28.506644997976753,0.4263860610474565,-0.311411992263056,0.4822425339678026,0.43672424642721785,2.318589106752968,0.2910536198551567,-0.4515415691030247,-0.4378957556013317,-0.44087676647471913,0.15644903903387858,4.004606477430362,Biotechnology,Healthcare,CDXC
2017Q1,2017,Q1,2017-05-11,2017-04-01,-1966665.0,4449122.0,-1890845.0,-0.0517,1752653.0,0.3939323309,21051320.0,9372058.0,15588594.0,10744926.0,11679262.0,8938099.0,-47152329.0,102302550.72,101757811.72,0.24643409027993393,1.4507865386881214,0.03043106085509127,0.06835361027428555,-0.18097795108955217,0.24643409027993393,-0.2098434516730477,22.993874009298914,-13.004572553027588,10.915697568239548,0.0,0.30168260611121,0.0,0.2113464618845754,0.579829958810326,-0.0934224077160007,-258.00098537274283,0.393932330918325,0.08657243816254408,0.670449592051093,0.8505206489392616,-0.1581846575714434,-0.2379093623956212,0.08388855168712936,0.10973602992586803,0.026781716178179597,0.3455929064692861,0.8174244695918312,Biotechnology,Healthcare,CDXC
2016Q4,2016,Q4,2017-03-16,2016-12-31,-2146753.0,5642112.0,-2123915.0,-0.0566,2299796.0,0.4076126103,19752068.0,9974358.0,15736943.0,8869150.0,9777710.0,7912630.0,-45223574.0,125464007.54,124420628.54,0.2631441927237517,1.7743462451305931,0.030328469910087388,0.06005900329625225,-0.18979331770763075,0.2631441927237517,-0.2152271855491852,22.237064336900794,-14.61090394889398,12.578654940999712,0.0,0.4224026651062921,0.0,0.2856466472270144,0.8450030724477543,-0.10868497415055477,-323.56265387174477,0.4076126103133011,-1.2460317460317458,0.46314730144408645,0.9383736253154165,1.4186782102663855,0.12598765220541794,-1.2493456553400601,-1.2434552706408257,-1.6393620024875635,1.1528294562715486,0.6131103796142438,Biotechnology,Healthcare,CDXC
2016Q3,2016,Q3,2016-11-10,2016-10-01,-954390.0,5007450.0,-946716.0,-0.0252,2042470.0,0.4078862495,18763690.0,11857354.0,15491006.0,6356097.0,6906336.0,6312909.0,-43076821.0,112848642.56,111084014.56,0.3131177665802487,2.4371884192453326,0.02665403233585718,0.04217871879341715,-0.07338833975932117,0.3131177665802487,-0.08048928960036109,22.536149649022956,-29.560410985027087,9.517185921918161,0.0,0.46966937112510254,0.0,0.26686914993799193,1.3807522131899497,-0.050863662744374906,-131.19311319131523,0.40788624948826246,-10.454545454545453,0.7525146515501596,0.7033558198922022,0.6189920332167572,-0.5051493090038467,-10.54499377018641,-3.550894428112984,0.3412779277394093,0.6427987849597693,2.234784326986982,Biotechnology,Healthcare,CDXC
2016Q2,2016,Q2,2016-08-11,2016-07-02,-82667.0,8829579.0,371131.0,-0.0022,4127447.0,0.4674568289,17779513.0,12447653.0,15154512.0,4788131.0,5331860.0,4524803.0,-42122431.0,152029031.52,149214841.52,0.3365137126672397,3.165016161838513,0.03127357875325382,0.04466938466231345,0.026080713449710975,0.3365137126672397,-0.006641171632917466,17.218151796365376,-459.7633624057968,12.21346960105652,0.0,1.0391904354731023,0.0,0.49661534598838564,2.122748521291502,-0.004649564923403695,-312.88968735529045,0.4674568289156255,-1.22,0.973602197497269,1.6687738396795815,0.6284818096018779,0.1958695829164758,-1.3233916870415647,-0.1826496588601657,0.9230386313717021,1.934542045431753,0.5570204130011546,Biotechnology,Healthcare,CDXC
2016Q1,2016,Q1,2016-05-12,2016-04-02,255625.0,7331945.0,454066.0,0.01,3451419.0,0.4707371646,16533736.0,6428206.0,14374183.0,6707340.0,10105530.0,6688920.0,-42039764.0,156216077.16,158611874.16,0.17653114993890812,2.1430526855653658,0.3260789334001704,0.8386948084737794,0.03505625035362463,0.17653114993890812,0.03976614937355772,21.30622599596696,152.77855956968216,24.30166008369987,0.0,0.5801423847198053,0.0,0.4434536150813101,1.0921797612764523,0.015460812970522814,-53.35793414696378,0.47073716455865394,1.2531645569620253,1.1283548681987199,0.6637223394099663,-0.2616184247748185,1.1557060251258227,1.179179248642268,1.3659408551455572,-0.9492198811281056,1.7204073788886958,-0.17316299520598072,Biotechnology,Healthcare,CDXC
2015Q4,2015,Q4,2016-03-17,2016-01-02,-1426644.0,4364480.0,-1240818.0,-0.0395,1601062.0,0.3668391194,18749209.0,5274674.0,16547629.0,9586621.0,13474535.0,8173799.0,-42295389.0,132345600.0,132334119.0,0.1458704092920354,1.7261169498616875,0.29538264787597174,1.0499589168923047,-0.10845624857042464,0.1458704092920354,-0.2704705541991789,30.323337488085638,-23.19177033653806,25.090763903134107,0.0,0.3380824510120692,0.0,0.23278208696697553,0.8345237597272281,-0.07609089002101369,-114.97894950835851,0.3668391194369089,-6.596153846153846,0.10634444250707768,0.1959667597302671,-0.404842519646784,-0.3548345240829616,-6.7298902265905225,-8.005126178512956,0.2727763282345608,0.058068670366087316,0.12800078304042894,Biotechnology,Healthcare,CDXC
2015Q3,2015,Q3,2015-11-12,2015-10-03,-184562.0,6287309.0,177130.0,-0.0052,2481630.0,0.3947046344,15046606.0,4335738.0,13034280.0,5880865.0,10710868.0,4163628.0,-40868745.0,134303508.75,135136796.75,0.1210617477631611,2.2163882354041453,0.3683176126230726,1.2781976217197626,0.8303945910554041,0.1210617477631611,-0.04256760902065577,21.36104790618689,-181.92194052676066,30.975928146488556,0.0,0.9140295434654585,0.0,0.4178556280399713,1.4442064220144486,-0.012266021985290237,-141.52272444675333,0.39470463436742176,0.5840000000000001,0.8817204017016401,1.2517178817065617,-0.5270065911919078,0.004427099776095118,0.586484258072611,1.9623492339454525,0.8968104512337817,0.48804717604870157,-0.2872049835150806,Biotechnology,Healthcare,CDXC
2015Q2,2015,Q2,2015-08-13,2015-07-04,-446324.0,6101380.0,-184060.0,-0.0125,2470692.0,0.4049398661,14222594.0,3896462.0,12314764.0,5032147.0,10326132.0,3089033.0,-40865029.0,131039938.92,130886265.92,0.10882980439044912,2.4472186523962836,0.3899130496166874,1.4232334358707976,-0.025527531179275177,0.10882980439044912,-0.11454596503186737,21.47709844658094,-73.39955890787859,33.6304932320654,0.0,1.1753477544590816,0.0,0.4289920671292452,1.7484550828900667,-0.031381335922265656,3971.1479156312503,0.40493986606308735,0.609375,0.38091547181071145,0.21837796926234265,-0.7162947823953606,0.2817292169012214,0.610178995341265,0.7968621010855506,0.9047654865154163,0.943309156407528,-0.4085196373066729,Biotechnology,Healthcare,CDXC
2015Q1,2015,Q1,2015-05-14,2015-04-04,-1144946.0,5260971.0,-906084.0,-0.032,1927624.0,0.3664008032,10984829.0,3688785.0,9056338.0,4771908.0,7296044.0,3231696.0,-40549837.0,166050456.363,165900187.363,0.10323238050925103,1.8978442166110494,0.2790730743282394,0.8310514166588727,-0.1335893456247578,0.10323238050925103,-0.3103856689939912,31.562701326998383,-36.25726810762255,45.014945669915704,0.0,1.0314543818477975,0.0,0.47893062331694014,1.142162003123279,-0.10422975177856661,-240.01418885834215,0.3664008031977367,0.17098445595854925,-10.128375170266933,-0.2695628167138904,-0.12398468048002356,0.35849099154653635,0.16750090161359749,0.1605949773770747,0.7958058715038275,1.3289078765497737,-0.6473596585221053,Biotechnology,Healthcare,CDXC
2014Q4,2014,Q4,2015-03-19,2015-01-03,-1375312.0,4243177.0,-1079436.0,-0.0386,1418945.0,0.3344062715,11608208.0,3998391.0,9898691.0,4980820.0,7609817.0,3734341.0,-39524322.0,96282000.0,95180375.0,0.11212537857543466,1.9873617195562177,0.24664659695966853,0.7160692888714485,-0.16273022999199885,0.11212537857543466,-0.34396636046849843,22.691016660393853,-17.501846853659387,24.080186254921045,0.0,0.7562865844335052,0.0,0.36553247495220625,1.1788137294662324,-0.11847754623280354,-270.90707528854324,0.3344062715272071,-1.0423280423280425,-2.315848787551869,-0.26460499000190035,0.028709534566159076,-0.06828935497384674,-1.0469851400266716,-0.6672525693738667,0.634418578413553,0.5495184801984744,0.030595458600803763,Biotechnology,Healthcare,CDXC
2014Q3,2014,Q3,2014-11-06,2014-09-27,-671872.0,4139710.0,-647434.0,-0.0189,1522946.0,0.3678871225,8699151.0,4503381.0,6312778.0,3582022.0,4195770.0,2286086.0,-38296948.0,112580468.352,111996245.352,0.12672456614226327,1.7623504266584626,0.07121786942197003,0.13757108270430593,-0.11483365950859946,0.12672456614226327,-0.14919279536863525,27.195254825096445,-41.89059387502381,24.999099199468134,0.0,1.144648101602477,0.0,0.47587517448541816,1.0419802000099385,-0.0772342036596445,-257.8737719139111,0.36788712252790656,0.597872340425532,-0.04686488489854963,-0.21861245238255775,0.09703832794930209,0.08877825168755889,0.5964383706458697,0.605566616385245,0.8143425622633754,0.5005859396536365,-0.3447639038885633,Biotechnology,Healthcare,CDXC
2014Q2,2014,Q2,2014-08-12,2014-06-28,-1664856.0,3856154.0,-1641428.0,-0.047,1398766.0,0.3627360318,8878211.0,4318520.0,6582138.0,3980114.0,4559691.0,2873028.0,-37637295.0,138041120.1,137324215.1,0.12200877526782689,1.6537561486932284,0.06349499916143016,0.13053592434445133,-0.30353836267731293,0.12200877526782689,-0.3855154080564638,35.79761599251482,-20.72868766127521,31.96491392884599,0.0,0.8553303344067653,0.0,0.43433908024938805,0.8546961217693765,-0.18752156262111816,-223.6874754503205,0.3627360318078583,0.11487758945386066,-0.5781850041322939,-0.2200387314874214,-0.04803172347083819,0.42005547163068724,0.11387740112092229,0.09673776786765734,0.44441167232088014,0.2180552396658531,-0.40956619698902874,Biotechnology,Healthcare,CDXC
2014Q1,2014,Q1,2014-05-08,2014-03-29,-1878810.0,3074138.0,-1817222.0,-0.0531,985008.0,0.320417626,8471818.0,4794478.0,6420802.0,3236384.0,3677340.0,2492777.0,-35984153.0,196241068.04999998,194702413.04999998,0.13559523072520294,1.9839431909192482,0.04554901911254468,0.08048488281727437,-0.331911944767398,0.13559523072520294,-0.391869563276753,63.83612838786026,-26.11241531208584,40.9306431377931,0.0,0.8380733615562082,0.0,0.36286638830059853,1.1098741682074809,-0.2217717613858088,-137.90154404055508,0.3204176260141867,-1.4697674418604654,-0.6032120344472941,-0.4224807084652223,-0.11468093657683391,0.31444638236601097,-1.5210770743960678,-1.5834573724742573,0.028453922662990804,-0.28161620226021494,-0.4328421919273397,Biotechnology,Healthcare,CDXC
2013Q4,2013,Q4,2014-03-27,2013-12-28,-745241.0,2401296.0,-703407.0,-0.0215,749371.0,0.3120693992,8986892.0,5665451.0,5790699.0,2838134.0,3321441.0,2204125.0,-34136137.0,166704000.0,164861893.0,0.16312844802764181,2.0403190969841454,0.04664894159182062,0.07399746286747516,-0.11127461342036203,0.16312844802764181,-0.13154133713273666,69.42251184360445,-55.922849118607274,29.42466539733553,0.0,0.7494697442295696,0.0,0.2671998283722559,1.1680664126500018,-0.0829253316942053,-94.04172260896054,0.3120693991911035,0.43864229765013063,0.6720433941749917,-0.440760599098692,-0.11088470828770611,-0.0010877287929542902,0.4232032593569519,0.4179464986114927,0.5139567404667195,-0.3148968924712848,-0.33442898684344163,Biotechnology,Healthcare,CDXC
2013Q3,2013,Q3,2013-11-21,2013-09-28,-1292034.0,2718207.0,-1208492.0,-0.0383,750187.0,0.2759859716,7778687.0,3268833.0,4677703.0,4110673.0,4509854.0,2217698.0,-33411813.0,82060966.35000001,81296033.35000001,0.09679710760559426,1.1379409162441283,0.04145828209825129,0.09865630945355727,-0.31909209823993334,0.09679710760559426,-0.3952584913331455,30.18937349142284,-15.878252110625574,25.10405589701279,0.0,0.8874156896024616,0.0,0.3494429072669976,0.514038212234347,-0.1660992401416846,-421.62764207800484,0.2759859716349785,-0.32068965517241377,0.4612054423399392,-0.28215297208298,-0.6068025218061545,-0.21915548255611833,-0.3370345726103464,-0.19286428500218636,0.12185297692615411,0.03242244176743339,-0.6218095745759102,Biotechnology,Healthcare,CDXC
2013Q2,2013,Q2,2013-08-13,2013-06-29,-966343.0,2706896.0,-1013101.0,-0.029,960738.0,0.3549223908,10945473.0,7192255.0,6267720.0,3362475.0,3753218.0,1944597.0,-29237809.0,77970246.222,77492284.222,0.21612671860776056,1.8640198068387126,0.03185508748685415,0.04847839794334322,-0.1253765240229026,0.21612671860776056,-0.1343588346075049,28.804300653589944,-20.171472816070484,10.840862319536779,0.0,0.8979536634068653,0.0,0.24730735711467197,1.1558949880668257,-0.08828700230679844,-55.22593990541428,0.35492239081220706,-1.223076923076923,0.6102736535776032,-0.44012786008339533,-0.11475976663052162,0.4278847868735509,-1.221615836192753,0.2847781656706566,-0.4421053713813692,-0.4184440369347074,-0.4365856111180103,Biotechnology,Healthcare,CDXC
2013Q1,2013,Q1,2013-05-10,2013-03-30,4360442.0,2334566.0,-1416485.0,0.13,672840.0,0.288207744,10717431.0,6734274.0,5690003.0,3645697.0,3983157.0,1573452.0,-28248087.0,67184477.03999999,66535694.03999999,0.21350175296385696,1.560744900083578,0.029651975366111524,0.047190387560708105,-0.570692167072361,0.21350175296385696,0.6474999383749458,28.778144220381858,3.8519304373272245,9.976498883175825,0.0,1.0561021245007791,0.0,0.21782888082041302,1.00484296967082,0.4068551502687538,-89.19516885944532,0.2882077439661162,3.394106813996317,5.1710576598880005,-0.5083490630273866,0.39398097530604076,-0.21826783656169832,3.602759481052817,0.16310942556144342,38.38374895582174,-0.6328012577114444,0.811745553266087,Biotechnology,Healthcare,CDXC
2012Q4,2012,Q4,2013-03-29,2012-12-29,-1675315.0,3522634.0,-1692557.0,-0.0543,860704.0,0.2443353468,9034521.0,3993329.0,7927140.0,4762959.0,5041192.0,5205304.0,-29716612.0,51461520.0,51167153.0,0.12931764896373057,1.6643309337745718,0.024974539325327817,0.05650248201437948,,0.12931764896373057,-0.41952841851998673,14.60881828767905,-7.6793796987432215,12.886872080912942,0.0,0.5113879996249979,0.0,0.38990821981597035,0.5165988201871987,-0.18543484485785133,-67.65528638270516,0.24433534678879498,-0.08817635270541084,-80.81734556707981,0.0,252.58428605889068,-0.31377162342844706,-0.0895897084025716,-0.10506333742046096,-3.664380907795421,-0.2949805473725776,0.18644235735775333,Biotechnology,Healthcare,CDXC
2012Q3,2012,Q3,2012-11-08,2012-09-29,-1537565.0,3632244.0,-1531638.0,-0.0499,1254253.0,0.3453107776,9430621.0,5229080.0,8269893.0,3900573.0,4201541.0,5436439.0,-28018030.0,72044172.72,71032129.72,0.1698409009088834,2.120173882145008,0.023861419094246286,0.0430339562599922,,0.1698409009088834,-0.29404120801364675,19.83461813688728,-11.714004403065886,13.77760002141868,0.0,0.43741702978732955,0.0,0.38515427563041715,0.625677304334517,-0.1630396343994738,-67.33981335875723,0.3453107775799203,0.6161538461538462,-61.061535526496506,0.0,242.75775834857492,0.6402003413125494,0.6142968772537594,0.6158854365859292,-1.7652375860945484,-0.2086539128449904,0.4702909121923224,Biotechnology,Healthcare,CDXC
2012Q2,2012,Q2,2012-08-09,2012-06-30,-3986395.0,2670611.0,-3987451.0,-0.13,764695.0,0.2863370966,10195542.0,5603438.0,8977774.0,4253702.0,4592104.0,5253797.0,-26479996.0,63040173.3,61075229.3,0.1839956340982965,2.1105789733272338,0.024330732000319356,0.0442701427230925,,0.1839956340982965,-0.7114194892492788,23.6051500199767,-3.9534575286693863,11.250266943258762,0.0,0.3627692505058722,0.0,0.26193909063392606,0.7525705843991892,-0.39099392656123627,-17.024890543001774,0.2863370966419295,0.1875,-239.48208417343378,0.0,121.54530997443048,2.265602915523308,0.10026939589505296,0.09883795562634866,-3.391960048552194,-0.37219305534932406,0.43561810449247174,Biotechnology,Healthcare,CDXC
2012Q1,2012,Q1,2012-05-10,2012-03-31,-4430654.0,1785006.0,-4424788.0,-0.16,-604214.0,-0.3384941003,12924545.0,8265658.0,11628611.0,4284236.0,4658887.0,4050895.0,-22486039.0,56753093.699999996,51218525.699999996,0.29274126742451045,2.714278811904853,0.020937758350487386,0.03273919632290617,,0.29274126742451045,-0.5360316141800205,31.794343380358384,-3.2022977702614557,6.866131371513314,0.0,0.5898005255628694,0.0,0.13810977485087483,1.6819418911563229,-0.3428092826478611,-12.171067999642286,-0.338494100299943,-0.4545454545454546,-3.7345572244267626,-0.5800609615008565,0.911346168412151,-2.4954385478593597,-0.7839787725782943,-0.7814461446047979,-3.7345572244267626,-0.5800609615008565,0.911346168412151,Biotechnology,Healthcare,CDXC
2011Q4,2011,Q4,2012-03-15,2011-12-31,-2483580.0,1807821.0,-2483818.0,-0.11,404038.0,0.2234944721,6269905.0,2561286.0,4953352.0,3343000.0,3708619.0,2905600.0,-18054186.0,38844212.55,38666145.55,0.10879669383335201,1.4817086449297039,0.038610632856478685,0.09451697311428713,,0.10879669383335201,-0.9696613341891535,21.48675811930495,-3.9101028102577726,15.165902031245242,0.0,0.4831301624449339,0.0,0.28833307681695336,0.3421531558480407,-0.3961112648437257,-23.89924799979327,0.22349447207439233,-0.09999999999999995,-158.09699480433875,0.0,212.66127564929994,-0.13383369027176628,-0.03595159736213132,-0.035923401113991206,-0.6123532697287285,-0.37888803291363365,-0.40701450087612734,Biotechnology,Healthcare,CDXC
2011Q3,2011,Q3,2011-11-10,2011-09-30,-2397390.0,1827568.0,-2397685.0,-0.1,466467.0,0.2552392031,7306287.0,4553081.0,5832662.0,2389583.0,2753206.0,2500798.0,-15563068.0,57913189.62,56062641.62,0.19340290758449163,2.4408702271484186,0.029941336824025666,0.04804658647627837,,0.19340290758449163,-0.5265423567030765,31.6886647282071,-6.039191539549259,12.71956058326219,0.0,0.5442666700789108,0.0,0.2501363551691851,1.1374955379243994,-0.3281269952850196,-39.34140879457253,0.2552392031377218,-0.18063754427390802,0.0,0.0,0.0,-0.19701747923114793,-0.3069353889094834,-0.3067898778606816,-0.4340884006573705,-0.30767358676492307,-0.2143821502659805,Biotechnology,Healthcare,CDXC
2011Q2,2011,Q2,2011-08-11,2011-07-02,-1834360.0,1937976.0,-1834790.0,-0.0847,580918.0,0.2997550021,7062178.0,4477388.0,5534574.0,2193318.0,2584790.0,1974530.0,-13158156.0,111803288.64,109997174.64,0.20664259845156555,2.5233796467270135,0.0338045854975618,0.05331992670726772,,0.20664259845156555,-0.40969422350709833,57.690749854487365,-15.237370069124927,24.970649995041754,0.0,0.6872815302882205,0.0,0.2744161928515537,1.3161461311127707,-0.2597442318786074,-81.80588768484441,0.2997550021259293,-0.5484460694698354,-154.5353624370406,0.0,136.62870736183038,-0.4306930159399056,-0.59855408919471,-0.5983243114223142,-0.1362261312497838,-0.38437333646511473,-0.15360607306804866,Biotechnology,Healthcare,CDXC
2011Q1,2011,Q1,2011-05-12,2011-04-02,-1147512.0,2539245.0,-1147946.0,-0.0547,1020395.0,0.4018497624,7211978.0,5016204.0,5641236.0,1777918.0,2195774.0,1306290.0,-11315587.0,100710772.8,98073017.8,0.2390784871427379,3.1729449839643897,0.03577687009028591,0.051437700699572826,,0.2390784871427379,-0.22876103124992525,39.661699757211295,-21.94111538702863,20.07708873084109,0.0,1.1627203760267628,0.0,0.352087180521072,2.32520678681469,-0.15911196623173282,533.9998663817557,0.40184976242938353,-0.2403628117913832,-9.584313566217414,0.0,126.02775584316662,0.20264786547815622,-0.290567540119642,-0.29040257283305027,-0.6501657222904653,-0.19608530516445707,0.5609748306766591,Biotechnology,Healthcare,CDXC
2010Q4,2010,Q4,2011-03-16,2011-01-01,-889153.0,2032565.0,-889603.0,-0.0441,848457.0,0.4174316689,6507402.0,4936223.0,4895024.0,1139286.0,1571179.0,1423035.0,-10159202.0,82171200.0,80221389.0,0.24509548162859982,4.296571712458505,0.04251281847963288,0.056044469627891606,,0.24509548162859982,-0.18012820733585172,40.427341807027084,-23.103785287796363,16.646573706252735,0.0,0.8321004051200427,0.0,0.31234661697556104,2.8333728317560296,-0.13663717102462702,-92.20432098349839,0.4174316688519186,-0.011467889908256892,-65.57991432886578,0.0,477.82719455474705,0.6877125909541182,-0.018394374940584796,-0.018235697419280255,-65.57991432886578,0.0,477.82719455474705,Biotechnology,Healthcare,CDXC
2010Q3,2010,Q3,2010-11-16,2010-10-02,-873093.0,1562352.0,-873671.0,-0.0436,502726.0,0.3217751185,7014900.0,5129039.0,5325874.0,1363625.0,1885861.0,1468323.0,-9260536.0,81159464.7,78468467.7,0.2559480650443472,3.9056734806123385,0.0420013114941054,0.057444484239640214,,0.2559480650443472,-0.17022545548981008,51.94697782573966,-23.239066370936428,15.823522632602325,0.0,0.7216572920263457,0.0,0.22271906940939998,2.617974883124026,-0.12446264380105204,-208.50537118105868,0.321775118539228,-1.1691542288557215,0.0,0.0,0.0,-0.3518974743743949,-1.9818444483150788,-1.9797783083219644,0.3864415143445154,-0.304696412170083,0.039681207563431485,Biotechnology,Healthcare,CDXC
2010Q2,2010,Q2,2010-08-17,2010-07-03,-292803.0,2033861.0,-293200.0,-0.0201,775689.0,0.3813874203,7386701.0,5577998.0,5643538.0,1257967.0,1808703.0,1164657.0,-8377313.0,65435035.5,62365294.5,0.3836017021798666,4.486236920364366,0.0422384769601477,0.055934584415412124,,0.3836017021798666,-0.05249248924076344,32.17281589056479,-55.86950569154005,11.730917705599751,0.0,1.0802940264816165,0.0,0.2753409133522529,3.360464940654246,-0.03963921106323378,-39.46538886972297,0.38138742028093364,-6.742857142857143,0.0,0.0,0.0,-0.051693637809560954,-9.677701381068106,-8.456575366852318,0.729751823856613,-0.03728587535135196,0.5712062929846418,Biotechnology,Healthcare,CDXC
2010Q1,2010,Q1,2010-05-18,2010-04-03,33742.0,1937592.0,39321.0,0.0035,817973.0,0.4221595671,4286794.0,1132794.0,2470933.0,2577895.0,3154000.0,987579.0,-8073784.0,13553947.889999999,13344045.889999999,0.11784312238491275,0.9585080075022451,0.07669437812966987,0.2902319397878167,,0.11784312238491275,0.029786527824123363,6.995253846010924,100.42341806946831,11.965059746079163,0.0,1.1337006963493554,0.0,0.45199092841876704,0.5070772859251443,0.007871150328193985,174.26006544098738,0.4221595671328123,1.3017241379310345,1.6793041613527344,0.0,61.6126907402166,0.32859214935298026,1.3018716003435442,1.3514066633302353,1.1059080907855379,0.3389232596724406,-0.23058678256829707,Biotechnology,Healthcare,CDXC
2009Q4,2009,Q4,2010-03-31,2010-01-02,-111776.0,1554936.0,-111896.0,-0.0116,615669.0,0.3959449135,3565008.0,1047453.0,2007860.0,2151714.0,2517555.0,922760.0,-8107526.0,12685200.0,12288120.0,0.1089961498439126,0.9331444606485806,0.02084090694887641,0.07093206091347297,,0.1089961498439126,-0.10671218660885023,8.15802065165383,-28.371922416261096,12.1105195173435,0.0,1.017888725128961,0.0,0.43616620215158003,0.45048087245795676,-0.03135364633122843,-908.8772658880848,0.39594491348840083,0.3591160220994476,-16.540879954795557,0.0,213.04931238225285,0.2825288567899126,0.35615128509383315,0.35591269110333396,-16.540879954795557,0.0,213.04931238225285,Biotechnology,Healthcare,CDXC
2009Q3,2009,Q3,2009-11-17,2009-10-03,-173606.0,1433086.0,-173728.0,-0.0181,480043.0,0.334971523,3507438.0,1110416.0,1998093.0,2170034.0,2397022.0,889150.0,-7992444.0,9228219.84,8817182.84,0.11551516744100453,0.9207657575872084,0.025770377124271333,0.0814001239175228,,0.11551516744100453,-0.15634320831111945,6.43940408321622,-13.28902779857839,8.310596965461592,0.0,1.0718585165607604,0.0,0.4085848416992688,0.4613531400890493,-0.049496527094705596,-110.24957098311889,0.3349715229930374,0.39261744966442946,0.0,0.0,0.0,0.005020464989688995,0.39404114513888405,0.3944966279211613,-21.443473153476262,0.0,164.78879480735716,Biotechnology,Healthcare,CDXC
2009Q2,2009,Q2,2009-08-18,2009-07-04,-286498.0,1342716.0,-286915.0,-0.0298,477645.0,0.3557304746,3539675.0,1232013.0,1936460.0,2073128.0,2307662.0,848425.0,-7814900.0,5767637.399999999,5272897.399999999,0.12816474905305247,0.934076429434169,0.031594708553751405,0.09077420449297208,,0.12816474905305247,-0.23254462412328442,4.295500612192004,-5.032877541902561,4.681474464961003,0.0,1.0196198839025252,0.0,0.37933313086653436,0.49453482852964215,-0.08093906926483363,-26.142028854129364,0.3557304746498887,0.09969788519637456,0.0,0.0,0.0,0.020449801633505883,0.10075110562874101,0.1039282680391765,-53.7550709739968,0.0,84.36066074323675,Biotechnology,Healthcare,CDXC
2009Q1,2009,Q1,2009-05-15,2009-04-04,-318597.0,1447127.0,-320192.0,-0.0331,468073.0,0.3234498423,3880516.0,1472283.0,2187277.0,2162957.0,2408233.0,792889.0,-7523800.0,6056019.2700000005,5345652.2700000005,0.15315973226749657,1.0112438666140844,0.034176125030794875,0.09007846996807,,0.15315973226749657,-0.2163965759300352,4.18485680247829,-4.7521000433149085,4.113352711401273,0.0,1.2347932686668626,0.0,0.37292128160275595,0.5998075782366454,-0.08210171018493417,-23.081804727638623,0.32344984234279367,0.4938837920489297,-5.414091277769459,0.0,80.37719670220564,0.6782043146070639,0.48925108691470126,0.49049223943962295,-5.414091277769459,0.0,80.37719670220564,Biotechnology,Healthcare,CDXC
2008Q4,2008,Q4,2009-04-03,2009-01-03,-623784.0,1178696.0,-628434.0,-0.0654,278913.0,0.2366284436,4083110.0,1749163.0,2298749.0,2073331.0,2333947.0,711584.0,-7199958.0,33463069.38,32490330.38,0.1834727729330608,1.108722630395243,0.03741388304503185,0.0873360573028357,,0.1834727729330608,-0.356618565565359,28.389906625626963,-13.411320817783078,19.130903969498554,0.0,1.2644789652381168,0.0,0.2886760337095988,0.7112014434742933,-0.15277178425268975,-111.19626160957276,0.23662844363601812,0.07887323943661964,-97.67378185123545,0.0,357.94173965809676,0.4902064499583253,0.07858519760408281,0.10014175866660939,-97.67378185123545,0.0,357.94173965809676,Biotechnology,Healthcare,CDXC
2008Q3,2008,Q3,2008-11-12,2008-09-27,-676985.0,1069003.0,-698370.0,-0.071,187164.0,0.175082764,5548020.0,2346985.0,3738426.0,2968318.0,3201035.0,627214.0,-6550410.0,45189444.120000005,43921840.120000005,0.24617937035159085,1.2594425529879212,0.20775808306386784,0.491117753202513,-0.18940879361908808,0.24617937035159085,-0.2884487970736924,42.272513847014466,-16.687756789293708,19.254253486920454,0.0,1.4059619204928462,0.0,0.19268189372064268,0.9947050821374259,-0.12202281174184663,-46.82543102930175,0.1750827640334031,0.046979865771812124,0.0,0.0,0.0,-0.48859500519154053,-0.10106433155619456,-0.11569257706661214,0.0,0.0,0.0,Biotechnology,Healthcare,CDXC
2008Q2,2008,Q2,2008-08-12,2008-06-28,-614846.0,1198885.0,-625952.0,-0.0745,365980.0,0.3052669772,5401595.0,2014646.0,3611559.0,3127226.0,3386949.0,578505.0,-5840062.0,99022224.0,97757434.0,0.24414470836364977,1.1548762385577505,0.2130537369054881,0.5712318690231435,-0.18754033906505732,0.24414470836364977,-0.3051881074888591,82.59526476684586,-40.26301870712341,49.15117792406209,,1.4397541940000518,,0.22195018323291546,0.9337256085745003,-0.1138267493212653,0.0,0.3052669772330123,0.0,0.0,0.0,0.0,0.0,0.0,0.0,0.0,0.0,0.0,Biotechnology,Healthcare,CDXC
2007Q4,2007,Q4,2008-04-16,2007-12-31,-3545.0,0.0,-2928.0,-0.0005,0.0,0.0,580.0,-2748.0,580.0,3328.0,3328.0,0.0,-42748.0,62550142.199999996,62549562.199999996,-0.000514013219941169,0.17427884615384615,0.0,0.0,,-0.000514013219941169,1.2900291120815137,0.0,-4411.1524823695345,-22762.060480349344,0.0,0.0,0.0,0.0,0.17427884615384615,-6.112068965517241,-17155.826165660998,0.0,0.375,0.0,0.0,0.0,0.0,0.17596466759646676,0.3193863319386332,0.0,0.0,0.0,Biotechnology,Healthcare,CDXC
2007Q3,2007,Q3,2007-10-15,2007-08-31,-4302.0,0.0,-4302.0,-0.0008,0.0,0.0,4226.0,3725.0,4226.0,501.0,501.0,0.0,-36275.0,62550142.199999996,62545916.199999996,0.0006967610059246196,8.435129740518962,0.0,0.0,,0.0006967610059246196,-1.1548993288590603,0.0,-3634.94550209205,16791.984483221477,0.0,0.0,0.0,0.0,8.435129740518962,-1.0179839091339329,-14539.7820083682,0.0,-0.6000000000000001,0.0,0.0,0.0,0.0,-0.47835051546391755,-0.47835051546391755,0.0,0.0,0.0,Biotechnology,Healthcare,CDXC
2007Q2,2007,Q2,2007-07-20,2007-05-31,-2910.0,0.0,-2910.0,-0.0005,0.0,0.0,8528.0,8027.0,8528.0,501.0,501.0,0.0,-31973.0,62550142.199999996,62541614.199999996,0.0015014498240421266,17.02195608782435,0.0,0.0,,0.0015014498240421266,-0.36252647315310826,0.0,-5373.72355670103,7792.468194842407,0.0,0.0,0.0,0.0,17.02195608782435,-0.34122889305816134,-21494.89422680412,0.0,0.9038461538461537,0.0,0.0,0.0,0.0,0.8946606334841629,0.8946606334841629,0.0,0.0,0.0,Biotechnology,Healthcare,CDXC
2007Q1,2007,Q1,2007-04-17,2007-02-28,-27625.0,0.0,-27625.0,-0.0052,0.0,0.0,10563.0,10062.0,10563.0,501.0,501.0,0.0,-13413.0,62550142.199999996,62539579.199999996,0.001882096440701617,21.08383233532934,0.0,0.0,,0.001882096440701617,-2.7454780361757107,0.0,-566.0646352941176,6216.472093023255,0.0,0.0,0.0,0.0,21.08383233532934,-2.6152608160560447,-2264.2585411764703,0.0,0.0,0.0,0.0,0.0,0.0,0.0,0.0,0.0,0.0,0.0,Biotechnology,Healthcare,CDXC
