Quarters,Year,Quarter,FillingDate,Date,NetIncome,Revenue,OperatingIncome,EPSDiluted,GrossProfit,GrossProfitRatio,TotalAssets,CommonStockEquity,CurrentAssets,CurrentLiability,TotalLiability,Inventory,RetainedEarnings,MarketCap,EnterpriseValue,bookValuePerShare,currentRatio,debtToAssets,debtToEquity,roic,shareholdersEquityPerShare,roe,priceToSalesRatio,peRatio,pbRatio,payoutRatio,inventoryTurnover,dividendYield,assetTurnover,quickRatio,returnOnAssets,priceToFreeCashFlowsRatio,grossProfitMargin,epsdilutedGrowth,fiveYNetIncomeGrowthPerShare,fiveYRevenueGrowthPerShare,fiveYShareholdersEquityGrowthPerShare,grossProfitGrowth,netIncomeGrowth,operatingIncomeGrowth,threeYNetIncomeGrowthPerShare,threeYRevenueGrowthPerShare,threeYShareholdersEquityGrowthPerShare,Industry,Sector,Symbol
2023Q1,2023,Q1,2023-05-04,2023-03-31,-176846000.0,1826000.0,-126163000.0,-1.16,1175000.0,0.643483023,625680000.0,-1225665000.0,502899000.0,92922000.0,1839293000.0,25503000.0,-2057455000.0,2530864628.2999997,3852366628.2999997,-8.02947951967313,5.41205527216375,2.769057665260197,-1.4135542746182685,-0.2991956981701957,-8.02947951967313,0.1442857550798954,1386.0156781489593,-3.577780425200457,-2.064891000640469,0.0,0.025526408657804964,0.0,0.0029184247538677917,4.866995975118917,-0.28264608106380257,-17.53477786453642,0.6434830230010953,-0.11538461538461527,-2.1317495277909564,0.0,0.0,-0.039247751430907606,-0.1338244439742776,-0.03253183618685959,-0.4859002501070988,0.0,-3.484536445288689,Biotechnology,Healthcare,BBIO
2022Q4,2022,Q4,2023-02-23,2022-12-31,-155973000.0,1870000.0,-122188000.0,-1.04,1223000.0,0.6540106952,623036000.0,-1254617000.0,505200000.0,117753000.0,1867960000.0,37930000.0,-1918149000.0,1138004175.6,2484879175.6,-8.40083168847733,4.290336551934983,2.772294056844227,-1.3767061979871147,-0.27749659072083555,-8.40083168847733,0.12431921454914129,608.5583826737967,-1.8240403396741744,-0.907053049336969,0.0,0.017057737938307407,0.0,0.003001431698970846,4.152768931577115,-0.2503434793495079,-12.100763212964143,0.6540106951871658,-0.040000000000000036,-1.4954872676502762,0.0,-3.72997325782075,4.049875311720698,-0.05091769081500647,0.053657176492456396,-0.6732724666281299,-0.8933597071684314,-3.420607383677739,Biotechnology,Healthcare,BBIO
2022Q3,2022,Q3,2022-11-03,2022-09-30,-148416000.0,338000.0,-129116000.0,-1.0,-401000.0,-1.1863905325,728740000.0,-1138417000.0,642219000.0,119194000.0,1859113000.0,0.0,-1780558000.0,1470501900.98,2703003900.98,-7.695239953419078,5.388014497374029,2.3543883964102426,-1.5071252449673538,-0.22997570542300722,-7.695239953419078,0.13037050571100045,4350.5973401775145,-2.4769935535589154,-1.2917076088814554,0.0,0.0,0.0,0.0004638142547410599,5.172726815108143,-0.203661113703104,-10.818718831241448,-1.1863905325443787,-3.4999999999999996,-1.9498586903238997,0.0,0.0,-1.0054896914273197,-3.500058957298071,-5.943942410782662,-0.9581460494362548,-0.9899974696949032,-2.9594893037028958,Biotechnology,Healthcare,BBIO
2022Q2,2022,Q2,2022-08-04,2022-06-30,59365000.0,73746000.0,26116000.0,0.4,73046000.0,0.9905079598,862233000.0,-1025532000.0,771280000.0,141160000.0,1877246000.0,0.0,-1643219000.0,1331898020.32,2573565020.3199997,-6.991399054533283,5.463870784924908,1.9852696428923504,-1.6691483054648708,-0.8595858212018094,-6.991399054533283,-0.05788702839111798,18.060613732541427,5.6089363274656785,-1.298738625727915,0.0,0.0,0.0,0.08552908552560619,5.231836214224993,0.06885029916507487,-38.76868055072042,0.9905079597537494,1.2366863905325443,2.407367892176708,0.0,0.0,210.11560693641619,1.2406256713320443,1.1729353181119881,1.1169012765338904,0.0,0.5790409402872346,Biotechnology,Healthcare,BBIO
2022Q1,2022,Q1,2022-05-05,2022-03-31,-246711000.0,1694000.0,-151016000.0,-1.69,346000.0,0.2042502952,813149000.0,-1040996000.0,716230000.0,103463000.0,1853836000.0,0.0,-1633363000.0,1480703812.3500001,2837060812.3500004,-7.135869653250035,6.922571354010612,2.124957418628074,-1.6598594038785932,-0.2618340389094027,-7.135869653250035,0.23699514695541576,874.0872564049588,-1.500443648996194,-1.4223914523686931,0.0,0.0,0.0,0.0020832590337072293,6.593748489798285,-0.30340195954247007,-9.168785294500106,0.20425029515938606,-0.4695652173913044,-3.571540069009634,0.0,0.0,-0.9694750771945302,-0.473640512256893,-0.14368804101694146,-1.552022923871751,0.0,-3.613043332370343,Biotechnology,Healthcare,BBIO
2021Q4,2021,Q4,2022-02-25,2021-12-31,-167416000.0,12886000.0,-132043000.0,-1.15,11335000.0,0.8796368151,1012792000.0,-870414000.0,839710000.0,130131000.0,1879794000.0,0.0,-1436966000.0,2423323992.84,3760660992.84,-5.99115329311997,6.452805250094136,1.709244346321851,-1.9888340490846885,-0.16438911878878706,-5.99115329311997,0.1923406562853998,188.0586677665684,-3.618716241040283,-2.7841050268492924,0.0,0.0,0.0,0.012723244259433329,6.203471886022546,-0.1653014636766483,-23.8913546434522,0.8796368151482229,-0.08490566037735835,-1.7534445983877809,0.0,-2.37323683068557,11.735955056179776,-0.07362683169269246,0.11676332283159084,-1.7534445983877809,0.0,-2.37323683068557,Biotechnology,Healthcare,BBIO
2021Q3,2021,Q3,2021-11-04,2021-09-30,-155935000.0,2344000.0,-149499000.0,-1.06,890000.0,0.3796928327645051,781524000.0,-743397000.0,639710000.0,95823000.0,1520365000.0,0.0,-1289789000.0,6874083373.719999,8092732373.719999,-5.068751060426002,6.675954624672573,1.7900870606660833,-1.881896214270437,-0.2200841772403468,-5.068751060426002,0.2097600609095813,2932.629425648464,-11.020751232436591,-9.24685379914097,0.0,0.0,0.0,0.0029992680966931277,6.342767394049445,-0.19952682195300464,-42.16634078455187,0.3796928327645051,-0.6060606060606061,-2.1262482253724118,0.0,0.0,-0.9834925345451173,-0.618456013617304,-0.5901611444982183,-2.1262482253724118,0.0,0.0,Biotechnology,Healthcare,BBIO
2021Q2,2021,Q2,2021-08-05,2021-06-30,-96348000.0,54024000.0,-94015000.0,-0.66,53915000.0,0.9979823782022804,1081486000.0,-464294000.0,909871000.0,131909000.0,1538976000.0,0.0,-1133854000.0,8946142067.04,9964199067.04,-3.163750589684599,6.897717365759728,1.2912575844717362,-3.007742938741401,-0.0984713195670048,-3.163750589684599,0.20751506588497806,165.59569944913375,-23.21309748785652,-19.268269818347857,0.0,0.0,0.0,0.049953489920350334,6.6955325262112515,-0.08908853189038046,-95.17172411744681,0.9979823782022804,0.44067796610169485,-1.283043378048044,0.0,0.0,0.0,0.4091943168648324,0.43872982137739996,-1.283043378048044,0.0,0.0,Biotechnology,Healthcare,BBIO
2021Q1,2021,Q1,2021-05-06,2021-03-31,-163079000.0,462000.0,-167504000.0,-1.18,0.0,0.0,1093308000.0,-395294000.0,945114000.0,94729000.0,1482673000.0,0.0,-1037506000.0,8539468106.400001,9450806106.400002,-2.851478581171881,9.977029209640131,1.2645238121371105,-3.4974322909024673,-0.16668905719935237,-2.851478581171881,0.4125511644497513,18483.697200000002,-13.090999004163626,-21.602827531912954,0.0,0.0,0.0,0.0004225707668836229,9.707481341511047,-0.14916107812254187,-55.913649977083146,0.0,-0.16831683168316824,-2.179977889696702,0.0,0.0,-1.0,-0.35920687442178345,-0.31387021625395134,-2.179977889696702,0.0,0.0,Biotechnology,Healthcare,BBIO
2020Q4,2020,Q4,2021-02-25,2020-12-31,-119981000.0,122000.0,-127489000.0,-1.01,122000.0,1.0,703588000.0,57906000.0,642824000.0,95648000.0,597332000.0,0.0,-888755000.0,8461058122.79,8586086122.79,0.4866643864446361,6.720725995316159,0.6837950618828064,8.308465443995441,-0.22868474298998365,0.4866643864446361,-2.0719959935067176,69352.93543270492,-17.629995838486927,146.11712297154008,0.0,0.0,0.0,0.00017339693115857576,6.347158330545333,-0.17052735407653344,-85.98024655552959,1.0,-0.03061224489795921,-1.4094243476679844,0.0,1.2740097193679283,-0.9849883105697059,-0.035577728100536,-0.06294866557166559,-1.4094243476679844,0.0,1.2740097193679283,Biotechnology,Healthcare,BBIO
2020Q3,2020,Q3,2020-11-05,2020-09-30,-115859000.0,8127000.0,-119939000.0,-0.98,8127000.0,1.0,787693000.0,163756000.0,745384000.0,75707000.0,571880000.0,0.0,-768774000.0,4433665723.76,4542209723.76,1.3857889842875735,9.84564175043259,0.6036755436445417,2.9037775715088303,-0.1842041405578081,1.3857889842875735,-0.7075099538337527,545.5476465805341,-9.566942843801518,27.07482915899265,0.0,0.0,0.0,0.010317471400659901,9.492926677850132,-0.14708649181851305,-33.529192590049384,1.0,0.04854368932038839,-1.8828985145527637,0.0,0.0,0.0,0.042756580795478956,0.03715269694220781,-1.8828985145527637,0.0,0.0,Biotechnology,Healthcare,BBIO
2020Q2,2020,Q2,2020-08-11,2020-06-30,-121034000.0,0.0,-124567000.0,-1.03,0.0,0.0,905227000.0,265759000.0,861935000.0,92640000.0,579621000.0,0.0,-652915000.0,3815763341.82,3745030341.82,2.2712102962513385,9.304134283246977,0.5194122579198367,1.7692194808077994,-0.16638016586326232,2.2712102962513385,-0.4554276619042064,0.0,-7.881593894732059,14.35798351822516,0.0,0.0,0.0,0.0,9.077493523316063,-0.13370568929119436,-43.2650755918136,0.0,-0.3205128205128205,-2.5969884661685088,0.0,0.0,0.0,-0.31773543821448014,-0.21544195849229658,-2.5969884661685088,0.0,0.0,Biotechnology,Healthcare,BBIO
2020Q1,2020,Q1,2020-05-14,2020-03-31,-91850000.0,0.0,-102487000.0,-0.78,0.0,0.0,989799000.0,380715000.0,924957000.0,64914000.0,540781000.0,0.0,-531881000.0,3416299702.0,3123099702.0,3.23178174137838,14.248960162676772,0.46862948942158966,1.2183628173305492,-0.11976250128541914,3.23178174137838,-0.24125658300828703,0.0,-9.298583837778986,8.97337825407457,0.0,0.0,0.0,0.0,13.944218504482855,-0.09279661830331208,-38.64723578854486,0.0,-0.2580645161290323,-1.1076445256437844,0.0,0.0,-1.0,-0.25037436358191073,-0.3032757699839772,-1.1076445256437844,0.0,0.0,Biotechnology,Healthcare,BBIO
2019Q4,2019,Q4,2020-03-03,2019-12-31,-73458000.0,13819000.0,-78638000.0,-0.62,13819000.0,1.0,631679000.0,408454000.0,568622000.0,60385000.0,157946000.0,0.0,-440031000.0,4125088266.7,3861106266.7,3.470546997883467,9.41661008528608,0.15797739041506842,0.24431392519108638,-0.15232689904986974,3.470546997883467,-0.1798439971208508,298.50844972139805,-14.038934720180237,10.099272541583629,0.0,0.0,0.0,0.02187661771247738,9.041864701498717,-0.11629007771352222,-52.919669874278384,1.0,-0.2156862745098039,-0.4913813006670816,0.0,2.954043968350739,-0.4299327585495648,-0.2247082360786929,-0.4420523729186533,-0.4913813006670816,0.0,2.954043968350739,Biotechnology,Healthcare,BBIO
2019Q3,2019,Q3,2019-11-08,2019-09-30,-59980000.0,26741000.0,-54532000.0,-0.51,24241000.0,0.9065106016977674,640530000.0,459758000.0,558155000.0,39858000.0,118833000.0,0.0,-366573000.0,2513518406.3599997,2296642406.3599997,3.9271660931637595,14.003587736464448,0.11711707492232995,0.16316627443133128,-0.10197185732317329,3.9271660931637595,-0.13045993761935626,93.9949293728731,-10.476485521673892,5.46704659051066,0.0,0.0,0.0,0.041748239738966166,13.449069195644539,-0.09364120337845222,-49.89416611469519,0.9065106016977674,0.8526011560693643,-0.5064548893955872,0.0,0.0,0.0,0.08976401851430306,0.21252292451876562,-0.5064548893955872,0.0,0.0,Biotechnology,Healthcare,BBIO
2019Q2,2019,Q2,2019-08-14,2019-06-30,-65895000.0,0.0,-69249000.0,-3.46,0.0,0.0,325540000.0,-316119000.0,306709000.0,38705000.0,593268000.0,0.0,-326068000.0,520956146.06,302150146.06,-16.60826366180063,7.9242733496964215,0.23037721938932235,-0.23724293699524546,0.28719486401074973,-16.60826366180063,0.2084499824433204,0.0,-1.9764631082024433,-1.6479748008186792,0.0,0.0,0.0,0.0,7.590828058390389,-0.20241752165632487,-7.568626724295739,0.0,-4.242424242424242,-11.038943747279818,0.0,0.0,0.0,-0.07697965187545967,-0.08622474589032501,-11.038943747279818,0.0,0.0,Biotechnology,Healthcare,BBIO
2019Q1,2019,Q1,2019-03-31,2019-03-31,-61185000.0,0.0,-63752000.0,-0.66,0.0,0.0,401374000.0,252141000.0,382473000.0,35472000.0,90915000.0,0.0,-234733000.0,2543693483.6,2225527483.6,2.73086541078404,10.782391745602165,0.1366829939158989,0.21758063940414293,-0.20765988495188956,2.73086541078404,-0.24266184396825585,0.0,-10.393452168015036,10.088377073145582,-0.016294843507395605,0.0,0.00039194974018213113,0.0,10.516097203428055,-0.15243887247305504,-41.31585887894489,0.0,-0.5770232491457792,-0.7913397353320059,0.0,0.0,0.0,-0.5834217540953909,0.02791882042602504,-0.7913397353320059,0.0,0.0,Biotechnology,Healthcare,BBIO
2018Q4,2018,Q4,2018-12-31,2018-12-31,-38641000.0,0.0,-65583000.0,-0.41851,0.0,0.0,464941000.0,-163986000.0,445223000.0,32577000.0,566566000.0,0.0,-170580000.0,2543693483.6,2162114483.6,-1.7760843942588933,13.66678945268134,0.11723422971946978,-0.33238813069408363,0.5990463924588277,-1.7760843942588933,0.23563596892417646,0.0,-16.457218262984913,-15.511650284780409,0.0,0.0,0.0,0.0,13.386315498664702,-0.08310946980369552,-53.94324002968932,0.0,-0.23056792954909663,0.0,0.0,0.0,0.0,-0.23056590554440942,-0.5819905441914319,0.0,0.0,0.0,Biotechnology,Healthcare,BBIO
2018Q3,2018,Q3,2018-09-30,2018-09-30,-31401000.0,0.0,-41456000.0,-0.340095,0.0,0.0,,,,,,,,2543693483.6,,,0.0,0.0,0.0,0.0,,0.0,0.0,-20.251691694532024,0.0,0.0,0.0,0.0,0.0,0.0,0.0,-65.34522268862229,0.0,-0.03275656831902046,0.0,0.0,0.0,0.0,-0.182667319498324,-0.1918465917258431,0.0,0.0,0.0,Biotechnology,Healthcare,BBIO
2018Q2,2018,Q2,2018-06-30,2018-06-30,-26551000.0,0.0,-34783000.0,-0.329308,0.0,0.0,,,,,,,,2543693483.6,,,0.0,0.0,0.0,0.0,,0.0,0.0,-23.951013931678656,0.0,0.0,0.0,0.0,0.0,0.0,0.0,-71.42999308078964,0.0,0.18434818792478253,0.0,0.0,0.0,0.0,0.22265487762033026,0.16862660739041063,0.0,0.0,0.0,Biotechnology,Healthcare,BBIO
2018Q1,2018,Q1,2018-03-31,2018-03-31,-34156000.0,0.0,-41838000.0,-0.403736,0.0,0.0,,,,,,,,2543693483.6,,,0.0,0.0,0.0,0.0,,0.0,0.0,-18.61820385583792,0.0,0.0,0.0,0.0,0.0,0.0,0.0,-76.78379267085245,0.0,0.0,0.0,0.0,0.0,0.0,0.0,0.0,0.0,0.0,0.0,Biotechnology,Healthcare,BBIO
