Year,Date,FillingDate,NetIncome,Revenue,OperatingIncome,EPSDiluted,GrossProfit,GrossProfitRatio,TotalAssets,CommonStockEquity,CurrentAssets,CurrentLiability,TotalLiability,Inventory,RetainedEarnings,EnterpriseValue,bookValuePerShare,currentRatio,debtToAssets,debtToEquity,roic,shareholdersEquityPerShare,roe,priceToSalesRatio,peRatio,pbRatio,payoutRatio,inventoryTurnover,dividendYield,assetTurnover,quickRatio,returnOnAssets,priceToFreeCashFlowsRatio,grossProfitMargin,epsdilutedGrowth,fiveYNetIncomeGrowthPerShare,fiveYRevenueGrowthPerShare,fiveYShareholdersEquityGrowthPerShare,grossProfitGrowth,netIncomeGrowth,operatingIncomeGrowth,threeYNetIncomeGrowthPerShare,threeYRevenueGrowthPerShare,threeYShareholdersEquityGrowthPerShare,Industry,Sector,Price,MarketCap,AvgVolume,Symbol
2022,2022-12-31,2023-03-08,-22162000.0,8592000.0,-22874000.0,-4.69,6976000.0,0.8119180633,24756000.0,17086000.0,21173000.0,7045000.0,7670000.0,1982000.0,-146370000.0,1199797.6999999993,3.613026009727215,3.0053938963804114,0.0282355792535143,0.04091068711225565,-1.213895230785872,3.613026009727215,-1.297085333021187,2.1197390246741152,-0.8218029825827994,1.065948595341215,0.0,0.8153380423814329,0.0,0.347067377605429,2.571043293115685,-0.895217321053482,-1.094190309402223,0.8119180633147114,-0.0732265446224257,-1.6910862503265833,45.01914136808743,1.824446019386255,0.7156067089666027,-0.287133888175815,-0.14124062645000024,0.7966843063721689,0.4889743494913871,-0.7157606302228239,Medical Devices,Healthcare,5.3728,25534071,24201,ECOR
2021,2021-12-31,2022-03-10,-17218100.0,5451200.0,-20043100.0,-4.37,4066200.0,0.7459275022,42832700.0,36647800.0,37541289.0,5485400.0,6184900.0,1360594.0,-124208218.0,524173.15000000596,9.29432912979568,6.84385623655522,0.017763671213815613,0.02076157368245843,-0.5003707975072091,9.29432912979568,-0.46982629243774526,6.320114314279426,-2.0009296699403536,0.9400893682567577,0.0,1.0179377536575938,0.0,0.12726725142239456,6.403752324351916,-0.40198493207292557,-2.5281156625773993,0.7459275022013502,0.5165929203539823,-1.7852251606646647,53.604557554875576,2.5181154528992704,1.3125746459648524,0.2676608070230657,0.17463422267428214,0.8473932265878051,1.7160978971407124,-0.7233971789743375,Medical Devices,Healthcare,5.3728,25534071,24201,ECOR
2020,2020-12-31,2021-03-11,-23511100.0,3495800.0,-24283900.0,-9.04,1758300.0,0.5029749986,31518200.0,23644600.0,22628100.0,5890300.0,7873600.0,841617.0,-106990148.0,59590126.199999996,9.094381235064404,3.841587015941463,0.09499470147406895,0.12662772895291102,-0.824415097438113,9.094381235064404,-0.9943538905289157,17.4031592768465,-2.5876272994457934,2.5730172724427565,0.0,2.0644782603013008,0.0,0.11091369430995425,3.887517783474526,-0.7459531318412853,-3.0263748740398433,0.5029749985697122,0.6078091106290673,-4.767918007659949,52.107321712252194,2.4854563997791126,0.42603406326034066,0.47923228564467185,0.44923226962418633,-4.1928061907244505,33.05660242168077,3.0752207119029262,Medical Devices,Healthcare,5.3728,25534071,24201,ECOR
2019,2019-12-31,2020-03-30,-45147000.0,2390000.0,-44091000.0,-23.05,1233000.0,0.5158995816,36097610.0,24897000.0,26533384.0,9145000.0,10565000.0,890992.0,-83479098.0,35168363.25,12.711208910150535,2.9014088572990704,0.055909601771419216,0.08106209583483955,-1.5304041474427634,12.711208910150535,-1.8133510061453186,19.545673744769875,-1.0347123895275434,1.8762967526207979,0.0,1.2985526244904555,0.0,0.06620936953997786,2.685127392017496,-1.2506922203436737,-1.034959604278746,0.5158995815899582,0.19445571731225433,-13.701907267592052,47.19526531851044,3.0762211453937005,1.9767509234446294,0.19121053463192528,0.19178456739110017,-13.701907267592052,47.19526531851044,3.0762211453937005,Medical Devices,Healthcare,5.3728,25534071,24201,ECOR
2018,2018-12-31,2019-03-28,-55820460.0,992953.0,-54553524.0,-28.614193527750363,414210.0,0.4171496536089825,73504336.0,65550091.0,72698536.0,7073003.0,7318635.0,1949402.0,-38331215.0,175579460.4,33.60171488971681,10.278312620537557,0.0,0.0,-0.8322780554432729,33.60171488971681,-0.8515695271879943,184.47977336288827,-3.2815878693941256,2.7945002303658133,0.0,0.29688232596457786,0.0,0.013508767700452392,9.731505839881589,-0.7594172403652486,-3.8654265912937675,0.4171496536089825,-15.431208279572854,-17.250993048268555,19.10404618049991,6.48843083837682,0.41404796449603143,-0.5595608478241567,-1.127291721177839,-17.250993048268555,19.10404618049991,6.48843083837682,Medical Devices,Healthcare,5.3728,25534071,24201,ECOR
2017,2017-12-31,2017-12-31,-35792422.0,811457.0,-25644590.0,-1.741454008791508,292925.0,0.36098647248098176,39232656.0,-90071611.0,39033406.0,6119319.0,128700212.0,327787.0,-152928928.0,6106485746.5,-4.38236818999608,6.3787173049811585,0.0,0.0,0.2847133488042087,-4.38236818999608,0.39737739341644507,7541.631830768605,-170.9778103448825,-67.9427166069007,0.0,1.5819175257102935,0.0,0.020683203298802917,6.091849272770385,-0.9123119780623571,-240.16018425162068,0.36098647248098176,-0.11075162506710105,-0.1107516429099127,0.5593840235349943,0.2841935360133402,1.24623678176785,-1.2743630292262242,-0.7084730157545782,-0.1107516429099127,0.5593840235349943,0.2841935360133402,Medical Devices,Healthcare,5.3728,25534071,24201,ECOR
2016,2016-12-31,2016-12-31,-15737339.0,254138.0,-15010240.0,-1.5678158550398753,130407.0,0.5131345961642887,622016.0,-61453906.0,505939.0,4135321.0,61675501.0,48471.0,-100706419.0,2991988826.25,-6.122280826563969,0.12234576227577013,5.893727814075522,-0.05965435297147752,0.259747051256203,-6.122280826563969,0.25608362469262735,11760.30018828353,-189.9138837417177,-48.6338357280333,0.0,2.5526809845061997,0.0,0.40857148369173785,0.10665338918067062,-25.300537285214528,-225.9785478760586,0.5131345961642887,0.0,0.0,0.0,0.0,0.0,0.0,0.0,0.0,0.0,0.0,Medical Devices,Healthcare,5.3728,25534071,24201,ECOR
TTM,,,,,,,,,,,,,,,,14308071.0,2.497786211258697,2.628932968536252,0.03726775956284153,0.057567316620241414,-1.720691935104261,2.497786211258697,-1.1413101774996808,2.695457721946585,-1.1404936627282491,2.1510247657634847,0.0,0.6916868442292171,0.0,0.5176502732240437,2.072674418604651,-1.2209836065573771,-1.440568180535966,0.8190647102290721,,,,,,,,,,,Medical Devices,Healthcare,5.3728,25534071,24201,ECOR
