Quarters,Year,Quarter,FillingDate,Date,NetIncome,Revenue,OperatingIncome,EPSDiluted,GrossProfit,GrossProfitRatio,TotalAssets,CommonStockEquity,CurrentAssets,CurrentLiability,TotalLiability,Inventory,RetainedEarnings,MarketCap,EnterpriseValue,bookValuePerShare,currentRatio,debtToAssets,debtToEquity,roic,shareholdersEquityPerShare,roe,priceToSalesRatio,peRatio,pbRatio,payoutRatio,inventoryTurnover,dividendYield,assetTurnover,quickRatio,returnOnAssets,priceToFreeCashFlowsRatio,grossProfitMargin,epsdilutedGrowth,fiveYNetIncomeGrowthPerShare,fiveYRevenueGrowthPerShare,fiveYShareholdersEquityGrowthPerShare,grossProfitGrowth,netIncomeGrowth,operatingIncomeGrowth,threeYNetIncomeGrowthPerShare,threeYRevenueGrowthPerShare,threeYShareholdersEquityGrowthPerShare,Industry,Sector,Symbol
2023Q1,2023,Q1,2023-05-05,2023-03-31,2663000.0,13256000.0,10102000.0,0.14,12125000.0,0.9146801448,1809481000.0,126494000.0,548833000.0,848000.0,1682987000.0,0.0,66834000.0,122030613.4,249107613.4,6.426770940086088,647.2087264150944,0.10867646579323022,1.5546033803974892,0.02477683590967379,6.426770940086088,0.02105238193115879,9.205689001207,11.45612217423958,0.9647146378484355,0.6650394292151709,0.0,0.014512751764959989,0.0073258575248924965,647.2087264150944,0.001471692711888105,104.12168378839591,0.9146801448400724,-0.4166666666666666,0.12336238219618813,0.08589911854302695,0.24206850980896574,-0.24652000994282874,-0.45862980280544824,0.0490134994807892,0.3229837648953802,0.24975699421249786,-0.060087405856909644,Banks—Regional,Financial Services,FNCB
2022Q4,2022,Q4,2023-03-10,2022-12-31,4919000.0,16092000.0,9630000.0,0.24,16092000.0,1.0,1745530000.0,118949000.0,523964000.0,171000.0,1626581000.0,0.0,64873000.0,161584597.77,302028597.77,6.043715202299507,3064.1169590643276,0.10447256707131931,1.533094015082094,0.027115198904488946,6.043715202299507,0.041353857535582475,10.041299886278898,8.212268640475708,1.358435949608656,0.36023582028867657,0.0,0.010966391750544627,0.009218976471329625,3064.1169590643276,0.002818055261152773,33.09125491910711,1.0,-0.14285714285714296,1.6850398106862279,0.2783821383479515,0.13554456999778733,0.05362404242781379,-0.09494020239190433,0.1502627806975633,0.44528877349625706,0.37373240342001857,-0.08759876229729872,Banks—Regional,Financial Services,FNCB
2022Q3,2022,Q3,2022-11-04,2022-09-30,5435000.0,16081000.0,8372000.0,0.28,15273000.0,0.9497543685,1704516000.0,111592000.0,512207000.0,101000.0,1592924000.0,0.0,61737000.0,147855122.66,189738122.66,5.668088497191606,5071.3564356435645,0.044593303905624826,0.6811420173489139,0.03710900079006551,5.668088497191606,0.04870420818696681,9.194398523723649,6.801063599816007,1.324961669832963,0.32603495860165593,0.0,0.011984704811850176,0.009434349692229348,5071.3564356435645,0.0031885884321414407,20.346101921012796,0.9497543685094211,-0.034482758620689495,1.0361792608091076,0.3634756488454529,-0.025608652708576596,0.053019856591285164,-0.052805855698849775,0.09538139474028523,1.3169868162502911,0.5138474561363303,-0.13766618215562454,Banks—Regional,Financial Services,FNCB
2022Q2,2022,Q2,2022-08-05,2022-06-30,5738000.0,15279000.0,7643000.0,0.29,14504000.0,0.9492767851,1693085000.0,125512000.0,528099000.0,85000.0,1567573000.0,0.0,58085000.0,157416872.0,258384872.0,6.378579292313724,6212.929411764706,0.07581426803734012,1.0226910574287718,0.024731086055845657,6.378579292313724,0.04571674421569252,10.302825577590156,6.858525270128966,1.2541977818853973,0.2574067619379575,0.0,0.009382729952860453,0.009024354949692425,6212.929411764706,0.003389079697711574,22.034836506159014,0.9492767851299169,0.31818181818181807,1.7203010287754559,0.2899173533376027,0.10537568852018864,-0.004734783503739793,0.31817137606248563,0.3465468639887245,1.3027927488284534,0.48404894756554984,-0.010104549042628738,Banks—Regional,Financial Services,FNCB
2022Q1,2022,Q1,2022-05-06,2022-03-31,4353000.0,14573000.0,5676000.0,0.22,14573000.0,1.0,1649550000.0,138389000.0,543105000.0,57000.0,1511161000.0,0.0,53834000.0,188787177.36,251945177.36,6.941911248034139,9528.157894736842,0.052899275560001215,0.630541444768009,0.020777200249959164,6.941911248034139,0.03145481215992601,12.954585696836617,10.842360289455549,1.3641776251002609,0.3443602113484953,0.0,0.007940157912004494,0.00883453062956564,9528.157894736842,0.0026389015185959807,-968.1393710769231,1.0,0.09999999999999995,0.6555688546945793,0.28815446864126176,0.2409211852937953,-0.013204225352112676,0.0997978777160182,-0.008039147151345682,0.5513258305023346,0.3081897409953461,0.04987852355468156,Banks—Regional,Financial Services,FNCB
2021Q4,2021,Q4,2022-03-11,2021-12-31,3958000.0,14768000.0,5722000.0,0.2,14768000.0,1.0,1664323000.0,162457000.0,626229000.0,49000.0,1501866000.0,0.0,50990000.0,184691633.28,115981633.28,8.127616034042363,12780.183673469388,0.018211609164807553,0.18657244686286217,0.022344486213835887,8.127616034042363,0.024363369999446008,12.506204853737811,11.66571710965134,1.1368647290052136,0.3787266296109146,0.0,0.008116231219458953,0.00887327760296529,12780.183673469388,0.002378144146298525,20.396646414135837,1.0,-0.3548387096774193,1.1596577089104263,0.3468405915343256,0.4985845529912923,0.0,-0.3767910565265313,0.0,-0.5287637502125304,-0.24950635410355698,0.406198795494667,Banks—Regional,Financial Services,FNCB
2021Q3,2021,Q3,2021-11-05,2021-09-30,6351000.0,14582000.0,0.0,0.31,0.0,0.0,1665891000.0,161950000.0,0.0,0.0,1503941000.0,0.0,48541000.0,164575482.83,692482.8300000131,8.098706302303729,0.0,0.006188880304893897,0.06366162395801173,0.0,8.098706302303729,0.0392158073479469,11.286207847346043,6.478329508345143,1.0162116877431306,0.23602582270508582,0.0,0.009108282559610704,0.00875327377361424,0.0,0.0038123742789894417,40.96974927308937,0.0,0.19230769230769226,1.6128654793473578,0.33557946437358044,0.39157323190681587,0.0,0.21457257601835916,0.0,1.8873243203358925,0.15974338089242318,0.5732712415951472,Banks—Regional,Financial Services,FNCB
2021Q2,2021,Q2,2021-08-06,2021-06-30,5229000.0,13741000.0,0.0,0.26,0.0,0.0,1524763000.0,160614000.0,0.0,0.0,1364149000.0,0.0,43698000.0,147015510.32,101383510.32,7.94245299328224,0.0,0.006761706573415016,0.06419116639894405,0.0,7.94245299328224,0.03255631514064777,10.699040122261843,7.028854002677376,0.9153343439550723,0.23216676228724423,0.0,0.008257632118934646,0.009011892339989887,0.0,0.0034293854192422035,36.790668248248245,0.0,-0.10344827586206887,1.6333750868846422,0.15845923514478194,0.37634551686265616,0.0,-0.10354877421566946,0.0,0.8002632640304876,0.05988475431827441,0.5308593392829373,Banks—Regional,Financial Services,FNCB
2021Q1,2021,Q1,2021-05-07,2021-03-31,5833000.0,14171000.0,0.0,0.29,0.0,0.0,1500036000.0,154930000.0,0.0,0.0,1345106000.0,0.0,39691000.0,152626655.48,64382655.47999999,7.653788889798976,0.0,0.006873168377292278,0.06654618214677596,0.0,7.653788889798976,0.03764926095656103,10.770351808623245,6.541516178638779,0.9851329986445492,0.2082976170066861,0.0,0.0079606016143046,0.009447106602774867,0.0,0.003888573340906485,26.3149406,0.0,0.11538461538461527,3.1647641422316393,0.30397873386941693,0.37372201406282685,0.0,0.1313033359193173,0.0,1.3925374791009317,0.12874423788734932,0.4792078711642538,Banks—Regional,Financial Services,FNCB
2020Q4,2020,Q4,2021-03-12,2020-12-31,5156000.0,13660000.0,0.0,0.26,0.0,0.0,1465679000.0,155860000.0,0.0,0.0,1309819000.0,0.0,35080000.0,129547072.0,-15953928.0,7.6999347387797386,0.0,0.007034282404264508,0.06614910817400231,0.0,7.6999347387797386,0.03308097010137303,9.483680234260614,6.281374709076804,0.8311758757859619,0.21586501163692784,0.0,0.008591471677569061,0.009319912477425139,0.0,0.0035178234797660335,33.44876633100955,0.0,0.3,-0.8560544748061818,0.22786213413064466,0.47482404533769146,0.0,0.25541757974190404,0.0,1.6981698238425116,0.05514111500640291,0.4467291705988892,Banks—Regional,Financial Services,FNCB
2020Q3,2020,Q3,2020-11-02,2020-09-30,4107000.0,12816000.0,0.0,0.2,0.0,0.0,1443191000.0,150046000.0,0.0,0.0,1293145000.0,0.0,31044000.0,107652242.88000001,12946242.88000001,7.4150310169552505,0.0,0.007143891556973402,0.06871226157311758,0.0,7.4150310169552505,0.02737160604081415,8.39983168539326,6.552973148283419,0.7174615976433893,0.2710007304601899,0.0,0.010338846365148764,0.008880321454332794,0.0,0.0028457771701735947,30.94344434607646,0.0,0.0,0.4330566438803477,0.22074616371617542,1.0518004961023704,0.0,0.021387714498880876,0.0,0.49701500270707655,0.05723570434944626,0.27470523200168706,Banks—Regional,Financial Services,FNCB
2020Q2,2020,Q2,2020-08-03,2020-06-30,4021000.0,12081000.0,0.0,0.2,0.0,0.0,1418171000.0,145357000.0,0.0,0.0,1272814000.0,0.0,28057000.0,116101280.25,67741280.25,7.1989107114088,0.0,0.03745599085018662,0.365438196990857,0.0,7.1989107114088,0.027662926450050564,9.610237583809287,7.218433241109177,0.7987319513336132,0.27629942800298435,0.0,0.009569231257464967,0.008518718828688501,0.0,0.002835342141391976,17.674117864210686,0.0,1.0,3.0122669833015667,0.2851926530240137,1.162037560906166,0.0,0.9491032476975279,0.0,0.857730119004116,-0.0060558861836881115,0.24753499479229835,Banks—Regional,Financial Services,FNCB
2020Q1,2020,Q1,2020-05-04,2020-03-31,2063000.0,10871000.0,0.0,0.1,0.0,0.0,1248232000.0,137932000.0,0.0,0.0,1110300000.0,0.0,25155000.0,139391961.18,182088961.18,6.837626158148584,0.0,0.07069519127854437,0.6397645216483485,0.0,6.837626158148584,0.014956645303482875,12.822367876000369,16.89190028841493,1.0105846444624889,0.5380513814832768,0.0,0.007963156487673144,0.008709118176749193,0.0,0.001652737632106852,35.15560181084489,0.0,-0.411764705882353,-0.5143833656292092,-0.08335298862798862,1.0240984027514457,0.0,-0.40854357798165136,0.0,-0.22460920396655867,-0.05037681712894805,0.22227940600197565,Banks—Regional,Financial Services,FNCB
2019Q4,2019,Q4,2020-03-09,2019-12-31,3488000.0,12005000.0,0.0,0.17,0.0,0.0,1203541000.0,133607000.0,0.0,0.0,1069934000.0,0.0,24207000.0,170438536.45,193092536.45,6.623966466241033,0.0,0.04754221085945556,0.4282634891884407,0.0,6.623966466241033,0.02610641657996961,14.197295830903789,12.21606482583142,1.275670709244276,0.2892775229357798,0.0,0.005920022672196561,0.009974732892356803,0.0,0.002898114812873014,38.56948097985969,0.0,0.4166666666666668,93.04760898861811,0.1474581829725072,1.126575087382537,0.0,0.4515189346650021,0.0,0.8860351118341857,0.08497777208932702,0.2213389245092121,Banks—Regional,Financial Services,FNCB
2019Q3,2019,Q3,2019-11-05,2019-09-30,2403000.0,10882000.0,0.0,0.12,0.0,0.0,1197190000.0,132567000.0,0.0,0.0,1064623000.0,0.0,21733000.0,157516211.48999998,209773211.48999998,6.572963253790101,0.0,0.07498225010232294,0.6771519307218237,0.0,6.572963253790101,0.018126683111181516,14.47493213471788,16.38745437890137,1.1882007701011563,0.41947565543071164,0.0,0.006399341315188966,0.00908961818925985,0.0,0.002007200193787118,68.10039407263294,0.0,-0.07692307692307698,-0.41556821843472835,-0.21022906175023412,1.1515275485238399,0.0,-0.05727736367202824,0.0,-0.019788512385790907,-0.011782730179285276,0.1294099794283905,Banks—Regional,Financial Services,FNCB
2019Q2,2019,Q2,2019-08-05,2019-06-30,2549000.0,10532000.0,0.0,0.13,0.0,0.0,1198794000.0,129706000.0,0.0,0.0,1069088000.0,0.0,20345000.0,157611244.5,225240244.5,6.443689872647379,0.0,0.0813592660623927,0.7519544199959909,0.0,6.443689872647379,0.019652136369944336,14.964987134447398,15.458144811690861,1.215142279462785,0.39505688505296194,0.0,0.006389138054169733,0.008785496090237356,0.0,0.002126303601786462,52.978569579831934,0.0,-0.07142857142857148,-0.683004223773614,-0.09309947175223648,1.1570069168782775,0.0,-0.03263757115749526,0.0,0.28963622885218687,-0.10797592534259882,0.11662526372806245,Banks—Regional,Financial Services,FNCB
2019Q1,2019,Q1,2019-05-03,2019-03-31,2635000.0,10461000.0,0.0,0.14,0.0,0.0,1214451000.0,123782000.0,0.0,0.0,1090669000.0,0.0,18809000.0,145645505.56,152198505.56,6.61210901288865,0.0,0.03235865423965232,0.3174775007674783,0.0,6.61210901288865,0.02128742466594497,13.922713465251888,13.818359161290322,1.176629118611753,0.38178368121442124,0.0,0.006907181901233259,0.008613768690544123,0.0,0.0021697046649062006,359.61853224691356,0.0,-0.6666666666666666,-0.3400364511162068,-0.020506733649698666,1.6867922301489369,0.0,-0.6271929824561403,0.0,1.0343262639678863,0.04084189349131292,0.18675858991806257,Banks—Regional,Financial Services,FNCB
2018Q4,2018,Q4,2019-03-08,2018-12-31,7068000.0,16559000.0,0.0,0.42,0.0,0.0,1237732000.0,97219000.0,0.0,0.0,1140513000.0,0.0,17186000.0,141963644.28,139722644.28,5.779848525032524,0.0,0.0276635006608862,0.3521945298758473,0.0,5.779848525032524,0.07270183811806334,8.573201538740262,5.021351311544991,1.460245880743476,0.11898698358800226,0.0,0.005924051923753559,0.013378501969731735,0.0,0.005710444587358168,12.46826315475145,0.0,2.8181818181818183,2.3862258949016195,0.837259324322835,1.8352842274590937,0.0,2.8205405405405406,0.0,-0.7625376641086944,0.7912077023079153,0.10705608194264446,Banks—Regional,Financial Services,FNCB
2018Q3,2018,Q3,2018-10-31,2018-09-30,1850000.0,10575000.0,0.0,0.11,0.0,0.0,1251122000.0,86577000.0,0.0,0.0,1164545000.0,0.0,10965000.0,165663456.25,197166456.25,5.147685973139897,0.0,0.049395662453381846,0.7138154475207041,0.0,5.147685973139897,0.021368261778532405,15.665575059101656,22.3869535472973,1.9134811352899732,0.3637837837837838,0.0,0.004062452970825303,0.008452413113988883,0.0,0.001478672743345573,45.536958837273225,0.0,-0.21428571428571436,-0.04067785495159658,0.17694817078760278,1.5830514382075416,0.0,-0.2330016583747927,0.0,-0.22333927222146444,0.21192071383773559,0.4244073435858151,Banks—Regional,Financial Services,FNCB
2018Q2,2018,Q2,2018-08-03,2018-06-30,2412000.0,10766000.0,0.0,0.14,0.0,0.0,1239287000.0,87125000.0,0.0,0.0,1152162000.0,0.0,9792000.0,149116811.9976,317553811.99759996,5.188231726764999,0.0,0.1529597260360191,2.175736011477762,0.0,5.188231726764999,0.027684361549497848,13.850716328961544,15.455722636567163,1.7115272539179338,0.27860696517412936,0.0,0.004506534112403206,0.008687253235126327,0.0,0.001946280401553474,1936.5819739948051,0.0,0.16666666666666682,2.28304253927216,0.22257435802923067,1.7074963958185378,0.0,0.19465081723625557,0.0,1.8938684998277642,0.37709995283229414,0.5581734956337345,Banks—Regional,Financial Services,FNCB
2018Q1,2018,Q1,2018-05-04,2018-03-31,2019000.0,10397000.0,0.0,0.12,0.0,0.0,1189260000.0,86738000.0,0.0,0.0,1102522000.0,0.0,8057000.0,154893825.24,277492825.24,5.174248352109456,0.0,0.11502530985654945,1.5771057667919481,0.0,5.174248352109456,0.023276995088657798,14.897934523420219,19.179522689450224,1.7857666217805344,0.3323427439326399,0.0,0.004331999671131629,0.008742411247330273,0.0,0.0016976943645628374,76.15232312684367,0.0,1.3333333333333333,0.14507055224381937,0.1583146534576274,1.3128219777999028,0.0,1.330225711481845,0.0,-0.42808933838458363,0.05496541448823575,0.5316993913834948,Banks—Regional,Financial Services,FNCB
2017Q4,2017,Q4,2018-03-09,2017-12-31,-6114000.0,10718000.0,0.0,-0.36,0.0,0.0,1162305000.0,89191000.0,0.0,0.0,1073114000.0,0.0,6779000.0,122333129.89999999,144865129.89999998,5.3223055809348665,0.0,0.05186074223203032,0.6758305210166945,0.0,5.3223055809348665,-0.06854951732798152,11.413802005971263,-5.002172468923781,1.3715860333441714,-0.10974811907098463,0.0,0.00548502274525717,0.009221331750272089,0.0,-0.005260237201078891,29.721362949465497,0.0,-3.6553176423729687,-0.1870814298680157,0.667556909711879,1.3721078514580443,0.0,-3.6910211267605635,0.0,-193.2009410594062,0.23304326635526762,0.7086865571461785,Banks—Regional,Financial Services,FNCB
2017Q3,2017,Q3,2017-11-07,2017-09-30,2272000.0,10039000.0,0.0,0.135577,0.0,0.0,1157111000.0,97482000.0,0.0,0.0,1059629000.0,0.0,13282000.0,126857779.91000001,143707779.91000003,5.817055449997115,0.0,0.052423665491037594,0.6222687265341293,0.0,5.817055449997115,0.023306866908762644,12.636495657934057,13.958822613336269,1.3013456834082189,0.22095070422535212,0.0,0.0039571873349521555,0.008675917867862287,0.0,0.0019635108472739436,71.7521379581448,0.0,0.23251818181818185,1.3418461449958017,0.1673134594071742,1.4306772202203641,0.0,0.26785714285714285,0.0,-0.3349697843664692,-0.12312865520392668,0.9040963061436285,Banks—Regional,Financial Services,FNCB
2017Q2,2017,Q2,2017-08-04,2017-06-30,1792000.0,10063000.0,0.0,0.11,0.0,0.0,1107460000.0,96465000.0,0.0,0.0,1010995000.0,0.0,11517000.0,130391812.2,169444812.2,5.770508035012953,0.0,0.058885196756541996,0.6760275747680506,0.0,5.770508035012953,0.018576685844606852,12.957548663420452,18.190822014508928,1.351700743274763,0.2806919642857143,0.0,0.0038576041816834263,0.00908655843100428,0.0,0.0016181171328987051,38.10397784921099,0.0,-0.15384615384615388,2.822693310977741,0.13491478750189603,1.2967098303633209,0.0,-0.1843422849340009,0.0,-0.7316563250972385,0.04338837756567797,0.9316612052142071,Banks—Regional,Financial Services,FNCB
2017Q1,2017,Q1,2017-05-05,2017-03-31,2197000.0,9453000.0,0.0,0.13,0.0,0.0,1103885000.0,93185000.0,0.0,0.0,1010700000.0,0.0,10228000.0,106108599.87,156325599.87,5.59415966968974,0.0,0.06970110111107589,0.8256908300692172,0.0,5.59415966968974,0.02357675591565166,11.224859819105047,12.074260340236686,1.138687555615174,0.2275830678197542,0.0,0.004712153403329984,0.008563392020002083,0.0,0.001990243548920404,77.5647659868421,0.0,0.44444444444444453,2.861447393238975,0.08232738797918732,1.233821619245177,0.0,0.4416010498687664,0.0,-0.3815911082947417,-0.005272214158399077,1.2731544058691477,Banks—Regional,Financial Services,FNCB
2016Q4,2016,Q4,2017-03-10,2016-12-31,1524000.0,9118000.0,0.0,0.09,0.0,0.0,1195375000.0,90147000.0,0.0,0.0,1105228000.0,0.0,8531000.0,100559875.35,66961875.349999994,5.423528500823664,0.0,0.06596005437624176,0.8746491841103975,0.0,5.423528500823664,0.01690572065626144,11.028720700811581,16.49604254429134,1.1155099487503743,0.3274278215223097,0.0,0.0049622177659153196,0.00762773188330022,0.0,0.0012749137300010456,39.79417307083498,0.0,-0.25,2.4576968408251703,-0.13893885639068512,1.2335454229288483,0.0,-0.24442240951908775,0.0,-0.2611271753560828,0.02376736893375581,1.6604927013158475,Banks—Regional,Financial Services,FNCB
2016Q3,2016,Q3,2016-11-04,2016-09-30,2017000.0,9060000.0,0.0,0.12,0.0,0.0,1121587000.0,96573000.0,0.0,0.0,1025014000.0,0.0,7506000.0,82969055.0,108780055.0,5.819820413767519,0.0,0.07413334854986729,0.8609756350118564,0.0,5.819820413767519,0.020885754817599123,9.15773233995585,10.283720252850769,0.8591330392552783,0.16410510659395142,0.0,0.0039894391951312445,0.008077839703919535,0.0,0.0017983446669763469,35.88626946366782,0.0,0.1999999999999999,5.604756665249921,-0.08062869754824147,1.4576340459614674,0.0,0.24123076923076922,0.0,0.060090610224186394,0.021996734102651298,1.920321007989206,Banks—Regional,Financial Services,FNCB
2016Q2,2016,Q2,2016-08-05,2016-06-30,1625000.0,9707000.0,0.0,0.1,0.0,0.0,1087538000.0,95500000.0,0.0,0.0,992038000.0,0.0,5820000.0,92675346.39999999,220084346.39999998,5.770682503755928,0.0,0.1334031546483893,1.51917277486911,0.0,5.770682503755928,0.017015706806282723,9.547269640465643,14.257745599999998,0.9704224753926701,0.2043076923076923,0.0,0.0035823982633638157,0.008925665126184097,0.0,0.0014942006624136352,26.9405076744186,0.0,0.4285714285714285,7.541265120145304,-0.14016247808134225,1.5916821502328355,0.0,0.4216972878390201,0.0,1.2443976580233926,0.11854425583968708,2.0114503174040603,Banks—Regional,Financial Services,FNCB
2016Q1,2016,Q1,2016-05-06,2016-03-31,1143000.0,8869000.0,0.0,0.07,0.0,0.0,1085015000.0,92041000.0,0.0,0.0,992974000.0,0.0,4527000.0,101100925.08,181707925.07999998,5.571570384289505,0.0,0.09107800352990511,1.0736628241761823,0.0,5.571570384289505,0.012418378765984724,11.399360139812831,22.11306322834646,1.098433579383101,0.2887139107611549,0.0,0.003264065088809769,0.008174080542665309,0.0,0.001053441657488606,-11.611453437464109,0.0,-0.9604519774011299,3.161823455692856,-0.22343178954544887,1.7730902121022691,0.0,-0.9608682255469204,0.0,-0.3421898290283145,0.0026551482715427214,1.4904197786313031,Banks—Regional,Financial Services,FNCB
2015Q4,2015,Q4,2016-03-11,2015-12-31,29209000.0,9072000.0,0.0,1.77,0.0,0.0,1090618000.0,86178000.0,0.0,0.0,1004440000.0,0.0,3714000.0,86658043.5,225687043.5,5.220917548178894,0.0,0.14680850673654752,1.8579219754461695,0.0,5.220917548178894,0.33893801202162965,9.552253472222223,0.7417066957102263,1.0055703717886235,0.0,0.0,0.0,0.008318219578257464,0.0,0.026782063013814188,-59.395506168608634,0.0,11.64285714285714,3.0908930872882294,-0.06947373836981216,1.6684985035063384,0.0,11.498502353444588,0.0,6.757625543841922,0.4329848670639204,1.326920038603811,Banks—Regional,Financial Services,FNCB
2015Q3,2015,Q3,2015-11-06,2015-09-30,2337000.0,8561000.0,0.0,0.14,0.0,0.0,1055219000.0,59633000.0,0.0,0.0,995586000.0,0.0,-25495000.0,85639904.55000001,171993904.55,3.613914233396936,0.0,0.11122620043801335,1.9681719853101471,0.0,3.613914233396936,0.03918971039525095,10.003493114122183,9.161307718228498,1.4361159852766086,0.0,0.0,0.0,0.008113007821125283,0.0,0.002214706141568717,39.06929952098541,0.0,1.8,1.1961633068350768,0.17666775725489864,0.07899446897516028,0.0,1.8534798534798536,0.0,1.3571029867253608,0.010959939203108443,0.5100868606903909,Banks—Regional,Financial Services,FNCB
2015Q2,2015,Q2,2015-08-07,2015-06-30,819000.0,7682000.0,0.0,0.05,0.0,0.0,1027671000.0,54943000.0,0.0,0.0,972728000.0,0.0,-27832000.0,99830717.25,109596717.25,3.329688087561046,0.0,0.07987089253272692,1.4939300729847296,0.0,3.329688087561046,0.014906357497770417,12.995407087997917,30.473356913919414,1.8169870092641462,0.0,0.0,0.0,0.007475154986372098,0.0,0.0007969476612651325,34.75999904247911,0.0,-0.7625763317093555,1.4627544012062965,-0.19290288648702608,-0.4192368800548814,0.0,-0.76431654676259,0.0,1.843929946736594,-0.1222779946132149,0.3252433436266646,Banks—Regional,Financial Services,FNCB
2015Q1,2015,Q1,2015-05-08,2015-03-31,3475000.0,9701000.0,0.0,0.210594,0.0,0.0,960241000.0,55742000.0,0.0,0.0,904499000.0,0.0,-28651000.0,86794970.7,152341970.7,3.378109556755689,0.0,0.10718350913989301,1.8463994833339312,0.0,3.378109556755689,0.06234078432779592,8.947012751262756,6.244242496402877,1.557083899034839,0.0,0.0,0.0,0.0101026721416811,0.0,0.003618883176202641,-154.16513445825933,0.0,113.09677455903226,0.7516487532750865,-0.20184078230925928,-0.4061570147300362,0.0,113.09677419354838,0.0,3.972198796048405,0.12126387402160511,0.34892362850238706,Banks—Regional,Financial Services,FNCB
2014Q4,2014,Q4,2015-03-13,2014-12-31,-31000.0,8559000.0,0.0,-0.0018786802816444755,0.0,0.0,970029000.0,51398000.0,0.0,0.0,918631000.0,0.0,-32126000.0,99005670.0,159842670.0,3.1148519069665404,0.0,0.09948568547950629,1.877582785322386,0.0,3.1148519069665404,-0.0006031363088057901,11.567434279705573,-798.4328225806452,1.9262553017627144,0.0,0.0,0.0,0.00882344754641356,0.0,-3.1957807446993855e-05,85.79347487001733,0.0,-1.0092152702345878,0.9950422365004985,-0.24300995018809715,-0.44636753522015615,0.0,-1.0092316855270995,0.0,-1.0708474420957614,-0.1858246208103372,0.28277434493978165,Banks—Regional,Financial Services,FNCB
2014Q3,2014,Q3,2014-11-10,2014-09-30,3358000.0,11253000.0,0.0,0.203866,0.0,0.0,982133000.0,50321000.0,0.0,0.0,931812000.0,0.0,-32095000.0,111183090.75,175286090.75,3.0550216557997603,0.0,0.10598971829680909,2.0686393354663064,0.0,3.0550216557997603,0.06673158323562728,9.880306651559584,8.277478465604526,2.2094769728344033,0.0,0.0,0.0,0.011457714993794119,0.0,0.0034190888606736563,98.3051200265252,0.0,-0.48966646306661726,1.5339936021942358,-0.02122204178480731,-0.518566934200173,0.0,-0.4896656534954407,0.0,8.723117604688255,0.1503824140121311,0.29009569001161095,Banks—Regional,Financial Services,FNCB
2014Q2,2014,Q2,2014-08-11,2014-06-30,6580000.0,9503000.0,0.0,0.399476,0.0,0.0,957875000.0,49206000.0,0.0,0.0,908669000.0,0.0,-35453000.0,99652992.45,181691992.45,2.9873292580688577,0.0,0.11764374265953283,2.290127220257692,0.0,2.9873292580688577,0.1337235296508556,10.48647715984426,3.7862079198328265,2.025220348128277,0.0,0.0,0.0,0.009920918700247945,0.0,0.006869372308495368,-905.936295,0.0,0.8730383491890827,3.9129026661830264,-0.21415655602308392,-0.5180785707180048,0.0,0.8730429832052377,0.0,33.74849119536641,-0.15426692789877636,0.3416451017650401,Banks—Regional,Financial Services,FNCB
2014Q1,2014,Q1,2014-05-12,2014-03-31,3513000.0,9397000.0,0.0,0.213277,0.0,0.0,974137000.0,40536000.0,0.0,0.0,933601000.0,0.0,-42033000.0,98005835.55,129869835.55,2.4609677438743085,0.0,0.07169833401256702,1.7230116439707914,0.0,2.4609677438743085,0.08666370633510953,10.429481275939128,6.974511496584117,2.4177480646832445,0.0,0.0,0.0,0.009646487095757578,0.0,0.0036062689334251754,19.141764755859374,0.0,0.718692182785225,-0.25904582265871423,-0.2998669054763239,-0.5899929936019378,0.0,0.7186888454011742,0.0,7.663783539887852,-0.17479297269042762,0.2248764876201987,Banks—Regional,Financial Services,FNCB
2013Q4,2013,Q4,2014-03-24,2013-12-31,2044000.0,8826000.0,0.0,0.12409261072821903,0.0,0.0,1003808000.0,33578000.0,0.0,0.0,970230000.0,0.0,-45546000.0,143302650.29999998,102179650.29999998,2.0385428977652342,0.0,0.062196157034014474,1.8593424265888379,0.0,2.0385428977652342,0.06087319077967717,16.236420836165873,17.5272321795499,4.2677541932217515,0.0,0.0,0.0,0.008792518091109057,0.0,0.0020362459753259588,102.50547231759656,0.0,0.08225648414211488,-0.34768319343063087,-0.29019088505539536,-0.6736353605995574,0.0,0.08320084790673025,0.0,1.1466258814434092,-0.09279774228599526,0.04193345744704841,Banks—Regional,Financial Services,FNCB
2013Q3,2013,Q3,2013-11-12,2013-09-30,1887000.0,8792000.0,0.0,0.114661,0.0,0.0,978525000.0,32797000.0,0.0,0.0,945728000.0,0.0,-47590000.0,64182959.1,50319959.1,1.9928700981317018,0.0,0.07411461127717739,2.211269323413727,0.0,1.9928700981317018,0.0575357502210568,7.300154583712466,8.503306717011128,1.9569765252919473,0.0,0.0,0.0,0.008984951840780768,0.0,0.0019284126619146164,5.387188106429411,0.0,1.6208228571428573,-0.5789739694587142,-0.31871561324363207,-0.6777192660171015,0.0,1.6208333333333333,0.0,1.1588124880013981,0.21163196792932643,-0.4049953390153096,Banks—Regional,Financial Services,FNCB
2013Q2,2013,Q2,2013-08-13,2013-06-30,720000.0,8630000.0,0.0,0.04375,0.0,0.0,938255000.0,31536000.0,0.0,0.0,906719000.0,0.0,-49477000.0,63360100.65,87218100.65,1.916246955961867,0.0,0.06140228402726338,1.8268328259766615,0.0,1.916246955961867,0.0228310502283105,7.341842485515643,22.000034947916667,2.0091356116818875,0.0,0.0,0.0,0.009197925936978752,0.0,0.0007673820016946353,68.20247648008612,0.0,-0.5840543058698257,-0.8026660070469378,-0.2712509892123114,-0.7132028048933198,0.0,-0.584055459272097,0.0,1.4078991876554992,-0.09089096327732463,-0.6657688253481651,Banks—Regional,Financial Services,FNCB
2013Q1,2013,Q1,2013-05-14,2013-03-31,1731000.0,8812000.0,0.0,0.105182,0.0,0.0,929527000.0,36818000.0,0.0,0.0,892709000.0,0.0,-50197000.0,60068666.85,75423666.85,2.237201307223618,0.0,0.0513142705913868,1.295507632136455,0.0,2.237201307223618,0.04701504698788636,6.8166893837948255,8.675428487868285,1.6315027119887011,0.0,0.0,0.0,0.00948009041157492,0.0,0.0018622374605578966,17.756035131540052,0.0,1.3422297251399762,-0.6044860737948552,-0.2994905435209986,-0.6819961076391362,0.0,1.3422301304863582,0.0,-0.12513111489914208,-0.2730555834675705,-0.6067190004910721,Banks—Regional,Financial Services,FNCB
2012Q4,2012,Q4,2013-03-28,2012-12-31,-5058000.0,6312000.0,0.0,-0.3073432617724227,0.0,0.0,968274000.0,36925000.0,0.0,0.0,931349000.0,0.0,-51928000.0,49865222.07,-11502777.93,2.2437030330064665,0.0,0.05566915976262917,1.459796885578876,0.0,2.2437030330064665,-0.13698036560595803,7.900066867870723,-2.464670920818505,1.3504460953283683,0.0,0.0,0.0,0.006518815954987948,0.0,-0.005223727994348707,-7.9251783328035605,0.0,0.23164184556894327,-2.6559046562251756,-0.4759994243451657,-0.6699778207815562,0.0,0.22435209323723354,0.0,0.18893319958663102,-0.4402580936324513,-0.6012051688174449,Banks—Regional,Financial Services,FNCB
2012Q3,2012,Q3,2012-11-14,2012-09-30,-6521000.0,8438000.0,0.0,-0.4,0.0,0.0,1014183000.0,39349000.0,0.0,0.0,974834000.0,0.0,-46870000.0,56725310.550000004,25843310.550000004,2.3931830197798716,0.0,0.06698100835845207,1.726371699407863,0.0,2.3931830197798716,-0.16572212762713157,6.722601392510074,-2.1747167056433065,1.4415947177819004,0.0,0.0,0.0,0.008319997475800719,0.0,-0.006429806060641916,-13.08844267420397,0.0,-5.666666666666667,-2.405892318223326,-0.34378257438713783,-0.64203354171876,0.0,-5.7435367114788,0.0,-0.038835410645101216,-0.26475417758587005,-0.6228643957251774,Banks—Regional,Financial Services,FNCB
2012Q2,2012,Q2,2012-08-10,2012-06-30,-967000.0,8721000.0,0.0,-0.06,0.0,0.0,967745000.0,41311000.0,0.0,0.0,926434000.0,0.0,-40349000.0,46037933.199999996,24588933.199999996,2.5125107049766515,0.0,0.07368779998863337,1.7261988332405414,0.0,2.5125107049766515,-0.023407809058120115,5.278974108473799,-11.902257807652534,1.1144231124881994,0.0,0.0,0.0,0.009011671463040367,0.0,-0.0009992301691044644,25.806016367713003,0.0,0.14285714285714296,-1.2443487048997666,-0.25443059977685,-0.6099251730152642,0.0,0.16995708154506436,0.0,0.5711516570726304,-0.2775317362491152,-0.5946771696631133,Banks—Regional,Financial Services,FNCB
2012Q1,2012,Q1,2012-04-06,2012-03-31,-1165000.0,8621000.0,0.0,-0.07,0.0,0.0,1028803000.0,41176000.0,0.0,0.0,987627000.0,0.0,-39382000.0,65768476.0,69940476.0,2.504300084435589,0.0,0.07765918256459206,1.940353604041189,0.0,2.504300084435589,-0.028293180493491353,7.628868576731238,-14.11340686695279,1.5972526714591024,0.0,0.0,0.0,0.008379641194669923,0.0,-0.0011323839452256651,-17.29384065211675,0.0,-3.639789747706422,-1.3041521833534806,-0.24844124728533565,-0.6131393487854274,0.0,-3.6720183486238533,0.0,-1.2461593345470279,-0.3565331057451196,-0.582773653454967,Banks—Regional,Financial Services,FNCB
2011Q4,2011,Q4,2012-08-10,2011-12-31,436000.0,10475000.0,0.0,0.026517263377062287,0.0,0.0,1102639000.0,39925000.0,0.0,0.0,1062714000.0,0.0,-38217000.0,41105297.5,-43969702.5,2.428215000755073,0.0,0.07579180493343696,2.0931997495303696,0.0,2.428215000755073,0.010920475892298059,3.9241334128878282,23.56955131880734,1.02956286787727,0.0,0.0,0.0,0.009499936062482825,0.0,0.0003954149998322207,-12.745828682170542,0.0,1.8839087792354094,-0.8734264868595718,-0.10109534187104129,-0.610986379611952,0.0,2.0046082949308754,0.0,-0.8606068768835192,-0.1560652626757613,-0.6112500188360324,Banks—Regional,Financial Services,FNCB
2011Q3,2011,Q3,2012-08-10,2011-09-30,-434000.0,9764000.0,0.0,-0.03,0.0,0.0,1129465000.0,38934000.0,0.0,0.0,1090531000.0,0.0,-38653000.0,41103297.5,-45132702.5,2.368058183166448,0.0,0.07738973761913827,2.2450557353469973,0.0,2.368058183166448,-0.011147069399496584,4.2096781544449,-23.67701468894009,1.055717303642061,0.0,0.0,0.0,0.008644800857042936,0.0,-0.00038425272142120383,30.904734962406014,0.0,-4.0,-1.109349461902074,-0.1060055149155909,-0.612246867609164,0.0,-3.2962962962962963,0.0,-1.0969271069207638,-0.2426667915309762,-0.6170450195923127,Banks—Regional,Financial Services,FNCB
2011Q2,2011,Q2,2012-08-10,2011-06-30,189000.0,11215000.0,0.0,0.01,0.0,0.0,1086685000.0,36606000.0,0.0,0.0,1050079000.0,0.0,-38219000.0,51293392.800000004,94794392.80000001,2.226616602362868,0.0,0.09323585031540879,2.767797628804021,0.0,2.226616602362868,0.005163088018357647,4.573641801159162,67.84840317460318,1.4012291099819703,0.0,0.0,0.0,0.010320378030432002,0.0,0.00017392344607683,61.136344219308704,0.0,1.3333333333333335,-0.9474544207281452,0.07193632221316262,-0.6083011358619511,0.0,1.3593155893536122,0.0,-0.9481463289802761,-0.05198598667047138,-0.6667509925331646,Banks—Regional,Financial Services,FNCB
2011Q1,2011,Q1,2012-08-10,2011-03-31,-526000.0,11362000.0,0.0,-0.03,0.0,0.0,1150886000.0,33020000.0,0.0,0.0,1117866000.0,0.0,-38408000.0,53412979.75,123256979.75,2.0091558363208524,0.0,0.12300783917781605,4.287341005451242,0.0,2.0091558363208524,-0.015929739551786795,4.7010191647597255,-25.38639721958175,1.617594783464567,0.0,0.0,0.0,0.009872393964302286,0.0,-0.0004570391854623308,15.450673922476135,0.0,0.964552470791865,-1.1530186913396703,0.12119715268612008,-0.642989964572831,0.0,0.962065483917496,0.0,-1.1203489039466012,-0.09554704468207514,-0.7144113163859711,Banks—Regional,Financial Services,FNCB
2010Q4,2010,Q4,2010-12-31,2010-12-31,-13866000.0,9677000.0,0.0,-0.8463213281763845,0.0,0.0,1167298000.0,32055000.0,0.0,0.0,1135243000.0,0.0,-37882000.0,49315382.48,112414382.47999999,1.9565000847175829,0.0,0.11788249444443492,4.292746841366402,0.0,1.9565000847175829,-0.43256902199344877,5.096143689159863,-0.8891421909707197,1.5384614718452658,0.0,0.0,0.0,0.008290085308121833,0.0,-0.011878714775490063,-8.286906819022013,0.0,-0.1754462891338674,-5.610725685086259,-0.04363387945154614,-0.6460867971524031,0.0,-0.17220390565559218,0.0,-5.559811787992475,-0.19305351583448463,-0.7122219776409664,Banks—Regional,Financial Services,FNCB
2010Q3,2010,Q3,2010-09-30,2010-09-30,-11829000.0,7224000.0,0.0,-0.72,0.0,0.0,1308111000.0,54875000.0,0.0,0.0,1253236000.0,0.0,-24016000.0,61439430.0,101171430.0,3.3493352721534038,0.0,0.14250549074199362,3.397047835990888,0.0,3.3493352721534038,-0.2155626423690205,8.504904485049835,-1.2984916307380168,1.1196251480637813,0.0,0.0,0.0,0.005522467130082998,0.0,-0.009042810587174942,17.524081574443812,0.0,-5.545454545454545,-4.604345488105162,-0.2549842697756136,-0.3865838716363061,0.0,-5.763293310463122,0.0,-3.559338716051952,-0.4361963905178318,-0.4990146281919265,Banks—Regional,Financial Services,FNCB
2010Q2,2010,Q2,2010-06-30,2010-06-30,-1749000.0,9406000.0,0.0,-0.11,0.0,0.0,1339538000.0,93491000.0,0.0,0.0,1246047000.0,0.0,27063000.0,69792547.60000001,198165547.60000002,5.733298092130398,0.0,0.15758642158714423,2.2578964820143117,0.0,5.733298092130398,-0.018707683092490185,7.420002934297258,-9.9760645511721,0.746516216534212,0.0,0.0,0.0,0.0070218239422845784,0.0,-0.0013056740458277406,9.026454681841699,0.0,-1.9166666666666665,-1.583070699414067,0.04037279730095425,0.06565854613965864,0.0,-1.892802450229709,0.0,-1.445621238768695,-0.18918967970219805,-0.10988826558632965,Banks—Regional,Financial Services,FNCB
2010Q1,2010,Q1,2010-03-31,2010-03-31,1959000.0,12002000.0,0.0,0.12,0.0,0.0,1375593000.0,92691000.0,0.0,0.0,1282902000.0,0.0,28813000.0,86359742.3,282878742.3,5.6885568080255835,0.0,0.15680219367211087,2.3270436180427443,0.0,5.6885568080255835,0.021134738000453117,7.195445950674888,11.020896158754466,0.9316950113819034,0.0,0.0,0.0,0.00872496443352067,0.0,0.0014241130915903179,-117.65632465940054,0.0,1.3166752883675465,-0.3064242460746628,0.37150929537198263,0.11800584505492173,0.0,1.3191593352883675,0.0,-0.48391436839806873,0.055798968358473186,-0.12123998042357247,Banks—Regional,Financial Services,FNCB
2009Q4,2009,Q4,2009-12-31,2009-12-31,-6138000.0,11099000.0,0.0,-0.37893705132028815,0.0,0.0,1395411000.0,91133000.0,0.0,0.0,1304278000.0,0.0,26854000.0,97349625.41,290627625.40999997,5.626208911367192,0.0,0.15584440713166228,2.386259642500521,0.0,5.626208911367192,-0.0673521117487628,8.77102670600955,-3.965038506435321,1.0682148662943172,-0.052948843271423914,0.0,0.0033384822862052347,0.007953928985797016,0.0,-0.004398704037735119,-14.15788618528214,0.0,0.002797233367662764,-3.5477958054024934,0.3178114383704422,0.1170108428864455,0.0,0.007438551099611902,0.0,-2.808761076234301,-0.03318935160461688,-0.09864987367681037,Banks—Regional,Financial Services,FNCB
2009Q3,2009,Q3,2009-09-30,2009-09-30,-6184000.0,11306000.0,0.0,-0.38,0.0,0.0,1385898000.0,102787000.0,0.0,0.0,1283111000.0,0.0,33317000.0,112899648.77,310182648.77,6.345683071694112,0.0,0.15780454261424723,2.127710702715324,0.0,6.345683071694112,-0.06016325021646706,9.985817156377145,-4.564183730999353,1.0983845113681692,-0.05271668822768435,0.0,0.0028875200547712034,0.008157887521303876,0.0,-0.0044620888405928864,38.46666056899489,0.0,-1.714285714285714,-3.4631237653651983,0.3900697058465462,0.263661862369525,0.0,-1.7906137184115523,0.0,-2.5815147425154166,0.05073426024048686,0.03906166905019158,Banks—Regional,Financial Services,FNCB
2009Q2,2009,Q2,2009-06-30,2009-06-30,-2216000.0,11863000.0,0.0,-0.14,0.0,0.0,1328216000.0,100164000.0,0.0,0.0,1228052000.0,0.0,39827000.0,141388100.0,302365100.0,6.198789006995638,0.0,0.16624630331211188,2.2044946288087535,0.0,6.198789006995638,-0.022123717103949524,11.91841018292169,-15.950823555956678,1.4115660317079988,-0.14485559566787004,0.0,0.0022703466557652307,0.008931529209104543,0.0,-0.0016684033319881706,56.352371462734155,0.0,-1.5,-1.8481445911943615,0.45819692652027527,0.3229570594184929,0.0,-1.4792387543252594,0.0,-1.6268247888543577,0.153629270347206,0.09047000300589643,Banks—Regional,Financial Services,FNCB
2009Q1,2009,Q1,2009-03-31,2009-03-31,4624000.0,13090000.0,0.0,0.28,0.0,0.0,1313350000.0,96423000.0,0.0,0.0,1216927000.0,0.0,43751000.0,154218768.0,136682768.0,6.002257779675688,0.0,0.0,0.0,0.0,6.002257779675688,0.04795536334691931,11.781418487394959,8.337952422145328,1.5993981518932205,0.3819204152249135,0.0,0.011451265127471386,0.009966878592911257,0.0,0.00352076750295047,221.5786896551724,0.0,0.4718741492146599,0.8151712883626292,0.6343195897559614,0.22657618411980307,0.0,0.5130890052356021,0.0,0.37617610889695413,0.32149126592212834,0.06655055014996505,Banks—Regional,Financial Services,FNCB
2008Q4,2008,Q4,2009-03-13,2008-12-31,3056000.0,12127000.0,0.0,0.1902336556079867,0.0,0.0,1313759000.0,100342000.0,0.0,0.0,1213417000.0,0.0,40892000.0,174299336.75,401325336.75,6.246212523238417,0.0,0.18663773188233154,2.4436128440732694,0.0,6.246212523238417,0.03045584102369895,14.372832254473488,14.258780820517016,1.7370526474457355,0.6786649214659686,0.0,0.011899069948698472,0.009230764546617759,0.0,0.002326149621049218,138.2231060666138,0.0,-0.2954309051556049,0.41445371981261686,0.5814081133156497,0.33575842737455885,0.0,-0.293737000231107,0.0,0.036385558153859354,0.22232510895616284,0.1298834572170113,Banks—Regional,Financial Services,FNCB
2008Q3,2008,Q3,2008-11-07,2008-09-30,4327000.0,12459000.0,0.0,0.27,0.0,0.0,1294534000.0,98248000.0,0.0,0.0,1196286000.0,0.0,39910000.0,214492860.0,419260860.0,6.1836463927051,0.0,0.17359296858946927,2.287293380017914,0.0,6.1836463927051,0.04404160898949597,17.21589694196966,12.392700485324704,2.1831778763944305,0.40374393344118326,0.0,0.008144793257920101,0.009624312687036417,0.0,0.0033425155306851732,77.63042345276872,0.0,0.22727272727272735,0.8728141773987319,0.6861043547499202,0.34459176259659835,0.0,0.23311484753491024,0.0,0.3595716964261747,0.3249751394535978,0.13250783250030915,Banks—Regional,Financial Services,FNCB
2008Q2,2008,Q2,2008-08-06,2008-06-30,3509000.0,11389000.0,0.0,0.22,0.0,0.0,1311485000.0,105751000.0,0.0,0.0,1205734000.0,0.0,37330000.0,245323754.5,488834754.5,6.68154008706075,0.0,0.20679916278112218,2.564647142816616,0.0,6.68154008706075,0.0331817193218031,21.540412195978575,17.478181426332288,2.319824441376441,0.49586776859504134,0.0,0.007092668231604127,0.008684048997891703,0.0,0.0026755929347266646,120.61148205506392,0.0,-0.15384615384615388,0.38672710694553375,0.5011467746284624,0.446855065154228,0.0,-0.16272965879265092,0.0,0.20523616371201098,0.2978574208484183,0.2419100107361144,Banks—Regional,Financial Services,FNCB
2008Q1,2008,Q1,2008-05-06,2008-03-31,4191000.0,12046000.0,0.0,0.26,0.0,0.0,1286761000.0,110869000.0,0.0,0.0,1175892000.0,0.0,35617000.0,236389815.0,454883815.0,7.035138125557567,0.0,0.19250194869132653,2.234204331237767,0.0,7.035138125557567,0.03780136918345074,19.62392619956832,14.10103883321403,2.132154299217996,0.4135051300405631,0.0,0.007331111114072321,0.009361489818233534,0.0,0.0032570150944891863,106.14720026942075,0.0,0.40082853333333346,0.7052832337452908,0.6178804747332748,0.5712108874341524,0.0,0.4328205128205128,0.0,0.5341756797077194,0.42326561800365364,0.38265746666104355,Banks—Regional,Financial Services,FNCB
2007Q4,2007,Q4,2008-03-13,2007-12-31,2925000.0,11535000.0,0.0,0.1856044432371166,0.0,0.0,1296203000.0,107142000.0,0.0,0.0,1189061000.0,0.0,33159000.0,299269505.78999996,502366505.78999996,6.798643164892701,0.0,0.17576876461480184,2.1264490115920927,0.0,6.798643164892701,0.027300218401747213,25.944473843953183,25.578590238461537,2.793204399675197,0.6858119658119658,0.0,0.006702988313843201,0.008899069050141066,0.0,0.002256590981505212,103.55346221107266,0.0,-0.3371269884388693,0.3811027066363116,0.5930089225183899,0.5504552236088973,0.0,-0.3364337568058076,0.0,0.2479176166489394,0.40769747404308493,0.34978246484195263,Banks—Regional,Financial Services,FNCB
2007Q3,2007,Q3,2007-11-08,2007-09-30,4408000.0,12220000.0,0.0,0.28,0.0,0.0,1295277000.0,104465000.0,0.0,0.0,1190812000.0,0.0,36180000.0,275010894.40000004,444729894.40000004,6.6854951474242394,0.0,0.1463293179760005,1.8143588761786245,0.0,6.6854951474242394,0.042195950796917625,22.504983175122753,15.597260344827587,2.6325649203082375,0.36864791288566245,0.0,0.005908856823818976,0.009434275448417597,0.0,0.0034031330750102103,79.27670637071203,0.0,0.20689655172413798,0.9268200719260741,0.7068443611737877,0.5415666900273802,0.0,0.17609391675560299,0.0,0.8200399526305698,0.5574760806353067,0.3313311039029108,Banks—Regional,Financial Services,FNCB
2007Q2,2007,Q2,2007-08-03,2007-06-30,3748000.0,11078000.0,0.0,0.232,0.0,0.0,1248373000.0,100300000.0,0.0,0.0,1148073000.0,0.0,33396000.0,298980034.771876,456376034.771876,6.441099325476262,0.0,0.1416275424091998,1.7627517447657028,0.0,6.441099325476262,0.0373678963110668,26.988629244617798,19.942638391934096,2.9808577743955733,0.39861259338313765,0.0,0.0049969891840434535,0.008873950333754415,0.0,0.003002307803837475,89.08821059948629,0.0,0.0,0.6884284555175412,0.5918396941453884,0.5687566785679089,0.0,0.0367911479944675,0.0,0.48855056402167524,0.4130153428972078,0.3746713774961222,Banks—Regional,Financial Services,FNCB
2007Q1,2007,Q1,2007-05-04,2007-03-31,3615000.0,10826000.0,0.0,0.232,0.0,0.0,1202903000.0,100453000.0,0.0,0.0,1102450000.0,0.0,31142000.0,335061056.21016604,468659056.21016604,6.473390551799948,0.0,0.126068352976092,1.509641324798662,0.0,6.473390551799948,0.03598697898519706,30.949663422331984,23.1715806507722,3.3355007437325517,0.4118948824343015,0.0,0.00444396617393228,0.008999894422077258,0.0,0.0030052298481257423,149.58082866525268,0.0,0.10739387511534919,0.6317134852070196,0.5582374545401078,0.7205488434174203,0.0,0.11196554906182712,0.0,0.4690716716405354,0.3992659214487775,0.3228533283308909,Banks—Regional,Financial Services,FNCB
