Quarters,Year,Quarter,FillingDate,Date,NetIncome,Revenue,OperatingIncome,EPSDiluted,GrossProfit,GrossProfitRatio,TotalAssets,CommonStockEquity,CurrentAssets,CurrentLiability,TotalLiability,Inventory,RetainedEarnings,MarketCap,EnterpriseValue,bookValuePerShare,currentRatio,debtToAssets,debtToEquity,roic,shareholdersEquityPerShare,roe,priceToSalesRatio,peRatio,pbRatio,payoutRatio,inventoryTurnover,dividendYield,assetTurnover,quickRatio,returnOnAssets,priceToFreeCashFlowsRatio,grossProfitMargin,epsdilutedGrowth,fiveYNetIncomeGrowthPerShare,fiveYRevenueGrowthPerShare,fiveYShareholdersEquityGrowthPerShare,grossProfitGrowth,netIncomeGrowth,operatingIncomeGrowth,threeYNetIncomeGrowthPerShare,threeYRevenueGrowthPerShare,threeYShareholdersEquityGrowthPerShare,Industry,Sector,Symbol
2023Q1,2023,Q1,2023-04-26,2023-03-31,16187000.0,65205000.0,33858000.0,0.6,65205000.0,1.0,7521247000.0,470926000.0,816196000.0,60076000.0,7050321000.0,0.0,96600000.0,483284570.2,500498570.2,17.44226056402245,13.586057660296957,0.02871811017508134,0.45866229513766493,0.03572847632485202,17.44226056402245,0.03437270399170995,7.411771646346139,7.4640849169086305,1.0262431256715492,0.4339902390807438,0.0,0.014535949279516229,0.00866944005428887,15.088271522737866,0.002152169713346736,33.454559753565,1.0,-0.1891891891891892,0.25171688356771194,0.4051018806295773,0.07395754171560845,-0.03949267890286657,-0.19790892423566722,-0.04981337524205091,1.0253226064031904,0.2182980243548244,-0.08091895828453799,Banks—Regional,Financial Services,CPF
2022Q4,2022,Q4,2023-02-24,2022-12-31,20181000.0,67886000.0,35633000.0,0.74,67886000.0,1.0,7432763000.0,452871000.0,804183000.0,5000000.0,6979892000.0,0.0,87438000.0,550297191.6,585001191.6,16.68957069051486,160.8366,0.01974339824907642,0.32403929595845177,0.04209481715146617,16.68957069051486,0.04456235881741158,8.106195557257756,6.81702085625093,1.215130117848129,0.3490411773450275,0.0,0.012800356075813198,0.009133346509232166,160.8366,0.0027151410585807725,19.200209050626288,1.0,0.21311475409836067,4.208057824567035,0.4543621425986944,0.0022656451697311264,0.044496415053697266,0.20735865988632965,0.42668962203715566,0.48039654209443244,0.24960359653199385,-0.10762982502640876,Banks—Regional,Financial Services,CPF
2022Q3,2022,Q3,2022-10-27,2022-09-30,16715000.0,64994000.0,24976000.0,0.61,64994000.0,1.0,7337631000.0,438468000.0,843512000.0,115000000.0,6899163000.0,0.0,74301000.0,566008343.6600001,685051343.6600001,16.027860757913974,7.334886956521739,0.03512577833363384,0.5878194075736428,0.025157976583499102,16.027860757913974,0.03812136803597982,8.708624544727208,8.465574987436435,1.2908771989289982,0.4251869578223153,0.0,0.012556352003653782,0.008857627209653905,7.334886956521739,0.0022779831801299356,18.09026922973664,1.0,-0.04687500000000004,0.5673501272321991,0.40085966713669074,-0.04746275071758698,50.58253968253968,-0.049960213709219055,-0.03433343643674606,0.1933300655812161,0.23020375693529774,-0.13258399282232747,Banks—Regional,Financial Services,CPF
2022Q2,2022,Q2,2022-08-08,2022-06-30,17594000.0,1260000.0,25864000.0,0.64,1260000.0,1.0,7299178000.0,455100000.0,935649000.0,38037000.0,6844078000.0,0.0,64693000.0,590224291.8,602869291.8,16.539297239409215,24.598391040302864,0.02490855819655309,0.3994990112063283,0.02835397801549218,16.539297239409215,0.0386596352450011,468.4319776190476,8.38672689269069,1.2969112102834544,0.40655905422303057,0.0,0.012119121661674719,0.00017262217745614645,24.598391040302864,0.002410408404891619,21.715389690949227,1.0,-0.08571428571428563,0.6253999920046134,-0.9716350684577938,-0.014334659269921706,0.10043668122270742,-0.09486572692663854,-0.05698763991687024,0.34865999167535944,-0.9759992358190697,-0.08445862930643402,Banks—Regional,Financial Services,CPF
2022Q1,2022,Q1,2022-04-28,2022-03-31,19438000.0,1145000.0,27427000.0,0.7,1145000.0,1.0,7298819000.0,486328000.0,1418035000.0,0.0,6812441000.0,0.0,54252000.0,769799781.0,712956781.0,17.626078280217126,0.0,0.019905549103217932,0.2987428237732559,0.03117672703282264,17.626078280217126,0.039968909871527035,672.3142192139738,9.900707132935485,1.5828818842427332,0.3704599238604795,0.0,0.009354380421680065,0.00015687469438548893,0.0,0.002663170575952082,90.01400619738072,1.0,-0.1250000000000001,0.6544456054787953,-0.975108955137654,0.058348080367070156,-0.9833185215402322,-0.12939490303220316,-0.13992285741164665,0.2633341311945013,-0.9786254723873016,0.008471749582703672,Banks—Regional,Financial Services,CPF
2021Q4,2021,Q4,2022-02-23,2021-12-31,22327000.0,68639000.0,31889000.0,0.8,68639000.0,1.0,7419089000.0,558219000.0,5628178000.0,0.0,6860822000.0,0.0,42015000.0,782271068.6700001,599711068.6700001,20.101765052790906,0.0,0.019725737216523483,0.2621677155381669,0.031915831478136224,20.101765052790906,0.039996847115558586,11.396889067002725,8.759249660388766,1.401369478054312,0.311237515116227,0.0,0.008883110060320314,0.009251674969797504,0.0,0.0030093991324271754,23.33605001700376,1.0,0.08108108108108115,1.0265175937944904,0.6758405852246585,0.22568497851248195,0.054929685698916465,0.07263992313235647,0.0,0.4781504285571475,0.43561924358986287,0.18688248785064238,Banks—Regional,Financial Services,CPF
2021Q3,2021,Q3,2021-10-27,2021-09-30,20815000.0,65065000.0,0.0,0.74,65065000.0,1.0,7298231000.0,555419000.0,5599868000.0,0.0,6742764000.0,0.0,22916000.0,718194845.52,516841845.52,19.859735848804284,0.0,0.020208869793241678,0.26554547107679066,0.0,19.859735848804284,0.03747621165282426,11.03811335618228,8.62592896372808,1.2930685581876027,0.3234686524141244,0.0,0.009374893236841675,0.008915174101778911,0.0,0.002852060999439453,68.68077321602755,1.0,0.12121212121212115,1.008585120766779,0.433524557165466,0.1830125943369782,0.06611502539734557,0.11226888960136797,0.0,0.4352106784580735,0.260496711681716,0.21685391422288944,Banks—Regional,Financial Services,CPF
2021Q2,2021,Q2,2021-07-28,2021-06-30,18714000.0,61030000.0,0.0,0.66,61030000.0,1.0,7178481000.0,552793000.0,5609381000.0,0.0,6625640000.0,0.0,10831000.0,734206882.5999999,542335882.5999999,19.620880601099394,0.0,0.020701733416860754,0.2688293809798605,0.0,19.620880601099394,0.03385354011356873,12.030261881042108,9.80825695468633,1.3281768810386527,0.3626696590787646,0.0,0.009243988528091197,0.008501798639572912,0.0,0.0026069582130258478,21.831902545346413,1.0,0.03125000000000003,0.6998906147726354,0.316266157331491,0.1774110215904028,0.027908308490391255,0.037476438629559815,0.0,0.37807427759922035,0.22309491385189184,0.2046061318676264,Banks—Regional,Financial Services,CPF
2021Q1,2021,Q1,2021-04-28,2021-03-31,18038000.0,59373000.0,0.0,0.64,59373000.0,1.0,6979265000.0,542865000.0,5601582000.0,0.0,6436352000.0,0.0,628000.0,749938728.64,641516728.64,19.31309538616016,0.0,0.021702715113984066,0.27901780368968343,0.0,19.31309538616016,0.033227413813747435,12.630972473009617,10.39387305466238,1.3814460844593037,0.35979598625124737,0.0,0.00865404032642706,0.008507056258789428,0.0,0.002584512839102685,69.97002506437768,1.0,0.48837209302325585,0.7943139301401001,0.33984979607095295,0.18538493762250746,-0.07719925396331986,0.4820474899350916,0.0,0.33979412102416323,0.22892633535084828,0.18914887022283608,Banks—Regional,Financial Services,CPF
2020Q4,2020,Q4,2021-02-23,2020-12-31,12171000.0,64340000.0,0.0,0.43,64340000.0,1.0,6594583000.0,546685000.0,5257655000.0,22000000.0,6047850000.0,0.0,-10920000.0,533632580.51000005,604141580.51,19.474976284371095,238.98431818181817,0.02647263670803749,0.3193356320367305,0.0,19.474976284371095,0.022263277755928918,8.293947474510414,10.961149053282393,0.976124423589453,0.5325774381727056,0.0,0.012146934495275876,0.009756492563669302,59.404545454545456,0.001845605703954291,17.928190173357972,1.0,0.7916666666666667,0.24211108854627134,0.49710898576483364,0.23311775904833656,0.08118099783226067,0.7744569179180638,0.0,2.036186905819478,0.33242423529480647,0.16953875161172652,Banks—Regional,Financial Services,CPF
2020Q3,2020,Q3,2020-10-28,2020-09-30,6859000.0,59509000.0,0.0,0.24,59509000.0,1.0,6648142000.0,543903000.0,5331960000.0,206000000.0,6104200000.0,0.0,-16609000.0,380774471.40000004,638522471.4000001,19.38355710366564,25.883300970873787,0.05308280117963786,0.6488326043430538,0.0,19.38355710366564,0.012610704482233046,6.3986030919692825,13.87864380376148,0.7000779024936432,0.9450357194926374,0.0,0.017023200048489385,0.008951222762690688,6.227917475728155,0.0010317168315598553,-15.651053121788813,1.0,-0.3142857142857143,-0.37255781036606017,0.3997769892272732,0.2067420833622081,0.010957461266648545,-0.30835938287788645,0.0,-0.3729606271199054,0.2504847050003379,0.15196659390228437,Banks—Regional,Financial Services,CPF
2020Q2,2020,Q2,2020-07-29,2020-06-30,9917000.0,58864000.0,0.0,0.35,58864000.0,1.0,6632972000.0,544271000.0,5328899000.0,0.0,6088666000.0,0.0,-16986000.0,449494056.06,524092056.06,19.409965520957638,0.0,0.03285570932607585,0.40040898743456843,0.0,19.409965520957638,0.01822070255442601,7.6361452850638765,11.331402038418878,0.8258644242665879,0.6529192296057276,0.0,0.014405084811923952,0.008874453261675158,0.0,0.001495106567614035,22.791504718588378,1.0,0.20689655172413793,-0.09613030861748799,0.46447412952034,0.2517191739914319,0.0557428796900782,0.19108815757866923,0.0,-0.10096762514547007,0.3003501662568887,0.15674384478606587,Banks—Regional,Financial Services,CPF
2020Q1,2020,Q1,2020-05-05,2020-03-31,8326000.0,55756000.0,0.0,0.29,55756000.0,1.0,6108548000.0,533781000.0,4791812000.0,222000000.0,5574718000.0,0.0,-20428000.0,447209760.0,729304760.0,18.977935320552934,21.58473873873874,0.061403790229691245,0.70270017104393,0.0,18.977935320552934,0.015598157296719066,8.02083650190114,13.428109536392025,0.8378150589848645,0.780206581791977,0.0,0.014525622159945704,0.00912753734602724,5.828229729729729,0.0013630080339877824,17.443919335335647,1.0,-0.42000000000000004,-0.008223462387521823,0.45870072245292665,0.15363189494069387,-0.014511197129575623,-0.4135380714235402,0.0,-0.30482082626848067,0.18901869044299296,0.13951958549852742,Banks—Regional,Financial Services,CPF
2019Q4,2019,Q4,2020-02-25,2019-12-31,14197000.0,56577000.0,0.0,0.5,56577000.0,1.0,6012672000.0,528520000.0,4754038000.0,150000000.0,5484152000.0,0.0,-19102000.0,835909916.52,1037116916.52,18.70251960293134,31.69358666666667,0.050589654649380505,0.5755297812760161,0.0,18.70251960293134,0.026861802769999242,14.774730305954716,14.719833706416848,1.5816050793158254,0.45904064238923714,0.0,0.007796294637980974,0.009409626868054669,8.3097,0.002361179854813301,52.411431219512195,1.0,-0.01960784313725492,0.3502808221792339,0.5404138029389465,0.1738605688732169,0.030640313325439476,-0.024529339013329668,0.0,0.2662682058670981,0.3574091909961779,0.14036738950271993,Banks—Regional,Financial Services,CPF
2019Q3,2019,Q3,2019-11-05,2019-09-30,14554000.0,54895000.0,0.0,0.51,54895000.0,1.0,5976716000.0,525227000.0,4660041000.0,205000000.0,5451489000.0,0.0,-26782000.0,807267103.1999999,1071423103.1999999,18.47770922520109,22.73190731707317,0.06012566098171638,0.6841879796735507,0.0,18.47770922520109,0.027709923518783305,14.705658132798979,13.866756616737666,1.5369870612135323,0.45046035454170674,0.0,0.00812122774978947,0.009184809852099381,6.333136585365853,0.0024351165422616702,64.70041702332291,1.0,0.08510638297872349,1.2311575407026403,0.4741120722004229,0.16452930705182855,0.007913484136310224,0.07536574552977686,0.0,0.38179795653250287,0.18997775221277285,0.10068748619461444,Banks—Regional,Financial Services,CPF
2019Q2,2019,Q2,2019-08-06,2019-06-30,13534000.0,54464000.0,0.0,0.47,54464000.0,1.0,5920006000.0,515695000.0,4534438000.0,221000000.0,5404311000.0,0.0,-34780000.0,857253316.9200001,1134922316.92,18.065046287181882,20.51781900452489,0.06357696259091629,0.7298422517185545,0.0,18.065046287181882,0.02624419472750366,15.739815601498238,15.835180229791636,1.6623262139830715,0.48625683463868774,0.0,0.007676844020440399,0.009199990675685126,6.202307692307692,0.0022861463316084475,74.75177161841647,1.0,-0.14545454545454556,0.8713839709424211,0.449131198938681,0.15567172909932556,-0.024537020453487123,-0.15607657292511068,0.0,0.2133070500598101,0.15931132221610417,0.08404841946171046,Banks—Regional,Financial Services,CPF
2019Q1,2019,Q1,2019-05-07,2019-03-31,16037000.0,55834000.0,0.0,0.55,55834000.0,1.0,5841352000.0,502638000.0,4390283000.0,179000000.0,5338714000.0,0.0,-41733000.0,844631564.7,1081860564.7,17.47800896506088,24.52672067039106,0.05741958368542077,0.6672953497347992,0.0,17.47800896506088,0.03190566570772604,15.127548889565498,13.166919696639024,1.680397352965753,0.37737731495915694,0.0,0.007165254358152689,0.009558403602453679,8.015145251396648,0.0027454260588986932,33.649319337874985,1.0,0.018518518518518535,1.3831357499111074,0.7733959903764439,0.20412086358963843,0.11697041230719987,0.01551418439716312,0.0,0.5592285256253967,0.23152280747652335,0.07275235546452269,Banks—Regional,Financial Services,CPF
2018Q4,2018,Q4,2019-02-28,2018-12-31,15792000.0,49987000.0,0.0,0.54,49987000.0,1.0,5807026000.0,491725000.0,4377325000.0,197000000.0,5315301000.0,0.0,-51718000.0,706959905.35,923939905.35,16.93660935986488,22.21992385786802,0.054962040810562926,0.649074177639941,0.0,16.93660935986488,0.0321155117189486,14.142875254566187,11.191741156123353,1.4377139770196756,0.38652482269503546,0.0,0.008634153017458672,0.008608020697685872,6.724182741116751,0.0027194643178797546,28.7487253609044,1.0,0.03846153846153849,1.2211488997422861,0.5202238344564153,0.07862601931596498,-0.07558161038576765,0.039426051471072206,0.0,0.5582448986775903,0.12458901144249113,0.07239328432322648,Banks—Regional,Financial Services,CPF
2018Q3,2018,Q3,2018-11-06,2018-09-30,15193000.0,54074000.0,0.0,0.52,54074000.0,1.0,5728640000.0,478151000.0,4264800000.0,105000000.0,5250489000.0,0.0,-61406000.0,764077887.1999999,872143887.1999999,16.320558792373333,40.61714285714286,0.03452564657580159,0.41364548019349534,0.0,16.320558792373333,0.031774481283109314,14.130226859488847,12.572860646350293,1.597984501130396,0.40571315737510694,0.0,0.00806724039952036,0.009439238632555021,12.756914285714286,0.002652112892414255,27.463082711523253,1.0,0.08333333333333341,1.1359041884554049,0.7166195573098694,0.049649022957027444,0.03461207308906534,0.06812429696287964,0.0,0.33111134435297107,0.21821130768221178,0.016052162841644606,Banks—Regional,Financial Services,CPF
2018Q2,2018,Q2,2018-08-07,2018-06-30,14224000.0,52265000.0,0.0,0.48,52265000.0,1.0,5681519000.0,480668000.0,4169759000.0,87000000.0,5200851000.0,0.0,-70435000.0,845466513.75,935756513.75,16.288212455534406,47.92826436781609,0.03164382623731435,0.37403155608444916,0.0,16.288212455534406,0.02959215092329841,16.176533315794508,14.859858579689256,1.7589407111561408,0.4362345331833521,0.0,0.007339143418558605,0.009199124389093831,15.93183908045977,0.002503555827235639,44.0576609562272,1.0,0.0,0.41749561879391667,0.4629845278483077,0.06443500743239401,0.0201432670349189,-0.0037122644813336134,0.0,0.2318728966811067,0.23555344007649456,0.05040206375557618,Banks—Regional,Financial Services,CPF
2018Q1,2018,Q1,2018-05-09,2018-03-31,14277000.0,51233000.0,0.0,0.48,51233000.0,1.0,5651287000.0,484108000.0,4076292000.0,56000000.0,5167179000.0,0.0,-78454000.0,848323499.12,931328499.12,16.24110813185321,72.79092857142857,0.02632763121037739,0.3073384451403406,0.0,16.24110813185321,0.02949135316912755,16.558146099584253,14.854722615395392,1.752343483520206,0.39714225677663373,0.0,0.006683770997599051,0.00906572255134096,25.14182142857143,0.0025263271888332694,29.601629531718892,1.0,2.428571428571428,-0.8541340782653334,0.6670837894622645,0.04466564063364587,-0.008131183087139178,2.329524253731343,0.0,0.6047298462585423,0.2647710694779545,-0.012734523876507838,Banks—Regional,Financial Services,CPF
2017Q4,2017,Q4,2018-02-28,2017-12-31,4288000.0,51653000.0,0.0,0.14,51653000.0,1.0,5623708000.0,500011000.0,4053779000.0,32000000.0,5123673000.0,0.0,-89036000.0,895716327.78,938208327.78,16.651843521672863,126.68059375,0.02218909658894096,0.2495645095807892,0.0,16.651843521672863,0.008575811332150693,17.341032036474164,52.22226724463619,1.791393244908612,1.2618936567164178,0.0,0.006040975063400893,0.009184865217041852,43.86765625,0.0007624862457296858,48.35697931112671,1.0,-0.641025641025641,-0.5193946048570819,0.7036771451855277,0.37767549062083033,0.005156845956254379,-0.6369793430409753,0.0,-0.6161810933470684,0.3235401086971071,0.045150221688579774,Banks—Regional,Financial Services,CPF
2017Q3,2017,Q3,2017-11-07,2017-09-30,11812000.0,51388000.0,0.0,0.39,51388000.0,1.0,5569230000.0,509846000.0,3947246000.0,0.0,5059360000.0,0.0,-87913000.0,975060275.1,959570275.1,16.82649237075867,0.0,0.016660292356393974,0.1819863252825363,0.0,16.82649237075867,0.023167780074767674,18.974474100957423,20.637069825177782,1.9124603803893723,0.4619031493396546,0.0,0.005595551515459334,0.009227128346288445,0.0,0.0021209395194667843,55.08192718901819,1.0,0.0,0.5186049316619057,0.562959210077776,0.4025603190398512,0.041339061360136174,-0.017713097713097713,0.0,0.6987317180178866,0.29453238743841037,0.06046389527050415,Banks—Regional,Financial Services,CPF
2017Q2,2017,Q2,2017-08-02,2017-06-30,12025000.0,49348000.0,0.0,0.39,49348000.0,1.0,5533135000.0,512930000.0,3937936000.0,0.0,5020180000.0,0.0,-94269000.0,961982733.0899999,914216733.0899999,16.779830390666497,0.0,0.01676897455059383,0.18089212953034528,0.0,16.779830390666497,0.023443744760493636,19.493854524803435,19.999641020582118,1.8754659175521027,0.45821205821205824,0.0,0.005727753534932214,0.008918632926903102,0.0,0.0021732706684366096,92.14393995114942,1.0,-0.07142857142857137,0.5178245866190722,0.540958362603323,0.4567851117606273,-0.03632244961724731,-0.08058720085633458,0.0,0.5527628295112255,0.22617098938539848,0.07345285992068601,Banks—Regional,Financial Services,CPF
2017Q1,2017,Q1,2017-05-02,2017-03-31,13079000.0,51208000.0,0.0,0.42,51208000.0,1.0,5443181000.0,511536000.0,3854425000.0,21000000.0,4931620000.0,0.0,-100784000.0,938032893.3,945784893.3,16.6543300896845,183.54404761904763,0.020904136753857716,0.2224379124831879,0.0,16.6543300896845,0.025568092959244317,18.318092745274175,17.93013405650279,1.8337573373135028,0.37632846547901216,0.0,0.005247150750422411,0.009407734190724137,67.79719047619048,0.002402822908148746,21.520438957970082,1.0,0.07692307692307684,0.8142917025186569,1.1914606522660531,1.0458990504518706,0.12832716375815265,0.07134665792922673,0.0,0.8197616906608496,0.5228569862847243,0.14737475934393127,Banks—Regional,Financial Services,CPF
2016Q4,2016,Q4,2017-03-01,2016-12-31,12208000.0,45384000.0,0.0,0.39,45384000.0,1.0,5384236000.0,504650000.0,3847115000.0,135000000.0,4879561000.0,0.0,-108941000.0,966809989.7600001,1110253989.7600002,16.400433557721207,28.49714814814815,0.04230590932492558,0.4513722381848806,0.0,16.400433557721207,0.024191023481620926,21.302881847347084,19.798697365661862,1.9158030115129296,0.40334207077326345,0.0,0.005093037982801904,0.008429051029709693,9.954540740740741,0.0022673597516899334,187.6936497301495,1.0,0.054054054054054106,0.8836957636065321,0.8456817842032869,1.0633775168684165,-0.0962783010414385,0.06471306471306472,0.0,0.6201153190561671,0.3023091877304218,0.044479091862453135,Banks—Regional,Financial Services,CPF
2016Q3,2016,Q3,2016-11-08,2016-09-30,11466000.0,50219000.0,0.0,0.37,50219000.0,1.0,5319947000.0,519466000.0,3754910000.0,150000000.0,4800455000.0,0.0,-116225000.0,779473213.64,918884213.64,16.787425547176625,25.032733333333333,0.04563673284715054,0.46737418810855763,0.0,16.787425547176625,0.02207266693104072,15.521480189569685,16.99531688557474,1.5005278760111347,0.43267050409907554,0.0,0.006364554821368422,0.009439755696814272,9.201013333333334,0.002155284629715296,45.98119476403964,1.0,-0.05128205128205133,0.32666978281345416,0.6395738435121908,0.5849982384817872,-0.017567541131130543,-0.05528549064843042,0.0,0.5261850084124271,0.5094218626265608,0.07967533757435498,Banks—Regional,Financial Services,CPF
2016Q2,2016,Q2,2016-08-03,2016-06-30,12137000.0,51117000.0,0.0,0.39,51117000.0,1.0,5282967000.0,517607000.0,3710774000.0,226000000.0,4765351000.0,0.0,-122730000.0,733029994.8000001,961148994.8000001,16.664427494993415,16.419353982300883,0.06034203885808865,0.6158823199840806,0.0,16.664427494993415,0.02344829185076709,14.340238957685312,15.09907709483398,1.4161902655875984,0.35890252945538437,0.0,0.005942458058879967,0.009675812852891187,6.046893805309734,0.002297383269666458,29.332932965186078,1.0,0.1142857142857144,0.9368677419001474,0.6796417260132291,0.6004507011770958,0.037150509272410016,0.08550219121724353,0.0,0.1491411470206632,0.3594278976851628,0.08902066773219329,Banks—Regional,Financial Services,CPF
2016Q1,2016,Q1,2016-05-03,2016-03-31,11181000.0,49286000.0,0.0,0.35,49286000.0,1.0,5242202000.0,509358000.0,3623994000.0,106000000.0,4732825000.0,0.0,-130511000.0,680595510.0,786705510.0,16.292678245849725,34.18862264150943,0.037920133562193904,0.39026578555750574,0.0,16.292678245849725,0.021951162051052502,13.809104208091547,15.217679769251408,1.3361830186234438,0.39155710580448977,0.0,0.0064326019429660946,0.009401774292558738,13.270462264150943,0.0021328823269305534,28.966441521961183,1.0,0.029411764705882214,1.0525917681723602,0.03447989765128418,0.12674790426986615,0.02792666903038772,0.022777167947310648,0.0,-0.891083549475304,0.5290692868069622,0.0479827496472888,Banks—Regional,Financial Services,CPF
2015Q4,2015,Q4,2016-02-25,2015-12-31,10932000.0,47947000.0,0.0,0.34,47947000.0,1.0,5131288000.0,494614000.0,3530646000.0,69000000.0,4636649000.0,0.0,-137314000.0,689622360.0,771213360.0,15.793281818762374,51.16878260869565,0.0315291209536475,0.3270934506504062,0.0,15.793281818762374,0.022102083645024202,14.383013744342712,15.770727222832052,1.394263728887577,1.3195206732528357,0.0,0.02091724520069216,0.009344047732265272,19.816623188405796,0.002130459253115397,70.32657148684478,1.0,-0.1052631578947368,5.457347591772677,-0.12836888340397348,5.365952171589911,0.010069729718342498,-0.10437489759134852,0.0,0.17478043715633845,0.5162695160789325,0.30664315034295125,Banks—Regional,Financial Services,CPF
2015Q3,2015,Q3,2015-11-03,2015-09-30,12206000.0,47469000.0,0.0,0.38,47469000.0,1.0,5021833000.0,503261000.0,3414224000.0,155000000.0,4518572000.0,0.0,-133821000.0,657011070.0,820792070.0,16.06271743640484,22.027251612903225,0.049341545208691724,0.4923588356737359,0.0,16.06271743640484,0.02425381660808209,13.840844972508373,13.456723537604455,1.3055076193068804,0.30804522366049486,0.0,0.005722886830506525,0.0094525246060552,8.839774193548386,0.0024305866005500383,20.073052152393757,1.0,-0.025641025641025664,1.011226292570082,-0.9184175644353348,-0.5829102507720504,0.05045475668857465,-0.010458046209971626,0.0,0.5176299900353276,0.39626283456809697,0.33889640192640863,Banks—Regional,Financial Services,CPF
2015Q2,2015,Q2,2015-08-03,2015-06-30,12335000.0,45189000.0,0.0,0.39,45189000.0,1.0,4967851000.0,488847000.0,3349082000.0,157000000.0,4479004000.0,0.0,-142267000.0,748718750.0,917013750.0,15.506645519429025,21.331732484076433,0.05028029222293503,0.510967644273157,0.0,15.506645519429025,0.02523284381411771,16.568606297992876,15.174680786380218,1.5316014008472998,0.3070125658694771,0.0,0.005057974038983263,0.00909628730813384,8.724987261146497,0.0024829649681522253,65.25919550248409,1.0,0.3448275862068967,1.0507847599946918,-0.9283709050694545,-0.7929210768949891,-0.04521540704430687,0.18662818662818662,0.0,0.5097015153075429,0.3682627931860257,0.3462502182750949,Banks—Regional,Financial Services,CPF
2015Q1,2015,Q1,2015-05-07,2015-03-31,10395000.0,47329000.0,0.0,0.29,47329000.0,1.0,4965925000.0,572925000.0,3328008000.0,70000000.0,4393000000.0,0.0,-150815000.0,799976190.0,877540190.0,16.450598673443018,47.54297142857143,0.032780398415199585,0.2841296853863944,0.0,16.450598673443018,0.018143736091111404,16.90245283018868,19.239446608946608,1.3963017672470217,0.40125060125060125,0.0,0.005213905178852885,0.00953075207539381,19.958971428571427,0.002093265605098748,54.50171617386565,1.0,-0.21621621621621626,1.0038893223870238,-0.9406492027273762,-0.8004426388921063,0.021386335189261512,-0.21635883905013192,0.0,0.27171571299833364,0.7863072491888872,1.0208716906726965,Banks—Regional,Financial Services,CPF
2014Q4,2014,Q4,2015-02-27,2014-12-31,13265000.0,46338000.0,0.0,0.37,46338000.0,1.0,4852987000.0,568041000.0,3299525000.0,38000000.0,4284946000.0,0.0,-157039000.0,766539500.0,811317500.0,15.932488149664826,86.8296052631579,0.026949381896139428,0.23023866235007684,0.0,15.932488149664826,0.023352187606176314,16.54235184945401,14.446654730493782,1.349443966192581,0.2686769694685262,0.0,0.0046494668572200125,0.00954834620410069,34.963394736842105,0.0027333681297724475,104.43317438692098,1.0,0.608695652173913,1.0078625701627673,-0.9458199907773499,-0.9009916812360185,-0.01374936148476077,0.6117861482381531,0.0,0.7664948030083782,0.6264106519636684,1.0045041931415093,Banks—Regional,Financial Services,CPF
2014Q3,2014,Q3,2014-11-04,2014-09-30,8230000.0,46984000.0,0.0,0.23,46984000.0,1.0,4750269000.0,569042000.0,3236426000.0,0.0,4181227000.0,0.0,-166740000.0,643023590.0,645687590.0,15.867105373225888,0.0,0.019532578049790444,0.16305474815567217,0.0,15.867105373225888,0.01446290431989203,13.68601204665418,19.532915856622115,1.13001077249131,0.4362089914945322,0.0,0.005582998906774167,0.009890808288962162,0.0,0.0017325334628417886,25.62663757372868,1.0,-0.07999999999999996,1.0025088911464364,-0.9553565304547212,-0.9272405573974395,-0.011924039452377447,-0.1005464480874317,0.0,-0.1783683754094125,0.32354685487184887,0.4981054716038724,Banks—Regional,Financial Services,CPF
2014Q2,2014,Q2,2014-08-07,2014-06-30,9150000.0,47551000.0,0.0,0.25,47551000.0,1.0,4727766000.0,564568000.0,3165859000.0,29000000.0,4163198000.0,0.0,-171380000.0,716922450.0,751693450.0,15.631641609214498,109.16755172413794,0.025760581213198793,0.21572246390160263,0.0,15.631641609214498,0.01620708222924431,15.076916363483418,19.588045081967213,1.2698602294143488,0.31486338797814206,0.0,0.004018565745848801,0.010057815890211149,45.76575862068965,0.0019353749741421213,49.84512619064173,1.0,0.08695652173913039,1.0145536906964758,-0.9586639897396816,-0.9497138527077307,0.036240411436541144,-0.06708809135399674,0.0,0.2557632868349383,0.3437207560363426,0.50126200144185,Banks—Regional,Financial Services,CPF
2014Q1,2014,Q1,2014-05-09,2014-03-31,9808000.0,45888000.0,0.0,0.23,45888000.0,1.0,4827437000.0,608403000.0,3082104000.0,102000000.0,4218973000.0,0.0,-177649000.0,846683000.0,950212000.0,14.515161636645592,30.21670588235294,0.0403516400110452,0.32017429236870953,0.0,14.515161636645592,0.0161208935524644,18.451076534170152,21.581438621533444,1.3916482989071388,0.3435970636215334,0.0,0.003980238176507618,0.009505665221524382,14.832323529411765,0.0020317199375154975,45.520591397849465,1.0,-0.04166666666666659,-0.8239314383422008,-0.9650038946310254,-0.9563188672159314,-0.0362093589851298,-0.047304516755706655,0.0,0.34296153146860997,-0.2816124572588532,0.0038207167317573084,Banks—Regional,Financial Services,CPF
2013Q4,2013,Q4,2014-02-28,2013-12-31,10295000.0,47612000.0,0.0,0.24,47612000.0,1.0,4741198000.0,660113000.0,2990203000.0,8015000.0,4081024000.0,0.0,-184087000.0,844163199.9999999,895629199.9999999,15.702021883920077,373.0758577666875,0.02126340220340935,0.15272233693322204,0.0,15.702021883920077,0.015595814655975569,17.73005124758464,20.499349198640115,1.27881620268045,0.32714910150558524,0.0,0.003989749849318236,0.010042187649619358,183.58315658140987,0.0021713921249439487,67.6087778311709,1.0,0.0,-0.8459703212475362,-0.9657737722138517,-0.9409811081513928,0.053642559971673894,0.008918071344570757,0.0,4.1270479648250955,-0.35520891493867496,5.329167139380944,Banks—Regional,Financial Services,CPF
2013Q3,2013,Q3,2013-11-07,2013-09-30,10204000.0,45188000.0,0.0,0.24,45188000.0,1.0,4744483000.0,653476000.0,2886542000.0,28000000.0,4090947000.0,0.0,-191014000.0,743895600.0,783264600.0,15.548586656514704,103.09078571428572,0.028721359102772633,0.20852793369611125,0.0,15.548586656514704,0.015614957550086002,16.462237762237763,18.225588004704036,1.1383671320752407,0.0,0.0,0.0,0.009524325411219727,57.59328571428571,0.002150708517661461,-110.78117647058824,1.0,-0.2941176470588236,-0.8421537469563126,-0.9658762187840294,-0.9397330439472498,-0.11034985135747052,-0.28478306581621926,0.0,1.006996308858717,-0.942104442950145,-0.5962603379477569,Banks—Regional,Financial Services,CPF
2013Q2,2013,Q2,2013-08-08,2013-06-30,14267000.0,50793000.0,0.0,0.34,50793000.0,1.0,4706756000.0,642035000.0,2838532000.0,0.0,4054775000.0,0.0,-197851000.0,760680410.0,731778410.0,15.30221417165193,0.0,0.023003529394767862,0.16863878137484717,0.0,15.30221417165193,0.022221529978895233,14.976087452995491,13.329368647928787,1.184795860038783,0.0,0.0,0.0,0.01079150905634369,0.0,0.0030311747624053595,18.520656651733542,1.0,-0.8953846153846154,1.004594417819154,-0.9622154103508812,-0.9403679168625751,0.17813652494607196,-0.8960956674362205,0.0,1.0441344358123277,-0.9395061444831782,-0.7956510950213175,Banks—Regional,Financial Services,CPF
2013Q1,2013,Q1,2013-05-07,2013-03-31,137309000.0,43113000.0,0.0,3.25,43113000.0,1.0,4581077000.0,650101000.0,2789818000.0,0.0,3921025000.0,0.0,-212118000.0,642711920.0,536478920.0,15.54670461067534,0.0,0.023635490082353997,0.16655258182959262,0.0,15.54670461067534,0.21121179632087936,14.907613016955443,1.1701926312186381,0.9886339507245797,0.0,0.0,0.0,0.00941110572906764,0.0,0.029973082748881975,20.467880640743925,1.0,10.206896551724139,2.918401405733383,-0.9686828952741554,-0.9544080270312146,0.022337625382371773,10.064383561643835,0.0,1.0427880045041074,-0.9549721664769598,-0.8114075112026932,Banks—Regional,Financial Services,CPF
2012Q4,2012,Q4,2013-02-28,2012-12-31,12410000.0,42171000.0,0.0,0.29,42171000.0,1.0,4370368000.0,504822000.0,2574542000.0,0.0,3855589000.0,0.0,-349427000.0,651131940.0,582037940.0,12.086912799885074,0.0,0.024776174454874282,0.2144934254053904,0.0,12.086912799885074,0.02458292229736422,15.440277441843921,13.117081788879936,1.2898248095368268,0.0,0.0,0.0,0.009649301843689135,0.0,0.00283957781129644,-154.07760056791292,1.0,0.11538461538461527,1.0132249647857234,-0.9687176742706771,-0.9645404819933723,-0.0694426055871839,0.15754127413487548,0.0,1.0062791702170921,-0.9579090348788195,-0.9248890126813843,Banks—Regional,Financial Services,CPF
2012Q3,2012,Q3,2012-11-06,2012-09-30,10721000.0,45318000.0,0.0,0.26,45318000.0,1.0,4309618000.0,501042000.0,2546898000.0,0.0,3798613000.0,0.0,-361837000.0,595137000.0,482749000.0,11.996983047600805,0.0,0.025126356906807052,0.21611960673955477,0.0,11.996983047600805,0.02139740780214034,13.132463921620548,13.877833224512639,1.1877986276599566,0.0,0.0,0.0,0.01051554917396391,0.0,0.0024876914844888806,43.371010056843026,1.0,0.0,-0.9413028772123337,-0.9650122432142889,-0.9664204868278004,0.03693025809994509,-0.008416574176840547,0.0,1.0028064790773739,-0.9630237201064846,-0.944987205988515,Banks—Regional,Financial Services,CPF
2012Q2,2012,Q2,2012-08-09,2012-06-30,10812000.0,43704000.0,0.0,0.26,43704000.0,1.0,4227070000.0,480513000.0,2492626000.0,0.0,3736588000.0,0.0,-372558000.0,589044040.0,523822040.0,11.51839777548721,0.0,0.02561798124942336,0.2253612285203522,0.0,11.51839777548721,0.02250095210743518,13.478034962474831,13.620145209027006,1.2258649401785175,0.0,0.0,0.0,0.010339076476140683,0.0,0.002557800083745952,-6544.933777777778,1.0,0.12068965517241377,-0.9740108455282174,-0.9657287536610758,-0.9677868440494607,0.0003662332906061161,-0.197803828461196,0.0,1.0148886967208963,-0.9671081206162433,-0.9629459360962024,Banks—Regional,Financial Services,CPF
2012Q1,2012,Q1,2012-05-08,2012-03-31,13478000.0,43688000.0,0.0,0.232,43688000.0,1.0,4158288000.0,467466000.0,2407960000.0,0.0,3680848000.0,0.0,-383370000.0,743664122.9499999,724424122.9499999,8.140347924794293,0.0,0.02604292920548072,0.23166176791467186,0.0,8.140347924794293,0.028832043399947802,17.02215992835561,13.79403700382104,1.5908410942186169,0.0,0.0,0.0,0.010506246801568338,0.0,0.0032412377401469065,28.29126238111542,1.0,0.10151185051674258,-0.9753192715388979,-0.9751566583916599,-0.9771266287262617,-0.04798431030725648,0.11434477056634973,0.0,-0.8234006014634653,-0.9756810310516909,-0.9755028826056098,Banks—Regional,Financial Services,CPF
2011Q4,2011,Q4,2012-02-29,2011-12-31,12095000.0,45890000.0,0.0,0.21061961329890722,45890000.0,1.0,4132865000.0,456440000.0,2532843000.0,34000.0,3666445000.0,0.0,-396848000.0,741941348.92,643201348.92,7.948343637383482,74495.38235294117,0.03831046985565703,0.34688458504951364,0.0,7.948343637383482,0.02649855402681623,16.1678219420353,15.3357037809012,1.6254959007098413,0.0,0.0,0.0,0.011103677473133044,7974.735294117647,0.0029265412734265457,55.1301344122455,1.0,-0.24778709536104573,-0.9762790444744069,-0.9730923439723024,-0.9772002701900205,0.11378088442308626,0.040340615861001204,0.0,-0.8675232768701537,-0.9758500456098419,-0.9701247115194322,Banks—Regional,Financial Services,CPF
2011Q3,2011,Q3,2011-11-07,2011-09-30,11626000.0,41202000.0,0.0,0.28,41202000.0,1.0,4119158000.0,440869000.0,2543015000.0,1224000.0,3668303000.0,0.0,-408943000.0,429570000.0,389280000.0,10.591447447447447,2077.626633986928,0.06301554832322528,0.5887712676554714,0.0,10.591447447447447,0.02637064524836176,10.425950196592398,9.23726991226561,0.9743710716788888,0.0,0.0,0.0,0.01000252964319407,256.7957516339869,0.0028224214754568773,-23.826612679571802,1.0,0.4000000000000001,-0.9714525128049954,-0.9672466174596972,-0.9691484818601028,0.03320126385475701,0.41590549263183535,0.0,-0.8184155634279461,-0.9685850188409104,-0.9589471177058475,Banks—Regional,Financial Services,CPF
2011Q2,2011,Q2,2011-08-08,2011-06-30,8211000.0,39878000.0,0.0,0.2,39878000.0,1.0,4131733000.0,423782000.0,2618070000.0,1385000.0,3697959000.0,0.0,-420569000.0,569800000.0,526798000.0,10.412334152334152,1890.3032490974729,0.09934354422224283,0.9685663855472861,0.0,10.412334152334152,0.01937552798372748,14.288580169517028,17.348678601875534,1.3445592309253342,0.0,0.0,0.0,0.009651640122921787,337.5985559566787,0.0019873016964068106,200.21082220660577,1.0,0.14903263634403977,-0.9792582341043192,-0.967385833108399,-0.9686911948157064,-0.01715384236210381,0.7699935330890278,0.0,1.0027258621992512,-0.969418820409089,-0.9594235730292613,Banks—Regional,Financial Services,CPF
2011Q1,2011,Q1,2011-05-13,2011-03-31,4639000.0,40574000.0,0.0,0.1740594598220939,40574000.0,1.0,4013398000.0,384984000.0,2820849000.0,1423000.0,3618416000.0,0.0,-428780000.0,553783859.2,363323859.20000005,14.459914399758656,1982.3253689388616,0.10233771980750477,1.0668547264301893,0.0,14.459914399758656,0.012049851422396774,13.648737102578007,29.843924294028888,1.4384594144172227,0.0,0.0,0.0,0.010109637768295095,432.1827125790583,0.001155878385348276,22.977629940666365,1.0,3.2226369532961288,-0.9810835596439196,-0.9502826653369618,-0.9557790140384498,-0.13236677786331366,3.224940047961631,0.0,-0.792078298538893,-0.9537100497586004,-0.9575951275235487,Banks—Regional,Financial Services,CPF
2010Q4,2010,Q4,2011-02-09,2010-12-31,-2085000.0,46764000.0,0.0,-0.07831214160457785,46764000.0,1.0,3938051000.0,66052000.0,3115821000.0,202480000.0,3861996000.0,0.0,-517316000.0,814701254.4000001,686245254.4000001,2.4808985982089093,15.388290201501382,0.1681753232753969,10.026691091867013,0.0,2.4808985982089093,-0.03156603887845939,17.421547652040033,-97.68600172661871,12.334240513534791,0.0,0.0,0.0,0.011874909695176624,3.9719527854602923,-0.0005294497201788397,11.294901627616804,1.0,0.9978043599546569,-1.0084949717692455,-0.94214578274245,-0.9922973879293693,0.2045747256710113,0.9712588222320248,0.0,0.996514422626356,-0.945581983028943,-0.9927217586515026,Banks—Regional,Financial Services,CPF
2010Q3,2010,Q3,2010-11-05,2010-09-30,-72544000.0,38822000.0,0.0,-35.667113,38822000.0,1.0,4173241000.0,80506000.0,3436406000.0,201674000.0,4082726000.0,0.0,-513088000.0,59786727.0,-46085273.0,38.511417425476395,17.039410137152036,0.1961408411352232,10.16747820038258,0.0,38.511417425476395,-0.9011005390902541,1.5400218175261449,-0.20603608499669168,0.7426369090502571,0.0,0.0,0.0,0.009302601982487951,4.836989398732608,-0.017383132198691618,0.9222646314750255,1.0,-3.0999999310289015,-5.043128764314912,-0.36214398432537814,-0.8785723556053993,-0.07193229901269393,-3.5044396150263895,0.0,-8.9349895181557,-0.4011933558164704,-0.892206678663476,Banks—Regional,Financial Services,CPF
2010Q2,2010,Q2,2010-08-06,2010-06-30,-16105000.0,41831000.0,0.0,-8.699296,41831000.0,1.0,4279343000.0,156528000.0,3715258000.0,201708000.0,4112800000.0,0.0,-438425000.0,62709210.0,-10053790.0,74.88278037627965,18.418991809943087,0.19720550561149222,5.391431564959624,0.0,74.88278037627965,-0.10288893999795563,1.4991085558557051,-0.9734431853461658,0.40062614995400186,0.0,0.0,0.0,0.009775098654162567,4.794385944037916,-0.0037634281711000964,2.8740643475869656,1.0,0.8880596987077273,-1.901311966344831,-0.2687708631164598,-0.7614745641452804,-0.12494770312107774,0.8994813349228243,0.0,-1.7725913422001593,-0.34534882386645765,-0.7905775847223637,Banks—Regional,Financial Services,CPF
2010Q1,2010,Q1,2010-05-07,2010-03-31,-160219000.0,47804000.0,0.0,-77.713709,47804000.0,1.0,4434177000.0,172105000.0,3849970000.0,202074000.0,4252052000.0,0.0,-420224000.0,70148568.0,64407568.0,82.435439024215,19.052277878400982,0.1938603262792622,4.9946892885157315,0.0,82.435439024215,-0.93093750907876,1.467420466906535,-0.10945731779626637,0.4075916911187938,0.0,0.0,0.0,0.010780805547455594,4.534932747409365,-0.03613274797104401,1.1555839483394834,1.0,-0.6422943379925197,-9.807199321199919,-0.18643077676518366,-0.7459971285126018,-0.04548540393754243,-0.6217646999281325,0.0,-9.070009906339077,-0.2522789372953615,-0.7683666078729504,Banks—Regional,Financial Services,CPF
2009Q4,2009,Q4,2010-03-16,2009-12-31,-98793000.0,50082000.0,0.0,-47.32020759140799,50082000.0,1.0,4869522000.0,335963000.0,3704500000.0,242429000.0,4523533000.0,0.0,-257931000.0,54699181.0,466635181.0,160.9207019022826,15.28076261503368,0.1848852926426865,2.6797683078196113,0.0,160.9207019022826,-0.2940591672297247,1.0921924244239447,-0.13841866579615966,0.16281311037227314,0.0,0.0,0.0,0.01028478770606232,2.2389813099917912,-0.020288028270536617,2.0559737267430935,1.0,0.48844408040067067,-8.114981660833495,-0.1443513910355872,-0.44046516655654966,-0.14764198308286672,0.46056317263747604,0.0,-6.329420760756094,-0.1922685320524706,-0.5384008679559206,Banks—Regional,Financial Services,CPF
2009Q3,2009,Q3,2009-11-09,2009-09-30,-183141000.0,58757000.0,0.0,-92.502512,58757000.0,1.0,5171510000.0,436639000.0,3950894000.0,252807000.0,4724839000.0,0.0,-157088000.0,100912442.39999999,594765442.4,218.07623595878798,15.628103652193175,0.15682440911841997,1.8574131032729555,0.0,218.07623595878798,-0.41943344501979896,1.7174539612301511,-0.13775239078087376,0.23111183929974188,0.0,0.0,0.0,0.011361671929475143,1.5842638850981183,-0.035413447909798106,1.0500883713670277,1.0,-4.023622167833409,-15.938369564016824,0.09898093923915133,-0.5108131669127004,-0.06763039718180232,-4.317374136229023,0.0,-10.348958130497667,-0.028959064132219423,-0.36477209720900733,Banks—Regional,Financial Services,CPF
2009Q2,2009,Q2,2009-08-06,2009-06-30,-34442000.0,63019000.0,0.0,-18.413509,63019000.0,1.0,5525287000.0,615047000.0,4176430000.0,267155000.0,4900203000.0,0.0,28083000.0,148392975.0,839045975.0,310.85383253486225,15.632984596956822,0.15849113358274422,1.4238082618076342,0.0,310.85383253486225,-0.05599897243625284,2.354733889779273,-1.0771222272225771,0.24127095165084944,-0.04898089541838453,0.0,0.011368462691714348,0.01140556137626878,0.962823080234321,-0.0062335223491558,19.600181614053625,1.0,-43.33331187566816,-3.229749918133712,0.3238896845583976,0.7284297532507733,0.018357222500525183,-14.100798782807152,0.0,-2.789700541198665,0.060197457787737246,-0.06529487613079862,Banks—Regional,Financial Services,CPF
2009Q1,2009,Q1,2009-05-08,2009-03-31,2629000.0,61883000.0,0.0,0.434965,61883000.0,1.0,5431559000.0,657339000.0,4202844000.0,83474000.0,4764177000.0,0.0,64524000.0,221553920.0,840561920.0,332.2981963036357,50.34913865395213,0.13023461588100213,1.0761220618280674,0.0,332.2981963036357,0.00399945842251867,3.580206518753131,21.06826930391784,0.33704666846178305,0.25675161658425255,0.0,0.0030466624106673446,0.011393229825911861,1.8806334906677529,0.00048402309539489493,-41.458443113772454,1.0,-0.7264132386645469,-0.8136601374110215,0.3037235574786909,0.8108768290061503,-0.05460073025039339,-0.16406995230524643,0.0,-0.8557150040226335,0.020579676042557463,0.016226892327717707,Banks—Regional,Financial Services,CPF
2008Q4,2008,Q4,2009-02-27,2008-12-31,3145000.0,65457000.0,0.0,1.5898612852347636,65457000.0,1.0,5432361000.0,526291000.0,4392068000.0,279450000.0,4896021000.0,0.0,63762000.0,397214528.0,1218176528.0,266.0507744570712,15.716829486491322,0.17095826289894947,1.7646264139040948,0.0,266.0507744570712,0.005975781459306734,6.068327726599142,31.57508171701113,0.7547431516024405,0.9131955484896661,0.0,0.00723034984259186,0.012049456948829432,0.6091393809268205,0.0005789379608608485,16.466215976454006,1.0,-0.00314114104854648,-0.8061730671984125,0.3782939112786076,0.5162716235206097,0.0507753555719652,0.03419927655376521,0.0,-0.827538534148625,0.08992097387859337,-0.17397433808331228,Banks—Regional,Financial Services,CPF
2008Q3,2008,Q3,2008-11-07,2008-09-30,3041000.0,62294000.0,0.0,1.594871,62294000.0,1.0,5504304000.0,510071000.0,4406959000.0,278205000.0,4984178000.0,0.0,63489000.0,664686227.1999999,1755999227.1999998,257.99522117734654,15.840689419672543,0.21069675657449152,2.2736815070843077,0.0,257.99522117734654,0.005961915105936233,10.670148444472982,54.64372140743177,1.303124912414154,0.9447550147977639,0.0,0.004322340199679709,0.011317325496556877,0.47671680954691686,0.0005524767527374942,5.8382115853176515,1.0,1.0215686289359407,-0.7946387130878831,0.2795477531846994,0.5218602444368684,-0.016125720603332543,1.0207920250516211,0.0,-0.8207941142392462,0.08220800946291001,-0.1865333953690054,Banks—Regional,Financial Services,CPF
2008Q2,2008,Q2,2008-08-11,2008-06-30,-146258000.0,63315000.0,0.0,-73.944014,63315000.0,1.0,5650349000.0,507103000.0,4545727000.0,275186000.0,5133185000.0,0.0,63321000.0,421317098.79999995,1483320098.8,256.61042456603946,16.518743686088683,0.20533333427722783,2.2879079792468198,0.0,256.61042456603946,-0.28841872361236276,6.654301489378503,-0.7201607754789482,0.8308314066373104,-0.049070820057706244,0.0,0.017034675356024265,0.01120550252736601,0.6193192967665506,-0.025884772781291917,3.974389657384348,1.0,-85.99995861736001,-11.241241983962611,0.3636060170985935,0.538825426052459,-0.027956890198968312,-89.21351025331725,0.0,-9.658092644446212,0.17071192692851783,-0.18261430656135322,Banks—Regional,Financial Services,CPF
2008Q1,2008,Q1,2008-05-09,2008-03-31,1658000.0,65136000.0,0.0,0.86993,65136000.0,1.0,5800037000.0,674663000.0,4580725000.0,368375000.0,5112276000.0,0.0,216755000.0,745896008.0,1945217008.0,340.9965307120936,12.434950797421106,0.22135876029756363,1.903007872078356,0.0,340.9965307120936,0.0024575232375274765,11.451363424220093,112.46924125452352,1.1055830955603019,4.33655006031363,0.0,0.00963941343415797,0.011230273186188295,0.29890464879538514,0.00028586024537429676,31.435266689143628,1.0,1.0387195173382524,-0.8921877156102899,0.3932591046544557,1.1062066966947,0.019981208894456624,1.0372986592279312,0.0,-0.9038274936118899,0.169752436056282,0.050690079331901304,Banks—Regional,Financial Services,CPF
2007Q4,2007,Q4,2008-02-29,2007-12-31,-44452000.0,63860000.0,0.0,-22.467480480201203,63860000.0,1.0,5680386000.0,674403000.0,4442963000.0,16000000.0,4992879000.0,0.0,222644000.0,730463676.8,1583153676.8,340.8651182913959,277.6851875,0.16407670182977002,1.3819911833132414,0.0,340.8651182913959,-0.06591311129992007,11.438516705292827,-4.108159794834878,1.0831263751792326,-0.16550436425807613,0.0,0.010071684922417213,0.011242193752325986,6.585625,-0.00782552453301589,97.11030002658866,1.0,-6.165356019659798,-3.4367487700993213,0.2919312750221533,1.1683591206589246,-0.011179585643058437,-5.8810804875370595,0.0,-4.378170124739506,0.15129150139078737,0.1852167243570347,Banks—Regional,Financial Services,CPF
2007Q3,2007,Q3,2007-11-09,2007-09-30,9107000.0,64582000.0,0.0,4.349648,64582000.0,1.0,5647624000.0,743972000.0,4398449000.0,72245000.0,4890542000.0,0.0,281682000.0,1249841475.0,2048021475.0,357.2709046161234,60.88240016610146,0.15737237464817064,1.1946417338286925,0.0,357.2709046161234,0.01224105208260526,19.35278367037255,34.309912018227735,1.6799576798589195,0.830130668716372,0.0,0.00604876710464421,0.011435251355260195,1.635822548273237,0.001612536528635759,32.50985758876317,1.0,-0.5588235234454066,0.22006769837529525,1.601750092013154,3.441359809401894,0.0024991850483537977,-0.5666634944803959,0.0,-0.2857533786937097,0.1614413309155336,-0.19857282195376597,Banks—Regional,Financial Services,CPF
2007Q2,2007,Q2,2007-08-07,2007-06-30,21016000.0,64421000.0,0.0,9.859202,64421000.0,1.0,5563598000.0,753543000.0,4276995000.0,1903000.0,4796938000.0,0.0,290353000.0,1391312742.2,2088913742.2,357.5681250596111,2247.5013137151864,0.14720150521299347,1.0868258347566098,0.0,357.5681250596111,0.0278895829435082,21.59719256453641,16.550636921869053,1.8463614448014247,0.34897221164826797,0.0,0.00527128069595854,0.011579017750743313,77.09196006305832,0.0037774116677732647,104.783306386504,1.0,0.04615386900817542,0.42831934486406903,0.33212504666942844,1.2858135360449876,-0.006446737303166304,0.04375465607151726,0.0,0.2773816989921862,0.2706050836685562,0.9881736092084792,Banks—Regional,Financial Services,CPF
2007Q1,2007,Q1,2007-05-09,2007-03-31,20135000.0,64839000.0,0.0,9.424237,64839000.0,1.0,5508840000.0,753536000.0,4248646000.0,25039000.0,4741802000.0,0.0,282673000.0,1548624670.2,2260164670.2,355.88754396429863,169.68113742561604,0.15060466450287174,1.1010183985901139,0.0,355.88754396429863,0.02672068753184984,23.884154138712812,19.228019247578843,2.0551435766837947,0.3665259498385895,0.0,0.004765518812926374,0.011769991504563574,5.786972323175846,0.0036550344537143935,190.55305404208195,1.0,0.061401183100585094,0.3810113265159983,0.32977163473130755,1.4067065775341223,0.03112178365828059,0.07101063829787234,0.0,0.3333280542532495,0.2762056413884177,0.9394282432636992,Banks—Regional,Financial Services,CPF
