Quarters,Year,Quarter,FillingDate,Date,NetIncome,Revenue,OperatingIncome,EPSDiluted,GrossProfit,GrossProfitRatio,TotalAssets,CommonStockEquity,CurrentAssets,CurrentLiability,TotalLiability,Inventory,RetainedEarnings,MarketCap,EnterpriseValue,bookValuePerShare,currentRatio,debtToAssets,debtToEquity,roic,shareholdersEquityPerShare,roe,priceToSalesRatio,peRatio,pbRatio,payoutRatio,inventoryTurnover,dividendYield,assetTurnover,quickRatio,returnOnAssets,priceToFreeCashFlowsRatio,grossProfitMargin,epsdilutedGrowth,fiveYNetIncomeGrowthPerShare,fiveYRevenueGrowthPerShare,fiveYShareholdersEquityGrowthPerShare,grossProfitGrowth,netIncomeGrowth,operatingIncomeGrowth,threeYNetIncomeGrowthPerShare,threeYRevenueGrowthPerShare,threeYShareholdersEquityGrowthPerShare,Industry,Sector,Symbol
2023Q1,2023,Q1,2023-03-02,2023-03-31,369844000.0,2151016000.0,1249009000.0,1.13,221718000.0,0.1030759418,43191628000.0,12207167000.0,37507593000.0,25703237000.0,30984461000.0,21613000.0,6607236000.0,14171520123.989807,12551007123.989807,37.59476406433082,1.4592556182709595,0.004529836198811492,0.016027551683367648,0.08541604046384994,37.59476406433082,0.03029728355481661,6.588291358125558,9.579390313206249,1.1609180184058927,0.0,89.26562716883357,0.0,0.0498016884198021,1.4584147514182746,0.00856286315486881,-1476.815352645874,0.10307594178750878,-0.08870967741935491,1.283403177973902,2.6706008733587434,1.5110104848979375,-0.3381651020134028,-0.09271238871839406,-0.06057127986274963,0.05065139832946229,1.254307038599056,0.4845914469155143,Software—Infrastructure,Technology,PAGS
2022Q4,2022,Q4,2022-12-31,2022-12-31,407637000.0,2304057000.0,1329541000.0,1.24,335005000.0,0.1453978786,45329322000.0,11842126000.0,39767078000.0,29740351000.0,33487196000.0,13281000.0,6237392000.0,15312128207.744053,13483031207.744053,36.245038202099465,1.3371421877300642,0.0,0.0,0.09638416165724117,36.245038202099465,0.03442261972216813,6.645724566598853,9.39078653786583,1.2930218955400452,0.0,148.26082373315262,0.0,0.050829284408886594,1.3366956227248292,0.008992788376583263,9.680981827285228,0.14539787861151005,0.06896551724137938,0.7319821003103254,2.403542181996199,9.966334539581439,-0.2207645697405301,0.07191936616292431,-0.01219652633776562,0.05319875530175368,1.3014640761711245,0.4992344576156241,Software—Infrastructure,Technology,PAGS
2022Q3,2022,Q3,2022-09-30,2022-09-30,380287000.0,2292079000.0,1345957000.0,1.16,429915000.0,0.1875655246,43275887000.0,11511628000.0,37709295000.0,28286842000.0,31764259000.0,52062000.0,5829755000.0,23325394497.735836,22907570497.735836,35.2334873508657,1.3331037448436274,0.022800110370932433,0.08571289829726951,0.0962929555608327,35.2334873508657,0.03303503205628257,10.17652292863197,15.33407301441795,2.0262463743386983,0.0,35.76819945449656,0.0,0.052964344786277866,1.3312632424644646,0.008787503304091723,40.98703636272489,0.18756552457397846,0.05454545454545439,1.066261292364271,2.984207885071064,12.63238950666575,0.2097094153697237,0.036418985948043735,0.12325018568436162,0.08927205516493604,1.5125153401152498,0.4885100681491398,Software—Infrastructure,Technology,PAGS
2022Q2,2022,Q2,2022-06-30,2022-06-30,366924000.0,2255687000.0,1198270000.0,1.1,355387000.0,0.1575515575,39195791000.0,11189330000.0,33955022000.0,24680555000.0,28006461000.0,47890000.0,5449468000.0,18112590042.0096,18126174042.0096,33.72346292045979,1.3757803258476156,0.030757639257745814,0.10774282284998297,0.08012489352732656,33.72346292045979,0.03279231196148474,8.02974439361915,12.340832190051348,1.6187376761619867,0.0,39.680517853414074,0.0,0.05754921491442793,1.373660478866865,0.009361311269365631,-52.63038771806699,0.15755155746342467,0.04761904761904766,2.5299645228169436,3.66746337600999,0.0,0.12748251925736984,0.04859396433470507,0.15540449329862116,0.09788284084712903,1.5234977396056533,0.5004851756000408,Software—Infrastructure,Technology,PAGS
2022Q1,2022,Q1,2022-03-31,2022-03-31,349920000.0,2054583000.0,1037100000.0,1.05,315204000.0,0.1534150725,33807508000.0,10791263000.0,28871720000.0,20926445000.0,23016245000.0,49274000.0,5082544000.0,30901705078.29405,30528985078.29405,32.594192231638026,1.37967628997663,0.03284394697177917,0.10289546274611229,0.07321447698487579,32.594192231638026,0.032426232221381315,15.040378061287399,22.07769281428187,2.8635855764329023,0.0,35.3001380038154,0.0,0.060772979777154824,1.3772581534990773,0.01035036359379106,-78.42116970088428,0.15341507254756806,0.15384615384615385,3.5726123622849872,4.269934009432604,0.0,0.38995383048246485,0.1614907656969874,0.34498616237358737,0.0920246120054603,1.5438998497612826,0.5195488781815563,Software—Infrastructure,Technology,PAGS
2021Q4,2021,Q4,2021-12-31,2021-12-31,301268000.0,2059547000.0,771086000.0,0.91,226773000.0,0.1101081937,31075804000.0,10502198000.0,26719334000.0,19002919000.0,20573606000.0,49537000.0,4732624000.0,48242103015.446175,47453528015.446175,31.794898759376267,1.4060647208989314,0.03236559865031972,0.09576919041137864,0.054806692211449945,31.794898759376267,0.028686185501358857,23.42364753775766,40.03254827549406,4.593524423691705,0.0,36.998082241556816,0.0,0.06627493853417277,1.4034579108609577,0.009694616428910416,-124.03928514793604,0.11010819369502128,-0.05884786430861511,5.221761101787111,5.373259052786448,12.303469831163522,-0.21840954288057957,-0.06261804084096417,3.19821026914382,-0.037020375108235054,1.455323959063015,0.5417852301330566,Software—Infrastructure,Technology,PAGS
2021Q3,2021,Q3,2021-09-30,2021-09-30,321393000.0,1792161000.0,-350779000.0,0.9669,290143000.0,0.1618956109412045,26960099000.0,10444370000.0,23007458000.0,14820596000.0,16503306000.0,86214000.0,4431228000.0,91671202196.81265,90548814196.81265,31.61150576642265,1.5523976228756253,0.0,0.0,-0.025640452010593017,31.61150576642265,0.030771889544319093,51.151209180878645,71.30771531801615,8.777092557694974,0.0,17.421973229405896,0.0,0.06647457043833556,1.5465804479118115,0.011921061565834754,-1414.788212004208,0.1618956109412045,0.17427738644644153,0.7268484480126705,2.0805870197339957,11.230987957809848,0.1463118802101853,0.18138777490654187,-0.042251135759257666,0.31416317960071577,1.4494642610481938,0.5821786073444409,Software—Infrastructure,Technology,PAGS
2021Q2,2021,Q2,2021-06-30,2021-06-30,272047000.0,1548128000.0,-336559000.0,0.8234,253110000.0,0.16349423303499452,24186138000.0,9996825000.0,20627171000.0,12568757000.0,14177043000.0,72971000.0,4109835000.0,93126136934.03386,91930592934.03386,30.28500261659187,1.6411464554529935,0.0,0.0,-0.02709279529794978,30.28500261659187,0.02721334023552478,60.154029210784806,85.57908829543595,9.31557138731886,0.0,17.74702278987543,0.0,0.06400889633557867,1.6353407103025384,0.011248054567455127,5642.640386211456,0.16349423303499452,0.002556921953001328,1.6307259369172038,2.2199297151206454,0.0,0.05954748100550474,0.002875395827726926,-0.05737408772310138,0.11116591737911964,1.375632114587125,0.5600647010117084,Software—Infrastructure,Technology,PAGS
2021Q1,2021,Q1,2021-03-31,2021-03-31,271267000.0,1384970000.0,-318297000.0,0.8213,238885000.0,0.1724838805172675,21976499000.0,9668123000.0,18643263000.0,10714138000.0,12296203000.0,53046000.0,3837789000.0,87196139669.11658,85935861669.11658,29.299769954576753,1.7400618696529764,0.0,0.0,-0.02478885428241705,29.299769954576753,0.028057876384071655,62.95886529608337,80.36006929438207,9.018931561908818,0.0,21.605493345398333,0.0,0.06302050203719892,1.7351108413948,0.012343503849270987,-209.30171185923496,0.1724838805172675,-0.28030024760137184,2.556695480112128,2.5643139546856033,0.0,-0.2542836896701348,-0.2776768881740816,-8.941189331001311,0.6480506467590929,1.3256451748855098,0.9569754297472373,Software—Infrastructure,Technology,PAGS
2020Q4,2020,Q4,2020-12-31,2020-12-31,375548000.0,1473482000.0,-32018000.0,1.1411703245176295,320343000.0,0.21740543827478043,22324322000.0,9315346000.0,19247081000.0,11574475000.0,12996863000.0,30429000.0,3566522000.0,97185369603.73149,95545304603.73149,28.306358755243007,1.6628901958836146,0.0,0.0,-0.002512369089455101,28.306358755243007,0.040314981322218196,65.9562652300683,64.6957044131053,10.43282446016836,0.0,37.89605310723323,0.0,0.06600343786476472,1.6602612213512924,0.01682236979022252,193.79632689454755,0.21740543827478043,0.4286058143685898,6.784550709166892,3.5765948830204133,10.84381156802445,1.0702283860460908,0.42629052350135205,0.8349562106630515,0.5841685531404714,1.1609707343483333,7.564399849064699,Software—Infrastructure,Technology,PAGS
2020Q3,2020,Q3,2020-09-30,2020-09-30,263304000.0,1211971000.0,-193997000.0,0.7988,154738000.0,0.12767467208373798,18624563000.0,8926405000.0,16383245000.0,8487873000.0,9675494000.0,34890000.0,3190974000.0,70018418246.76157,68423270246.761566,27.124491384924937,1.9301944079512028,0.0,0.0,-0.016255674308490297,27.124491384924937,0.029497205201870182,57.77235449260879,66.48058731234768,7.843966103572667,0.0,30.30189165950129,0.0,0.06507379528851227,1.9260838374937985,0.014137459225217794,-81.19480147499286,0.12767467208373798,-0.11007130124777184,0.420356454932657,1.0915621236946402,9.49489163667504,1.4494712847464066,-0.11086497712192074,-0.3634779063964971,0.420356454932657,1.0915621236946402,9.49489163667504,Software—Infrastructure,Technology,PAGS
2020Q2,2020,Q2,2020-08-27,2020-06-30,296135000.0,856462000.0,-142281000.0,0.8976,63172000.0,0.0737592561024307,16343759000.0,8645993000.0,14604750000.0,6620580000.0,7675273000.0,73624000.0,2927669000.0,61813856016.36215,59467079016.36215,26.279513576448128,2.205962317500884,0.0,0.0,-0.01182296982752734,26.279513576448128,0.03425112650449752,72.17349516541557,52.183848596385225,7.149422399065342,0.0,10.774883190264044,0.0,0.0524029998239695,2.1948418416513356,0.01811914872215137,-264.2171053612173,0.0737592561024307,-0.16935036091060526,1.8731501440191491,0.7872468570461638,0.0,-0.681219974970732,-0.1697250407238043,-0.8565090880622137,1.8731501440191491,0.7872468570461638,0.0,Software—Infrastructure,Technology,PAGS
2020Q1,2020,Q1,2020-04-22,2020-03-31,356671000.0,966804000.0,-76639000.0,1.0806,198168000.0,0.20497225911353284,14468129000.0,8331358000.0,13146372000.0,5297767000.0,6114483000.0,70211000.0,2631535000.0,33377527926.241634,30334374926.241634,25.32330638334216,2.4814930516951765,0.0,0.0,-0.0066173044976857495,25.32330638334216,0.04281066784070496,34.52357243685549,23.395179259206408,4.006252993358542,0.0,10.947515346598111,0.0,0.06682301491782386,2.468240109464988,0.024652185503737215,47.619053492286845,0.20497225911353284,-0.08423728813559317,3.6902942269492116,1.495494359741671,0.0,-0.16511627906976745,-0.08929328315144953,-0.9284617900908382,3.6902942269492116,1.495494359741671,0.0,Software—Infrastructure,Technology,PAGS
2019Q4,2019,Q4,2020-02-27,2019-12-31,391642000.0,1013013000.0,-39741000.0,1.18,237360000.0,0.23431091210083188,14582248000.0,7992564000.0,13548396000.0,5893063000.0,6567300000.0,61936000.0,2274864000.0,45376796197.78072,43972841197.78072,24.175697148625716,2.2990414322738446,0.0,0.0,-0.0036501152009924954,24.175697148625716,0.04900079624010518,44.79389326472683,28.96573669178786,5.677376646315341,0.0,12.523459700335831,0.0,0.0694689186468369,2.2885314479074803,0.026857450236753618,95.0829073322117,0.23431091210083188,0.1398763523956724,7.081002222532924,2.1319911227750086,9.115479847824417,0.1301135065132932,0.14433896383563724,0.554018112648554,7.081002222532924,2.1319911227750086,9.115479847824417,Software—Infrastructure,Technology,PAGS
2019Q3,2019,Q3,2019-10-15,2019-09-30,342243000.0,894294000.0,-89109000.0,1.0352,210032000.0,0.23485788789816325,12984886000.0,7581313000.0,12186371000.0,4888228000.0,5379972000.0,59085000.0,0.0,61605446874.675224,61291364874.675224,23.670305028353706,2.4930038042415372,0.0,0.0,-0.008601786490305505,23.670305028353706,0.045142971936391496,68.88724163941077,45.0012468295007,8.125960090907107,0.0,11.580976559194381,0.0,0.06887191770493788,2.480916602089755,0.02635702770128286,-14340.187819989578,0.23485788789816325,0.055787863335033,0.8969193991223805,0.5857447003242207,8.158412696271979,0.17995505617977528,0.06140620202640467,-0.40273907910271545,0.8969193991223805,0.5857447003242207,8.158412696271979,Software—Infrastructure,Technology,PAGS
2019Q2,2019,Q2,2019-08-15,2019-06-30,322443000.0,862400000.0,-63525000.0,0.9805,178000000.0,0.20640074211502782,12690422000.0,7194576000.0,12096074000.0,5098486000.0,5472911000.0,78494000.0,0.0,47356989472.48269,47102222472.48269,22.47503905326745,2.372483517656026,0.0,0.0,-0.006181272260019051,22.47503905326745,0.044817512526103,54.91302118794375,36.71733412764635,6.582318328763598,0.0,8.719137768491859,0.0,0.06795676298235,2.3570881630350655,0.02540837491456155,-126.07551560199212,0.20640074211502782,0.01627280265339972,2.215247011323371,0.8496007754456615,0.0,0.09336609336609336,0.04114627058443655,-4.314120796386147,2.215247011323371,0.8496007754456615,0.0,Software—Infrastructure,Technology,PAGS
2019Q1,2019,Q1,2019-04-16,2019-03-31,309700000.0,780600000.0,-11954000.0,0.9648,162800000.0,0.20855751985652063,11893833000.0,6863766000.0,11386136000.0,4770832000.0,5008210000.0,50443000.0,0.0,37328188710.93276,36495291710.93276,21.449913655060236,2.38661432639003,0.0,0.0,-0.001200214639362257,21.449913655060236,0.045121002085444055,47.819867679903616,30.132538513830127,5.43844133248901,0.0,12.24748726285114,0.0,0.06563065077506973,2.3760411181948977,0.026038704259594026,-119.98736330301979,0.20855751985652063,0.014831177027453457,3.1872795832756595,1.071596493834901,0.0,0.16196077311788049,0.029396123062195866,0.6263557653236645,3.1872795832756595,1.071596493834901,0.0,Software—Infrastructure,Technology,PAGS
2018Q4,2018,Q4,2019-02-21,2018-12-31,300856000.0,806651000.0,-31993000.0,0.9507,140108000.0,0.1736909766429348,11417278000.0,6550570000.0,11042081000.0,4710775000.0,4842902000.0,88551000.0,0.0,23084210684.688797,20321160684.688797,20.622132147829927,2.344005179614819,0.0,0.0,-0.003509767488441141,20.622132147829927,0.04592821693379355,28.61734589641468,19.182109285412956,3.5240003060327267,0.0,7.527221601111224,0.0,0.07065177882153698,2.3252076356862723,0.026350939339481794,69.05465236573383,0.1736909766429348,0.2899592944369064,5.460947813393676,1.595689676411813,7.6286141358452575,-0.01975764699297568,0.2977328410228096,0.7139855888716051,5.460947813393676,1.595689676411813,7.6286141358452575,Software—Infrastructure,Technology,PAGS
2018Q3,2018,Q3,2018-10-30,2018-09-30,231832000.0,693573000.0,-111858000.0,0.737,142932000.0,0.20608068653191516,10362360000.0,6257675000.0,10090532000.0,4046635000.0,4080830000.0,72586000.0,0.0,35377071181.23747,32907012181.237473,19.979732768274506,2.493561193436028,0.0,0.0,-0.012913429870499305,19.979732768274506,0.03704762551586652,51.00699015278489,38.14946942315715,5.653389027272504,0.0,7.586049651447937,0.0,0.06693195372482716,2.475623820779487,0.02237250973716412,-85.61709962279247,0.20608068653191516,-0.002166260492824324,0.31402893858077924,0.2576574676846793,6.730472337973633,0.1724867724867725,0.020531060712776446,-0.3695835833139471,0.31402893858077924,0.2576574676846793,6.730472337973633,Software—Infrastructure,Technology,PAGS
2018Q2,2018,Q2,2018-06-30,2018-06-30,227168000.0,604658000.0,-81673000.0,0.7386,121905000.0,0.20160983564262774,9417172000.0,5945681000.0,9175335000.0,3448103000.0,3448103000.0,54355000.0,375546000.0,32802778553.582253,29889296553.582253,19.412658075624634,2.6609805449547186,0.0,0.0,-0.009996960525215329,19.412658075624634,0.038207229752151184,54.250135702466935,36.09969114662084,5.517076774482562,0.0,8.881482844264557,0.0,0.06420802338536452,2.6452168047184204,0.0241227408822946,-36.727065502527296,0.20160983564262774,0.48641577782249956,1.3675365629664324,0.35539913581285115,0.0,0.3240181597011035,0.5310086400948928,0.612126364180352,1.3675365629664324,0.35539913581285115,0.0,Software—Infrastructure,Technology,PAGS
2018Q1,2018,Q1,2018-03-31,2018-03-31,148378000.0,536834000.0,-210566000.0,0.4969,92072000.0,0.17150925612014142,7795292000.0,4453484000.0,7528063000.0,3251720000.0,3318570000.0,61602000.0,148378000.0,37654845535.852356,35109456535.852356,14.971966182713448,2.315101853788149,0.0,0.0,-0.04306242681231503,14.971966182713448,0.033317285972061426,70.14243795261171,63.44411829222048,8.455143329548813,0.0,7.219927924418038,0.0,0.06886643887105191,3.072575744529049,0.019034309426766823,-36.04210548387106,0.17150925612014142,-0.31020520149940195,1.15812268094212,0.5326129682964523,0.0,-0.3303172686673552,-0.21469022239629093,-7.929476420837858,1.15812268094212,0.5326129682964523,0.0,Software—Infrastructure,Technology,PAGS
2017Q4,2017,Q4,2017-12-31,2017-12-31,188942000.0,543451000.0,30387000.0,0.7203591576510985,137486000.0,0.25298692982439996,4235757000.0,866895000.0,4027953000.0,3318967000.0,3365366000.0,61609000.0,0.0,25357611388.35596,25290844388.35596,3.3051187770424204,1.2136164656051114,0.0,0.0,0.02445617818684537,3.3051187770424204,0.21795257787852046,46.660345437502116,33.55211042059992,29.25107583773809,0.0,6.5893781752666,0.0,0.1283007972364798,1.1950537622097477,0.04460643044442823,100.06871054039021,0.25298692982439996,0.2849788755816955,3.9139661898569575,1.1178421393108502,0.3829120284847382,0.2135972035873173,0.27880391745460203,1.2996064779779022,3.9139661898569575,1.1178421393108502,0.3829120284847382,Software—Infrastructure,Technology,PAGS
2017Q3,2017,Q3,2017-09-30,2017-09-30,147749000.0,461834000.0,13214000.0,0.5606,113288000.0,0.24530025940056385,3264133000.0,677896000.0,3108841000.0,2543944000.0,2585702000.0,66306000.0,147042000.0,24361963836.18396,24320152836.18396,2.5845423015266538,1.2220555955634242,0.0,0.0,0.013383830472426663,2.5845423015266538,0.2179523112689852,52.75047708956889,41.22187601300848,35.93761260751496,0.0,5.256628359424487,0.0,0.14148749453530232,1.1959913425767235,0.0452643933320119,294.60020359373556,0.24530025940056385,0.7894478120281793,0.0,0.0,0.0,1.0574998637874358,0.7980893270049897,1.399504172209457,0.0,0.0,0.0,Software—Infrastructure,Technology,PAGS
2017Q2,2017,Q2,2017-06-30,2017-06-30,82170000.0,382037000.0,-33076000.0,0.313281,55061000.0,0.14412478372513657,,,,,,,,25294809004.29588,,,0.0,0.0,0.0,0.0,,0.0,66.21036445238519,76.95877146250419,0.0,0.0,0.0,0.0,0.0,0.0,0.0,-1545.0042147749743,0.14412478372513657,0.3553792306793746,0.0,0.0,0.0,-0.16536304380779143,0.3553814432989691,0.12162736350116847,0.0,0.0,0.0,Software—Infrastructure,Technology,PAGS
2017Q1,2017,Q1,2017-03-31,2017-03-31,60625000.0,308863000.0,-37656000.0,0.231139,65970000.0,0.21358984404088543,,,,,,,,24107690769.01388,,,0.0,0.0,0.0,0.0,,0.0,78.05302276094541,99.41315781036653,0.0,0.0,0.0,0.0,0.0,0.0,0.0,915.1112499625676,0.21358984404088543,0.5767263025584657,0.0,0.0,0.0,-0.03087906922082501,0.5767230169050716,0.32545141874462596,0.0,0.0,0.0,Software—Infrastructure,Technology,PAGS
2016Q4,2016,Q4,2016-12-31,2016-12-31,38450000.0,256606000.0,-55824000.0,0.14659424379801597,68072000.0,0.26527828655604313,2370403000.0,626862000.0,2270752000.0,1719163000.0,1743541000.0,21023000.0,0.0,24908804107.14612,25034039107.14612,2.3899703733605175,1.3208474123745102,0.0865692458202255,0.3273511554377199,-0.0658223183966731,2.3899703733605175,0.061337264023022614,97.07023260230126,161.9558134404819,39.73570595624893,0.0,8.967987442325073,0.0,0.10825416606374527,1.308618787165615,0.01622087045958008,126.2432547445928,0.26527828655604313,0.0,0.0,0.0,0.0,0.0,0.0,0.0,0.0,0.0,0.0,Software—Infrastructure,Technology,PAGS
