Quarters,Year,Quarter,FillingDate,Date,NetIncome,Revenue,OperatingIncome,EPSDiluted,GrossProfit,GrossProfitRatio,TotalAssets,CommonStockEquity,CurrentAssets,CurrentLiability,TotalLiability,Inventory,RetainedEarnings,MarketCap,EnterpriseValue,bookValuePerShare,currentRatio,debtToAssets,debtToEquity,roic,shareholdersEquityPerShare,roe,priceToSalesRatio,peRatio,pbRatio,payoutRatio,inventoryTurnover,dividendYield,assetTurnover,quickRatio,returnOnAssets,priceToFreeCashFlowsRatio,grossProfitMargin,epsdilutedGrowth,fiveYNetIncomeGrowthPerShare,fiveYRevenueGrowthPerShare,fiveYShareholdersEquityGrowthPerShare,grossProfitGrowth,netIncomeGrowth,operatingIncomeGrowth,threeYNetIncomeGrowthPerShare,threeYRevenueGrowthPerShare,threeYShareholdersEquityGrowthPerShare,Industry,Sector,Symbol
2023Q1,2023,Q1,2023-05-10,2023-03-31,-21820000.0,3792000.0,-21318000.0,-0.12,-2482000.0,-0.654535865,572856000.0,539471000.0,261370000.0,12583000.0,33385000.0,0.0,-38248000.0,532572125.60999995,532550125.60999995,3.048991173054946,20.771676070889296,0.017222478249333165,0.018288286117326046,-0.04341917253258442,3.048991173054946,-0.040447030516932325,140.44623565664557,-6.101880449243813,0.9872117789649489,0.0,0.0,0.0,0.006619464577485442,20.43638242072638,-0.03808985155082604,-16.99499395634553,-0.6545358649789029,-43.44444444444444,-1.0553262545050919,0.6824823943055733,-0.044034192535208176,-1.7837069782128196,-44.553235908141964,-0.21740620181600137,-1.0553262545050919,0.6824823943055733,-0.044034192535208176,Electrical Equipment & Parts,Industrials,SLDP
2022Q4,2022,Q4,2023-03-01,2022-12-31,-479000.0,4198000.0,-17511000.0,-0.0027,3167000.0,0.7544068604,594446000.0,555372000.0,327808000.0,20733000.0,39074000.0,0.0,-19090000.0,442910940.44,402840940.44,3.1849402469007115,15.81092943616457,0.016911544530537677,0.01810138069618202,-0.02295351988088032,3.1849402469007115,-0.0008624849650324467,105.50522640304906,-231.16437392484343,0.7975031878452641,0.0,0.0,0.0,0.0070620375946679765,15.671634592196016,-0.0008057922839080421,-31.84347835502193,0.7544068604097189,0.9618644067796611,0.0,0.0,0.0,5.332421340629275,0.9613678522461488,-0.12257195974100904,0.0,0.0,0.0,Electrical Equipment & Parts,Industrials,SLDP
2022Q3,2022,Q3,2022-11-09,2022-09-30,-12399000.0,2813000.0,-15599000.0,-0.0708,-731000.0,-0.2598649129,597779000.0,552951000.0,374284000.0,15154000.0,44828000.0,2438255.0,-18611000.0,920636675.8399999,831563675.8399999,3.1592509144242262,24.698693414280058,0.014431754879311585,0.015601744096674027,-0.027173978633850633,3.1592509144242262,-0.022423325032416976,327.2793017561322,-18.562720296798126,1.6649516428037927,0.0,1.4534985061037504,0.0,0.004705752460357423,24.537415863798337,-0.020741779152496156,-37.476051283888296,-0.2598649129043726,-1.8849999999999998,0.0,0.0,0.0,-0.8049382716049382,-1.9072217750786566,-0.061445291235710395,0.0,0.0,0.0,Electrical Equipment & Parts,Industrials,SLDP
2022Q2,2022,Q2,2022-08-10,2022-06-30,13667000.0,2582000.0,-14696000.0,0.08,-405000.0,-0.156855151,608076000.0,564970000.0,489192000.0,13565000.0,43106000.0,2859105.0,-6212000.0,936809877.4,643449877.4,3.24456292928493,36.06280869885735,0.013555871305560489,0.01459015522948121,-0.02521059795217425,3.24456292928493,0.024190664991061473,362.823345236251,17.13634809029048,1.658158623289732,0.0,1.0447325299350672,0.0,0.004246179753846559,35.8516771102101,0.022475808944934516,-32.14638245144465,-0.156855151045701,2.3333333333333335,5.113642151958074,4.738049532881216,0.0,-3.4397590361445785,2.321249033255994,-0.29915134370579916,5.113642151958074,4.738049532881216,0.0,Electrical Equipment & Parts,Industrials,SLDP
2022Q1,2022,Q1,2022-05-11,2022-03-31,-10344000.0,2196000.0,-11312000.0,-0.06,166000.0,0.0755919854,613491000.0,549845000.0,557873000.0,6477000.0,63646000.0,-1639000.0,-19879000.0,1494670866.39,1052711866.3900001,3.1894353848709596,86.13138798826617,0.013767113127983947,0.015360692558812028,-0.019918826502694238,3.1894353848709596,-0.018812574452800334,680.6333635655739,-36.12410253262761,2.7183494737426,0.0,-1.2385600976205002,0.0,0.0035795146139063166,85.68071638104061,-0.016860883044739042,-59.78444327786889,0.075591985428051,0.0,0.0,0.0,0.0,0.0,0.0,0.0,0.0,0.0,0.0,Electrical Equipment & Parts,Industrials,SLDP
2021Q2,2021,Q2,2021-08-16,2021-06-30,-9273000.0,561000.0,-6049000.0,-0.05534203478260911,21000.0,0.0374331550802139,132523000.0,127033000.0,121021000.0,4120000.0,5490000.0,0.0,-336331000.0,1737576335.56,1619350335.56,0.7581435031315845,29.374029126213593,0.015906672803966106,0.016594113340628026,-0.04690096894441173,0.7581435031315845,-0.07299678036415734,3097.2840206060605,-46.84504301628383,13.678149264836694,,0.0,,0.004233227439765173,29.300970873786408,-0.0699727594455302,0.0,0.0374331550802139,0.0,-1.900531748514232,0.2956120092378752,0.0,0.0,0.0,0.0,-1.900531748514232,0.2956120092378752,0.0,Electrical Equipment & Parts,Industrials,SLDP
2020Q2,2020,Q2,2020-06-30,2020-06-30,-3197000.0,433000.0,-3085000.0,-0.01908,87000.0,0.20092378752886836,,,,,,,,1675579880.0,,,0.0,0.0,0.0,0.0,,0.0,3869.699491916859,-131.0275164216453,0.0,,0.0,,0.0,0.0,0.0,0.0,0.20092378752886836,0.0,0.0,0.0,0.0,0.0,0.0,0.0,0.0,0.0,0.0,Electrical Equipment & Parts,Industrials,SLDP
2021Q4,2021,Q4,2022-03-23,2021-12-31,,,,,,,617680000.0,558665000.0,594377000.0,8366000.0,59015000.0,0.0,-9535000.0,0.0,-513317000.0,0.0,71.04673679177624,0.00021046496567802097,0.00023269759157992716,,0.0,,0.0,0.0,0.0,0.0,0.0,,,70.44370069328234,,0.0,0.0,0.0,0.0,0.0,0.0,0.0,0.0,0.0,0.0,0.0,0.0,Electrical Equipment & Parts,Industrials,SLDP
