Year,Date,FillingDate,NetIncome,Revenue,OperatingIncome,EPSDiluted,GrossProfit,GrossProfitRatio,TotalAssets,CommonStockEquity,CurrentAssets,CurrentLiability,TotalLiability,Inventory,RetainedEarnings,EnterpriseValue,bookValuePerShare,currentRatio,debtToAssets,debtToEquity,roic,shareholdersEquityPerShare,roe,priceToSalesRatio,peRatio,pbRatio,payoutRatio,inventoryTurnover,dividendYield,assetTurnover,quickRatio,returnOnAssets,priceToFreeCashFlowsRatio,grossProfitMargin,epsdilutedGrowth,fiveYNetIncomeGrowthPerShare,fiveYRevenueGrowthPerShare,fiveYShareholdersEquityGrowthPerShare,grossProfitGrowth,netIncomeGrowth,operatingIncomeGrowth,threeYNetIncomeGrowthPerShare,threeYRevenueGrowthPerShare,threeYShareholdersEquityGrowthPerShare,Industry,Sector,Price,MarketCap,AvgVolume,Symbol
2022,2022-12-31,2023-03-01,465237000.0,2288032000.0,661187000.0,1.77,1072388000.0,0.4686944938,15719107000.0,5377386000.0,658159000.0,1021869000.0,10341721000.0,199735000.0,1534331000.0,19304516580.0,20.50512114579441,0.6440737511363981,0.43252539727606665,1.264352791486421,0.05585395629643371,20.50512114579441,0.08651731529036599,5.470640961315226,26.90457031577454,2.3277111927616874,0.6203977757573022,6.086284326732921,0.023059196577971515,0.14555737803680577,0.37991758239069784,0.02959691030794561,-27.06630363471631,0.46869449378330375,0.05988023952095814,0.314319043807057,0.9142350359971775,0.8603987068726971,0.0861803176738222,0.07790561893552543,0.09702526426517606,0.7029969900345037,1.1137886575108076,0.13889160211292972,Utilities—Regulated Water,Utilities,39.425,10423181500,1033308,WTRG
2021,2021-12-31,2022-03-01,431612000.0,1878144000.0,602709000.0,1.67,987302000.0,0.5256796071,14658278000.0,5184450000.0,437795000.0,675063000.0,9473828000.0,109560000.0,1434201000.0,19790560030.0,20.13480292208927,0.6485246562172716,0.40773206784589566,1.1528030938672376,0.054993211394825575,20.13480292208927,0.08325126098236071,7.360711974161726,32.029871806159235,2.6665272169661196,0.5992650806743093,8.131087988316905,0.018709568502209017,0.1281285564375297,0.4021669088662836,0.029444932071829993,-36.78287843231162,0.5256796071014789,0.4910714285714284,0.26889967782980834,0.5771337674082722,0.9293112028355344,0.2849772627293575,0.5152308767101166,0.38653878891889776,0.5532802918567674,0.5483463543199486,0.7826844608798454,Utilities—Regulated Water,Utilities,39.425,10423181500,1033308,WTRG
2020,2020-12-31,2021-03-01,284849000.0,1462698000.0,434686000.0,1.12,768342000.0,0.525290935,13705277000.0,4683877000.0,380220000.0,603873000.0,9021400000.0,58401000.0,1261862000.0,17476996720.0,18.75291070113065,0.6296357015465173,0.41373078413519115,1.210598613072034,0.044889941319651384,18.75291070113065,0.06081479082392642,8.075165700643606,41.46593008927537,2.5217418646988383,0.8164711829776478,11.889453947706375,0.019690169284031507,0.10672516870691486,0.4605935353956875,0.020783892219033588,-36.052746552387234,0.5252909349708552,0.07692307692307698,-0.0008491890187161611,0.2715616532444538,0.9208714009441201,0.38044521101708617,0.2685721665783391,0.27789063349786425,-0.15508439827888942,0.28487213491706537,0.7014232966693842,Utilities—Regulated Water,Utilities,39.425,10423181500,1033308,WTRG
2019,2019-12-31,2020-02-28,224543000.0,889692000.0,340159000.0,1.04,556590000.0,0.6255985217,9361985000.0,3880860000.0,2012738000.0,318849000.0,5481125000.0,18379000.0,1210072000.0,11323096784.45,18.0044537230341,6.312511565035487,0.32836006466577333,0.7921187571826863,0.05183181515460185,18.0044537230341,0.05785908278062079,11.372381435878934,45.06004099192582,2.607132641850002,0.839536302623551,18.124054627564067,0.0186315033040912,0.09503241032751067,6.19899074483533,0.023984550285009003,-47.782369702243216,0.6255985217356119,-0.03703703703703707,-0.21006789390643482,-0.06396840066680991,0.9236736454442994,0.05093719376223771,0.1695678896597704,0.052543799392285366,-0.21142940766107202,-0.10754442115743373,0.725181736478564,Utilities—Regulated Water,Utilities,39.425,10423181500,1033308,WTRG
2018,2018-12-31,2019-02-26,191988000.0,838091000.0,323178000.0,1.08,529613000.0,0.6319277978,6964496000.0,2009364000.0,147172000.0,398977000.0,4955132000.0,15844000.0,1174245000.0,8646318582.096,11.294653296159726,0.368873393704399,0.36864232530250574,1.277721706967976,0.07602544582912442,11.294653296159726,0.09554665058197519,7.257609951778506,31.681863356543115,3.0270959279135092,0.7851324041085901,19.469704620045444,0.024781762211168686,0.12033763821531379,0.26280211641272555,0.027566675320080593,-47.81305335138152,0.6319277978167048,-0.2,-0.14105580361034484,0.07954010144311803,0.2961915981754221,0.013964646126217886,-0.19917576687884272,-0.01759750978061629,-0.054543582842543833,0.022880772496563718,0.15691781643605812,Utilities—Regulated Water,Utilities,39.425,10423181500,1033308,WTRG
2017,2017-12-31,2018-02-28,239738000.0,809525000.0,328967000.0,1.35,522319000.0,0.6452166394,6332463000.0,1957621000.0,131246000.0,284488000.0,4374842000.0,14361000.0,1132556000.0,9110315760.0,11.021896043060154,0.46134107589775314,0.3390151667684438,1.0966377046425226,0.0748673657552174,11.021896043060154,0.1224639498656788,8.607169340045086,29.063889579457573,3.5592787163603163,0.5867238401922098,19.99902513752524,0.020187381960290258,0.12783730437903862,0.3613509181406597,0.03785857098572862,-72.00213659050748,0.645216639387295,0.022727272727272745,0.19622828848236598,0.04779796654105699,0.3855975504661404,0.014254977882550323,0.02372513685936579,0.010387456424589585,0.023535347332638745,0.03361026234247414,0.17762700646318683,Utilities—Regulated Water,Utilities,39.425,10423181500,1033308,WTRG
2016,2016-12-31,2017-02-24,234182000.0,819875000.0,325585000.0,1.32,514978000.0,0.6281177009,6158991000.0,1850068000.0,128650000.0,301536000.0,4308923000.0,12961000.0,1032844000.0,7216329097.273,10.436264969848764,0.42664889101135517,0.30764958091349703,1.0241845164610166,0.07979350012092037,10.436264969848764,0.1265802121867953,6.495235367919499,22.739924918537717,2.8784245213002984,0.559065171533252,23.524187948460767,0.024585181065285695,0.13311839552939758,0.33547238140719515,0.038022786524610934,416.297771831848,0.628117700869035,0.15789473684210542,0.5948757768957186,0.1220530288679185,0.44059076951933884,0.019972509081114056,0.16052331631894542,0.013967611336032389,0.05144726203937745,0.05983526252084746,0.19768164772705937,Utilities—Regulated Water,Utilities,39.425,10423181500,1033308,WTRG
2015,2015-12-31,2016-02-26,201790000.0,814204000.0,321100000.0,1.14,504894000.0,0.6201074915,5741038000.0,1725930000.0,128370000.0,193199000.0,4015108000.0,12414000.0,930061000.0,7060979223.212,9.762710138697196,0.6644444329421995,0.3128225244285093,1.040555526585667,0.08487997396317387,9.762710138697196,0.11691667680612772,6.4704695914193495,26.107746782357896,3.052430992689159,0.6008622825709896,24.91622361849525,0.023014712360279885,0.14182174024975971,0.529894047070637,0.03514869610687127,862.9454911076167,0.6201074914886195,-0.12977099236641232,0.5760806890365742,0.08584157754824959,0.42322660607745805,0.02757114625712582,-0.13483594081607278,0.0214436360975827,0.011570959109020071,0.05876612966131054,0.22730129201382465,Utilities—Regulated Water,Utilities,39.425,10423181500,1033308,WTRG
2014,2014-12-31,2015-02-27,233239000.0,779903000.0,314359000.0,1.31,491347000.0,0.6300103987,5406752000.0,1655343000.0,152522000.0,225335000.0,3751369000.0,12788000.0,849952000.0,6355798976.864,9.359411751402208,0.6768677746466373,0.3028931232651322,0.9893224546211873,0.0853937310903087,9.359411751402208,0.14090070758749093,6.054943982602965,20.246480978155454,2.8527434959787787,0.4806486050789105,22.564591804817017,0.023739859069706822,0.14424612040648432,0.4488295204917123,0.04313846834476595,134.22019091220193,0.6300103987290727,0.04800000000000004,1.1454467388955372,0.11644685393494199,0.4328989101270739,0.016643803162819184,0.05394938996836873,0.029868104651391354,0.5921268757048054,0.06981696567053663,0.2919451754199987,Utilities—Regulated Water,Utilities,39.425,10423181500,1033308,WTRG
2013,2013-12-31,2014-03-03,221300000.0,768643000.0,305242000.0,1.25,483303000.0,0.6287743465,5051817000.0,1534835000.0,171669000.0,266910000.0,3516774000.0,11438000.0,729272000.0,5741695600.0,8.713722039286932,0.6431718556816904,0.3150571368677844,1.0369915984454354,0.08790261289576841,8.713722039286932,0.14418487980792724,5.405815963978076,18.776062358788973,2.707224294468135,0.4649299593312246,24.946668998076586,0.02476184571860422,0.152151790138083,0.40570604323554754,0.04380602068523068,69.66105485515021,0.6287743464781439,0.11607142857142846,1.1540381002716131,0.16845241765555566,0.382061882845598,-0.005379519547577055,0.12584769259728434,-0.05061940737192746,0.7348223640963886,0.02885151757372121,0.27030310928924517,Utilities—Regulated Water,Utilities,39.425,10423181500,1033308,WTRG
2012,2012-12-31,2013-02-28,196563000.0,757760000.0,321517000.0,1.12,485917000.0,0.6412544869,4858517000.0,1385704000.0,260894000.0,274164000.0,3472625000.0,11757000.0,611303000.0,5206410620.0,7.954615710277625,0.951598313418246,0.34359764512504537,1.2047125504436733,0.07719448362680366,7.954615710277625,0.14185064054083701,4.675037769214526,18.022499758347195,2.55650313486863,0.47528273378000946,23.12179977885515,0.026371632134986174,0.15596528735002882,0.4177207802629083,0.04045740706474836,173.46766330427968,0.6412544869087838,0.3658536585365856,0.9715907532821381,0.19861014330950788,0.35266631057424636,-0.31749012579429065,0.37390350110785703,0.12493264756306638,0.8357203171186265,0.1013296097496368,0.2178286931364954,Utilities—Regulated Water,Utilities,39.425,10423181500,1033308,WTRG
2011,2011-12-31,2012-02-27,143069000.0,711956000.0,285810000.0,0.82,711956000.0,1.0,4348420000.0,1251313000.0,320453000.0,425673000.0,3096603000.0,11186000.0,508334000.0,4622365927.2725,7.244434152060326,0.7528149542019343,0.36419136146002457,1.2655962177328934,0.06761225769088636,7.244434152060326,0.11433510240843019,4.279636560788167,21.29680732564357,2.434972646550064,0.6090278117551671,0.0,0.028597141460815788,0.16372751482147538,0.20969147679087,0.03290137567208319,84.02495524991727,1.0,0.13888888888888887,0.47111291627519714,0.262505368104046,0.2844480085935871,-0.019441598078427484,0.1540149223633797,0.05047854276011115,0.42008393109300957,0.10366180826456112,0.14902176810390644,Utilities—Regulated Water,Utilities,39.425,10423181500,1033308,WTRG
2010,2010-12-31,2011-02-25,123975000.0,726072000.0,272076000.0,0.72,726072000.0,1.0,4072466000.0,1174254000.0,145419000.0,223715000.0,2897640000.0,9158000.0,452470000.0,4722713868.815001,6.8595612933376175,0.6500189973850659,0.4051739167374264,1.4051959797454383,0.058524107209976896,6.8595612933376175,0.10557766888594801,4.2400627882840825,24.83235223887881,2.6217418623355764,0.6526073805202662,0.0,0.026280530102118577,0.17828804463929226,0.5606016583599669,0.030442243102827622,-43.11208487466566,1.0,0.16129032258064513,0.26485241167502127,0.3592753966388392,0.3450492912576875,0.08281844903875837,0.18803484327235442,0.14578095587027656,0.26541995161886417,0.1687228124658968,0.1664545220994798,Utilities—Regulated Water,Utilities,39.425,10423181500,1033308,WTRG
2009,2009-12-31,2010-02-26,104353000.0,670539000.0,237459000.0,0.62,670539000.0,1.0,3762597000.0,1108904000.0,121571000.0,201007000.0,2653133000.0,9519000.0,409402000.0,3829890160.0,6.531801849561171,0.6048097827438845,0.39164996942271524,1.3288986242271648,0.05572223177101133,6.531801849561171,0.0941046294359115,3.546606774550026,22.789360727530592,2.1445843463455807,0.7161174091784616,0.0,0.031423321511312025,0.17821175108575274,0.5005348072455188,0.027734301600729497,-83.8346726830472,1.0,0.06896551724137938,0.19395721298526397,0.38859393933592923,0.3562274290577519,0.06948795161506414,0.06571825404930656,0.059129713383466696,0.09170662162602271,0.20977515166748814,0.1580973340492987,Utilities—Regulated Water,Utilities,39.425,10423181500,1033308,WTRG
2008,2008-12-31,2009-02-27,97918000.0,626972000.0,224202000.0,0.58,626972000.0,1.0,3485022000.0,1058446000.0,121041000.0,193171000.0,2424395000.0,9822000.0,379778000.0,4005735180.0,6.304871111375855,0.626600266085489,0.36022756814734597,1.186079403200541,0.0583859925941979,6.304871111375855,0.09251109645650321,4.410528986940406,28.24075430462224,2.612583145479316,0.6996057926019731,0.0,0.024772914528259138,0.17990474665583173,0.5149168353427792,0.02809680971884826,-60.229965586339084,1.0,0.017543859649122823,0.21026659345982904,0.4961997166917317,0.4094447601195438,0.04061915455461337,0.030563916896457363,0.05495901600775449,0.018688690222512638,0.19687591338849766,0.23628349644805352,Utilities—Regulated Water,Utilities,39.425,10423181500,1033308,WTRG
TTM,,,,,,,,,,,,,,,,17108731500.0,20.87853530765504,0.63460834621791,0.4239212439593569,1.2156942549432173,0.05735693900481979,20.87853530765504,0.08476878472617742,4.502051652400843,22.77691555779092,1.8883029589506197,0.6486381876031884,12.925646720260252,0.02911857958148383,0.14636288199983488,0.4374095901086288,0.02890930017234506,-24.136618570260815,0.46455759679372083,,,,,,,,,,,Utilities—Regulated Water,Utilities,39.425,10423181500,1033308,WTRG
