Quarters,Year,Quarter,FillingDate,Date,NetIncome,Revenue,OperatingIncome,EPSDiluted,GrossProfit,GrossProfitRatio,TotalAssets,CommonStockEquity,CurrentAssets,CurrentLiability,TotalLiability,Inventory,RetainedEarnings,MarketCap,EnterpriseValue,bookValuePerShare,currentRatio,debtToAssets,debtToEquity,roic,shareholdersEquityPerShare,roe,priceToSalesRatio,peRatio,pbRatio,payoutRatio,inventoryTurnover,dividendYield,assetTurnover,quickRatio,returnOnAssets,priceToFreeCashFlowsRatio,grossProfitMargin,epsdilutedGrowth,fiveYNetIncomeGrowthPerShare,fiveYRevenueGrowthPerShare,fiveYShareholdersEquityGrowthPerShare,grossProfitGrowth,netIncomeGrowth,operatingIncomeGrowth,threeYNetIncomeGrowthPerShare,threeYRevenueGrowthPerShare,threeYShareholdersEquityGrowthPerShare,Industry,Sector,Symbol
2023Q1,2023,Q1,2023-02-24,2023-03-31,51050227.0,41936617.0,29689851.0,7.28,25822703.0,0.6157555103,361053079.0,191803525.0,44994709.0,68520685.0,169249554.0,2536646.0,-67380387.0,129536922.63000001,219830565.63,27.4075003147232,0.656658773916227,0.3326884715474203,0.6262564621792014,0.16898673867673195,27.4075003147232,0.2661589613642398,3.0888739220428776,0.6343601695933694,0.6753625754792568,0.06846901973619039,6.352448863578126,0.02698349574031408,0.11615083609354845,0.5984673825137621,0.14139258178158343,-8.606232433590616,0.6157555102739928,1.5454545454545454,4.142760824332577,-0.3548741183262071,-0.518002657106187,0.15034469308256365,1.5103847097056646,0.3834935759956276,19.7872071081507,1.165503256572371,4.105873703646193,Marine Shipping,Industrials,ESEA
2022Q4,2022,Q4,2022-12-31,2022-12-31,20335619.0,42885913.0,21460057.0,2.86,22447796.0,0.523430526,328590425.0,168155197.0,46867161.0,73689704.0,160435228.0,2306177.0,-92597511.0,130658767.19999999,212045335.2,23.74477772242443,0.6360069108161976,0.32633909219965856,0.6376960267246453,0.07361798884847909,23.74477772242443,0.12093363370743754,3.046659335432593,1.6062796908222954,0.7770129590463981,0.17626067836931839,8.862336672336946,0.02743306152975856,0.1305147981716144,0.4337885656319097,0.0618874363122419,15.683925373291988,0.5234305260097879,-0.18285714285714288,1.0410267062892198,-0.3789415913470001,-0.5992297848082885,-0.16651684155875093,-0.1937719540295506,-0.13101641977772222,19.90072629469058,1.2921029652555065,3.254319580623601,Marine Shipping,Industrials,ESEA
2022Q3,2022,Q3,2022-09-30,2022-09-30,25223160.0,45955184.0,24695584.0,3.5,26932513.0,0.5860603887,321696463.0,153246273.0,33930386.0,54543652.0,168450190.0,2402628.0,-109325330.0,149820512.88,237289856.88,21.285836497464807,0.6220776342588868,0.3570589615093157,0.7495425679944595,0.0940361884346645,21.285836497464807,0.1645923225813133,3.2601439019371568,1.4849498722602559,0.97764539356856,0.14292899858701288,7.9174433162353886,0.024062933243911348,0.14285262440078492,0.5266394703456967,0.07840670601342607,8.199751035350483,0.586060388747437,-0.17840375586854457,2.007207463093863,-0.20029358452624724,-0.3467623806806671,-0.20855207666049191,-0.17973041942784618,-0.22531187400201858,74.16449188536991,1.0352054908789354,2.143571143672852,Marine Shipping,Industrials,ESEA
2022Q2,2022,Q2,2022-06-30,2022-06-30,30749842.0,48479609.0,31878098.0,4.26,34029419.0,0.7019326208,288529918.0,133980635.0,10716808.0,47054094.0,154549283.0,2425346.0,-130932100.0,172066807.2,271549106.2,18.609848282812795,0.22775505995291292,0.36195578165311787,0.7794788552838252,0.12880210389007016,18.609848282812795,0.22950960039859492,3.549261447220005,1.3989243196761791,1.2842662463870242,0.1175741976170154,5.957991148479433,0.021011536500457596,0.1680228148818869,0.13698771885821454,0.10657418895464421,-5.254742860660946,0.7019326207849572,-0.0116009280742459,6.7022461058673715,-0.06988830309518515,-0.4900233054136071,0.09378630380669525,-0.01651215806710607,0.1143665201671999,9.789235565766571,0.28526906443227845,2.0848509346789776,Marine Shipping,Industrials,ESEA
2022Q1,2022,Q1,2022-03-31,2022-03-31,31266113.0,45373538.0,28606475.0,4.31,31111579.0,0.6856767264,241756459.0,107007749.0,54433007.0,41322917.0,134748710.0,1874795.0,-158034879.0,209580727.82,271666263.82,14.817034506374394,1.3172595487390206,0.4601202237165461,1.0395231844377923,0.136897755753169,14.817034506374394,0.2921855033134096,4.619007841530894,1.6757817626706588,1.9585565510774363,0.0,7.6072098549441405,0.0,0.1876828366351941,1.2477658099499607,0.1293289665530715,7.095818090508372,0.6856767263773876,0.42715231788079455,3.7182823550724224,0.04174779216808076,-0.6079868622783452,0.1868916964220179,0.4276613989898736,0.2197085096003016,417.5425740176499,0.16227029432863033,5.805568665819238,Marine Shipping,Industrials,ESEA
2021Q4,2021,Q4,2021-12-31,2021-12-31,21900230.0,38254138.0,23453534.0,3.02,26212652.0,0.6852239619,221508012.0,76770460.0,32805065.0,37145123.0,144737552.0,2185740.0,-188057404.0,179612708.06,271120764.06,10.647087164685335,0.8831594123406187,0.532888173814679,1.5375575449202727,0.11626890571868624,10.647087164685335,0.285268969340551,4.695249127297026,2.0503518463048107,2.3396070319234767,0.0,5.509111788227328,0.0,0.172698665184174,0.7949511433842876,0.09886879396488828,-4.79967473708542,0.6852239619149175,1.3946613711505274,1.1790242412739296,-0.2461159307121814,-0.7955290671647162,1.4196299365356786,1.587451394231769,1.595616802144088,197.02316661301595,-0.022804455277354554,-0.3035304585457921,Marine Shipping,Industrials,ESEA
2021Q3,2021,Q3,2021-09-30,2021-09-30,8464016.0,23040050.0,9035823.0,1.2611386463168384,10833331.0,0.4701956375962726,120024223.0,53998679.0,10949642.0,21585628.0,66025544.0,1715569.0,-210734286.0,225704651.04000002,279057680.04,8.045804844527408,0.5072653897306115,0.4935168461786251,1.0969523161853645,0.07979873827033376,8.045804844527408,0.1567448714810227,9.796187553412429,6.666594529121874,4.179818010733189,0.0392711923039843,7.11525971849573,0.001472685646788433,0.19196166760438016,0.3997285601326957,0.07051923177207321,110.08678046455958,0.4701956375962726,0.13616094262778222,1.2813432623218701,-0.5166617331441726,-0.878516899831904,0.145367703816729,0.06515866794508957,0.03419029588654083,2.4059884643368443,-0.42517453012708134,-0.47001109990638257,Marine Shipping,Industrials,ESEA
2021Q2,2021,Q2,2021-06-30,2021-06-30,7946249.0,18290444.0,8737099.0,1.11,9458387.0,0.5171217822815017,112907698.0,45550384.0,15179042.0,20658126.0,67357314.0,1530069.0,-219198302.0,156455373.32,209880590.32,6.7195062746087855,0.7347734252371197,0.5464019645498397,1.3543900749552407,0.08146982733814076,6.7195062746087855,0.1744496599633496,8.553940698213777,4.922302753160642,3.434776166102134,1.2584554045562882e-07,5.7723259539275675,6.391598951061197e-09,0.1619946586812885,0.5968827472540346,0.0703782748276384,20.25425280297192,0.5171217822815017,1.0943396226415094,1.0618828352093532,-0.6274775543418418,-0.9058485870107672,0.6773746702314888,1.0965930243633573,1.1850936138317834,-0.36796631253614326,-0.6148865630526151,-0.577225827052859,Marine Shipping,Industrials,ESEA
2021Q1,2021,Q1,2021-03-31,2021-03-31,3790077.0,14309318.0,3998501.0,0.53,5638804.0,0.3940651818626157,109256712.0,37769990.0,9523555.0,27902874.0,71486722.0,1638868.0,-226768429.0,65973140.64,127073158.64,5.627729680567773,0.3413108986550991,0.5924502652065898,1.713772442089606,0.03901008630724557,5.627729680567773,0.10034625373212966,4.610502096605862,4.3517018677984645,1.746707919170749,0.024170221343788004,5.290550550746003,0.0013885499327654868,0.1309696927361314,0.25527123120005485,0.034689649089934174,10.708979700493982,0.3940651818626157,6.571428571428571,1.2013850317828543,-0.6701155671211868,-0.9379260382281076,1.0244195343350113,5.502807817623109,1.0880336926097673,1.243296130642334,-0.7704678508948085,-0.9010288891212329,Marine Shipping,Industrials,ESEA
2020Q4,2020,Q4,2020-12-31,2020-12-31,582837.0,12033375.0,1914960.0,0.07,2785393.0,0.23147230099618768,110583008.0,35355003.0,9690793.0,28645782.0,75228005.0,1662422.0,-230333881.0,33390699.0,99196648.0,5.749435382889109,0.33829738004708687,0.6272694987642224,1.9619669668816038,0.018286416935329026,5.749435382889109,0.016485276496794526,2.7748407242357196,14.322485960911884,0.9444405647483611,0.0,5.562956938731562,0.0,0.10881757710913416,0.2596907984568199,0.005270583704867207,65.48402842876922,0.23147230099618768,6.0,1.0242828817935905,-0.7754013445097732,-0.9388027813699011,0.3417722189733061,1.6628639046766205,0.48728172810990117,-0.9326318052845652,-0.7993118444482769,-0.9029596114746851,Marine Shipping,Industrials,ESEA
2020Q3,2020,Q3,2020-09-30,2020-09-30,218876.0,12328224.0,1287557.0,0.01,2075906.0,0.16838646020708253,113064708.0,32156020.0,7661644.0,19858000.0,80908688.0,2214978.0,-230740512.0,14100266.700000001,86827676.7,5.632898376312272,0.38582153288347265,0.663323510285809,2.332330897915849,0.012015893051770043,5.632898376312272,0.0068066881411318935,1.1437386845015147,16.105313853506097,0.4384953952634686,0.0,4.628631977383071,0.0,0.1090368888583695,0.24865897874911874,0.0019358472141457262,-5.7221694566111525,0.16838646020708253,-0.95,1.0211275724239337,-0.8534999782644644,-0.9564914859938691,-0.14351197445932776,-0.8303707607415215,-0.5546841008337328,1.0110226599322816,-0.7294388645610358,-0.827132885961601,Marine Shipping,Industrials,ESEA
2020Q2,2020,Q2,2020-07-24,2020-06-30,1290320.0,13508711.0,2891334.0,0.2,2423742.0,0.17942067159479538,122928895.0,31205799.0,14920843.0,24700066.0,91723096.0,1805700.0,-230773669.0,14053939.2,96400536.2,5.5954855333371585,0.6040810984067816,0.6807591656949328,2.681712203555499,0.02516593782802624,5.5954855333371585,0.04134872495974226,1.0403612306163037,2.722956165912332,0.45036306232697326,0.12366079732159464,6.1388763360469625,0.011353542784645034,0.10989044520411576,0.21052219050750715,0.010496474404980213,7.636275672157086,0.17942067159479538,-0.375,1.050657466338936,-0.8130685250907121,-0.9554992973363224,-0.5452199669686473,-0.3406962870989911,-0.0959733407039525,1.3088888040879922,-0.6654264704982212,-0.8466635958804303,Marine Shipping,Industrials,ESEA
2020Q1,2020,Q1,2020-04-30,2020-03-31,1957095.0,15432807.0,3198284.0,0.32,5329482.0,0.34533458495269204,126189198.0,29936215.0,9196713.0,27296537.0,96252983.0,1847943.0,-231884482.0,12548160.0,98298856.0,5.36783749569658,0.33691867213778803,0.6835672337025234,2.88141974528176,0.027525139288246236,5.36783749569658,0.06537549920723111,0.8130834526732564,1.602906348439907,0.4191632108467954,0.08242573814761164,5.467335843151006,0.012855669675872797,0.12229895462209055,0.1547416436011645,0.015509211810665443,6.688317606819567,0.34533458495269204,2.7777777777777777,1.0536704508615877,-0.7204676411171768,-0.9530538939656756,1.5441350078837661,3.557872820947138,7.225721744274269,1.2203377888331495,-0.5411599952731867,-0.8579835378960143,Marine Shipping,Industrials,ESEA
2019Q4,2019,Q4,2020-01-09,2019-12-31,-765126.0,13305604.0,388815.0,-0.18,2094811.0,0.15743824932712563,126861692.0,28108278.0,6297092.0,24851259.0,98753414.0,1889164.0,-233682015.0,20476872.051999997,108974559.052,5.581333812008525,0.2533912668167033,0.7053595422643425,3.183514301374136,0.0033064922792854644,5.581333812008525,-0.027220664318177015,1.5389659914724652,-6.690686256904092,0.7284996986297062,-0.21083455535428153,5.934261398163421,0.007877912192367494,0.10488275688456054,0.13162395514850977,-0.006031182368275523,-0.5086085093117269,0.15743824932712563,-2.759002117876019,0.9821304872718116,-0.8129252744794857,-0.9544518841489096,-0.06736627185320133,-3.8661922115586425,-0.3916971745048343,0.9910450489337238,-0.6245709878124357,-0.8928138266030415,Marine Shipping,Industrials,ESEA
2019Q3,2019,Q3,2019-11-19,2019-09-30,-157233.0,10298425.0,639180.0,-0.04788504883889423,2246124.0,0.21810364206177157,87437030.0,22233672.0,8246351.0,16711584.0,65203358.0,1895554.0,-232755574.0,18661077.0432,72666981.0432,6.7712278566710244,0.4934511893067707,0.6538412157869498,2.5713221819589673,0.008049760359749908,6.7712278566710244,-0.007071841304486276,1.8120321353216633,-29.671056717101376,0.8393160177590099,0.0,4.247993462597214,0.0,0.11778104768654654,0.329857062023564,-0.0017982426896247506,-1.4306687816649448,0.21810364206177157,0.9014611817112499,0.9895393101561567,-0.7426569586084588,-0.948637129467596,1.480301683442195,0.7902393730914389,1.3402728451021888,0.9893174823433394,-0.5584209621312425,-0.8977616574266679,Marine Shipping,Industrials,ESEA
2019Q2,2019,Q2,2019-09-30,2019-06-30,-749583.0,8081519.0,273122.0,-0.48595111723966244,905585.0,0.11205628545821646,54051004.0,9305416.0,5288033.0,9880761.0,44745588.0,1237686.0,-232442329.0,7996356.288000001,45830746.288,6.03265722619087,0.5351847899164852,0.7369858846655282,4.280821727905555,0.005558010773369599,6.03265722619087,-0.08055341104578237,0.9894620414800733,-2.666934911810967,0.8593228167338247,0.0,5.797863109059971,0.0,0.14951653812017998,0.3497330823000374,-0.013868068019606074,3.448494946515347,0.11205628545821646,-45.75542664670659,0.9212536137300423,-0.5581054422519344,-0.9560551547272477,-0.681089146497874,-45.75542664670659,-0.5918624129732767,0.974345987803136,-0.2766495918346062,-0.9154724798648032,Marine Shipping,Industrials,ESEA
2019Q1,2019,Q1,2019-04-17,2019-03-31,-16032.0,8338131.0,669191.0,-0.010393469851352376,2839618.0,0.34055809389418323,62598657.0,3358335.0,8436974.0,8686942.0,59240322.0,1238919.0,-230710131.0,8957646.6504,40162216.6504,2.177192712901789,0.9712248568023132,0.5650157798113784,10.531775120707136,0.017279449851273887,2.177192712901789,-0.004773794156925977,1.0742991025686692,-139.68386119011976,2.6672880014650118,0.0,4.438153745321526,0.0,0.1331998384565982,0.7774327260386912,-0.00025610773087352337,-5.994094433395877,0.34055809389418323,-1.6776278067328674,0.996781327872368,-0.6099827517521558,-0.9897889190514504,0.6496056679710374,-1.7077208316779235,0.6294230226057483,0.9962935908743349,-0.16363067071157072,-0.9759855243763106,Marine Shipping,Industrials,ESEA
2018Q4,2018,Q4,2019-01-18,2018-12-31,22653.0,8018442.0,410692.0,0.015338021474448819,1721392.0,0.2146791109794147,66954563.0,22577979.0,11994168.0,11592535.0,44376584.0,1704391.0,-230222985.0,8270740.8,37897272.8,15.287225831088794,1.0346458302692207,0.5464420699751262,1.6204634613222024,0.006941495875695889,15.287225831088794,0.0010033227508981207,1.0314648157335302,91.27644020659514,0.3663189163210755,0.0,3.6946041137274253,0.0,0.11975945537871706,0.8583435805887151,0.0003383339235594742,-2.593782003838579,0.2146791109794147,-0.9585762244616848,1.0001161143718176,-0.6340993763966022,-0.9048146013686077,0.29634019787843235,-0.9562374187166994,3.718140483013773,1.0039295980915377,-0.3768695259076802,-0.8372821609201689,Marine Shipping,Industrials,ESEA
2018Q3,2018,Q3,2018-10-12,2018-09-30,517634.0,8349047.0,-151093.0,0.3702709681849688,1327886.0,0.15904641571666803,62990573.0,21222955.0,9031466.0,13542073.0,41767618.0,1252417.0,-229441510.0,14762742.72,40475392.72,15.181081798328597,0.6669190160177101,0.47930608600750463,1.4225994919180671,-0.002938710937256879,15.181081798328597,0.024390288722753263,1.7681949472796117,7.12991356827411,0.695602601993926,0.0,5.606088866567605,0.0,0.13254438882465794,0.5447654136851869,0.00821764234467275,-4.087556787378552,0.15904641571666803,-0.7564006788256784,1.0632322604049935,-0.568265436692296,-0.948229465769641,-0.5634024913182628,-0.7994587757173546,-1.0530534910006788,1.2040335055952451,-0.5948635490649238,-0.8827413054656923,Marine Shipping,Industrials,ESEA
2018Q2,2018,Q2,2018-08-10,2018-06-30,2581185.0,9750632.0,2847937.0,1.52,3041442.0,0.31192255025110166,67332981.0,22119779.0,12573294.0,15723519.0,45213202.0,1104525.0,-228302740.0,19484080.0,41025378.0,15.89384287069238,0.7996488572310053,0.45505812374473664,1.3852046170985706,0.05397889041320712,15.89384287069238,0.11669126531508293,1.9982376526977943,1.8871254869372014,0.8808442435161762,0.0,6.074276272605871,0.0,0.14481212409116417,0.7026020701854336,0.03833463128566965,4.107869286634869,0.31192255025110166,1.5757575757575757,1.1353546279836695,-0.5259308678851573,-0.9472446325843982,16.006687616725753,1.7990391785933522,2.2726862003890536,1.4060792791055863,-0.4593117284150987,-0.8735968180852277,Marine Shipping,Industrials,ESEA
2018Q1,2018,Q1,2018-04-04,2018-03-31,-3230361.0,12927473.0,-2237737.0,-2.64,178838.0,0.013833948831299047,161682951.0,79136466.0,15003327.0,30975241.0,82546485.0,1727846.0,-241571023.0,23937584.0,90455415.0,56.86234731124077,0.48436514182407814,0.42606324027324316,0.870485699980588,-0.015117431117145703,56.86234731124077,-0.04082013214994968,1.8516831557103233,-1.8525471301814254,0.3024848746720633,0.0,7.378339852047,0.0,0.07995569675123013,0.2047507556115544,-0.019979601930941997,41.23600607749844,0.013833948831299047,-3.5384615384615383,0.6750419654372413,-0.44864979476718686,-0.8199396030189695,1.072836318865689,-2.652781273983116,-1.8028029654822317,0.6450067822502589,-0.0616897404463555,-0.5026925110206458,Marine Shipping,Industrials,ESEA
2017Q4,2017,Q4,2018-03-05,2017-12-31,1954500.0,13545941.0,2787405.0,1.04,-2455341.0,-0.1812602756796298,162329561.0,82307957.0,16082368.0,18532597.0,80021604.0,1645209.0,-237880629.0,18921094.68,87150913.68,59.24786030086077,0.8677881464751,0.4456723935820907,0.8789648854970364,0.018023519001261146,59.24786030086077,0.023746185317174134,1.396809175530884,2.4201963008442053,0.22988171945514332,0.0,9.72598739734587,0.0,0.08344716092714623,0.3887402289058571,0.012040320863062027,-1.148876675527847,-0.1812602756796298,1.2708333333333333,1.4510006497883834,-0.4910981346406285,-0.8171648583683605,-1.5374086231270736,1.4051995740066079,1.6963874559543344,1.165478858289432,-0.30957454707048554,-0.516490413258101,Marine Shipping,Industrials,ESEA
2017Q3,2017,Q3,2017-10-03,2017-09-30,-4823549.0,11068533.0,-4002664.0,-3.84,4568853.0,0.412778549786137,145867947.0,45186101.0,19938982.0,19463387.0,100681846.0,1947075.0,-239370726.0,18526432.24,73446901.24,32.58513574225017,1.024435366773522,0.4035625249459362,1.3027642504494912,-0.03846757311167898,32.58513574225017,-0.10674851100784287,1.6737929263073976,-0.9602075276938205,0.4100028953593496,0.0,3.3381764955124997,0.0,0.07588050169788157,0.40401940320048096,-0.03306791587325213,-5.017413273166944,0.412778549786137,-4.126647915719222,-1.7194982808621564,-0.6146025990421758,-0.9007732354598393,0.19026049541856105,-3.657369402354586,-29.181223184865143,0.24012570871517389,-0.34507719239781487,-0.7528267924463495,Marine Shipping,Industrials,ESEA
2017Q2,2017,Q2,2017-07-11,2017-06-30,-1035681.0,10010438.0,-132621.0,-0.7490274470040884,3838532.0,0.3834529518089019,152678321.0,50456925.0,12435424.0,15857551.0,102221396.0,1366029.0,-234088554.0,14048242.16,70956861.16,36.49156614481367,0.7841957437185604,0.4070771252455678,1.2317804146804427,-0.0011777145932416974,36.49156614481367,-0.020526042758253697,1.403359389469272,-3.3910639859184437,0.2784204974837448,0.0,4.518136877035554,0.0,0.06556554941418304,0.5802940189188104,-0.006783418845691917,-1.9560607053421064,0.3834529518089019,0.609881538018704,0.7443386508254681,-0.7312112572381069,-0.9189744462680649,0.8988373582809346,0.5270495883242078,0.9074636280096596,0.8786231730392448,-0.3893707533142714,-0.7341774664351693,Marine Shipping,Industrials,ESEA
2017Q1,2017,Q1,2017-04-07,2017-03-31,-2189830.0,8292226.0,-1433177.0,-1.92,2021517.0,0.24378460017852865,150187080.0,51969158.0,15660120.0,15487844.0,98217922.0,1045563.0,-232604820.0,15839354.879999999,64475865.879999995,37.79729065329206,1.0111233041861734,0.39600016858973486,1.1444116335307952,-0.012860148832499679,37.79729065329206,-0.04213710755136729,1.9101451021716,-1.808285903471959,0.30478375039287725,0.0,5.997447308292279,0.0,0.05521264545525487,0.8588184385121648,-0.014580681640524604,-3.6063062110908906,0.24378460017852865,0.8894009216589862,0.9208284152470159,-0.8071519876416999,-0.9164836201464434,-0.026506818969834728,0.8757819889755047,0.8754879197799892,0.5067789884075625,-0.5648606454246983,-0.8227298887188428,Marine Shipping,Industrials,ESEA
2016Q4,2016,Q4,2017-01-10,2016-12-31,-17628925.0,7312449.0,-11510345.0,-17.36,2076560.0,0.28397599764456477,143693504.0,54106764.0,10444083.0,11174635.0,89586740.0,1291279.0,-229977258.0,14048469.76,62756571.76,52.071397225259076,0.9346240839186246,0.36129812799331557,0.9595139343391521,-0.10856464691354867,52.071397225259076,-0.32581739687851224,1.921171656718563,-0.1992247082564592,0.2596435033520023,0.0,4.0548084496069405,0.0,0.05088921069111099,0.49313655434830755,-0.12268421681748397,-6.708989525672918,0.28397599764456477,-2.557377049180328,-7.9966471634998335,-0.7911866065787018,-0.8880960700725262,-0.04774395439208245,-2.8655871160873927,-2.421631674025481,0.8715630049152028,-0.525714265942434,-0.6757791925791905,Marine Shipping,Industrials,ESEA
2016Q3,2016,Q3,2016-11-23,2016-09-30,-4560478.0,7226078.0,-3363993.0,-4.88,2180674.0,0.30177836441843003,157262312.0,67381035.0,23602528.0,9149402.0,89881277.0,1347128.0,-211906442.0,16359502.559999999,66959284.56,66.229828127488,2.5796798523007296,0.3327434738464229,0.7765984597891676,-0.028101410851643013,66.229828127488,-0.06768192266562839,2.2639532205437027,-0.8968085450691791,0.24279090637298756,0.0,3.745304083947479,0.0,0.045949203646452816,2.199440356867039,-0.028999179409240784,-5.424504438546719,0.30177836441843003,0.7479338842975207,-4.462287770979135,-0.8053816426231024,-0.8617837893778023,1.0707168638145819,0.7623609755497679,0.22557696247815887,0.234499707809034,-0.48654588260077425,-0.774143000499318,Marine Shipping,Industrials,ESEA
2016Q2,2016,Q2,2016-06-30,2016-06-30,-19190779.0,7337911.0,-4343870.0,-19.36,1053101.0,0.14351509578134702,162814687.0,72304585.0,9031594.0,14898743.0,90510102.0,902344.0,-206909575.0,15156080.72,67080505.72,71.36914955675955,0.6061983886828574,0.3270672135370687,0.7364864344356585,-0.03459709123577762,71.36914955675955,-0.2654157962458397,2.065448970422236,-0.1974396234775045,0.2096143795030426,0.0,6.9649823127321735,0.0,0.045069097482587674,0.24219244536267254,-0.11786884435063281,-0.6469680012082136,0.14351509578134702,-5.05,-310.59377155286,-0.7943266488480328,-0.8525321873384311,-0.27651559910854384,-5.755073579441755,-0.7948021898564198,-0.3824299476648276,-0.5099076714777477,-0.763109165125283,Marine Shipping,Industrials,ESEA
2016Q1,2016,Q1,2016-05-02,2016-03-31,-2840943.0,6547851.0,-2420250.0,-3.2,1455596.0,0.2223013321469899,182315838.0,91849983.0,10220984.0,16481917.0,90465855.0,1007392.0,-187292463.0,15075032.16,66415183.16,90.66168035557942,0.6201332041655107,0.29837058917503373,0.5922449000344399,-0.01654898194034097,90.66168035557942,-0.030930250689322394,2.3022869885096653,-1.3265869959376166,0.16412667338218234,0.0,5.054889258600426,0.0,0.03591487756538189,0.3183622997252079,-0.01558253540210807,40.29809071662283,0.2223013321469899,0.19999999999999996,-1.1036126079232316,-0.7987986353610784,-0.8143988099935032,-0.2890469657177661,0.2805690228229559,0.2643178742563387,0.6074135613241329,-0.6163729327501594,-0.7129105827017832,Marine Shipping,Industrials,ESEA
2015Q4,2015,Q4,2016-01-05,2015-12-31,-3948875.0,8814685.0,-3289804.0,-4.0,2047387.0,0.23227001305208297,172406963.0,95048593.0,21584299.0,19365381.0,77358370.0,1464940.0,-184030436.0,20638700.4,52444104.4,93.94929233044151,1.1145816857411688,0.23503134267262743,0.4263191986440031,-0.024266525822932632,93.94929233044151,-0.04154585434000059,2.3413996529654773,-1.306618999082017,0.21713841045495536,0.0,4.619505235709313,0.0,0.05112719838351308,0.5863710608120749,-0.022904382347944962,-2.543388252947016,0.23227001305208297,-0.7241379310344829,-0.8580435170600946,-0.6987735814560586,-0.8100960799824337,-0.4809867145545695,-1.8349557010689033,-3.347641759406465,-0.25121473843153613,-0.5452752088257816,-0.7100784385764727,Marine Shipping,Industrials,ESEA
2015Q3,2015,Q3,2015-09-30,2015-09-30,-1392923.0,11314657.0,-756687.0,-2.32,3944768.0,0.34864229644787287,184448397.0,99372589.0,25168840.0,21557351.0,85075808.0,1411902.0,-179662794.0,28491604.479999997,55742521.48,129.46657694442345,1.1675293499651234,0.25922155344077075,0.48114878037443504,-0.005141039996789359,129.46657694442345,-0.014017175299719725,2.518114732068325,-5.113635943982546,0.2867149257830044,0.0,5.219830413158987,0.0,0.06134321134815826,1.0554575559863548,-0.007551830336590022,-9.479490644978299,0.34864229644787287,0.546875,0.7504048464948445,-0.4665633363464232,-0.7413878633481333,1.0257534885321231,0.578176689839462,0.7282845653142663,-0.41881443522637973,-0.2882352018581187,-0.6057543031920547,Marine Shipping,Industrials,ESEA
2015Q2,2015,Q2,2015-06-30,2015-06-30,-3302148.0,9368586.0,-2784851.0,-5.12,1947309.0,0.2078551661905009,177901860.0,90909864.0,19762995.0,24291044.0,86991996.0,1463280.0,-177858013.0,43958582.4,78111821.4,125.73926249268675,0.8135918324465593,0.2800476622335483,0.5480263395840081,-0.019788487904117465,125.73926249268675,-0.03632331910649432,4.692125620664633,-3.3280293917777155,0.4835402943733366,0.0,5.071672543874036,0.0,0.052661540469560016,0.7225450252364617,-0.018561627180289177,-7.236016375389508,0.2078551661905009,0.26828992925421163,-4.809683955815092,-0.5824275514348667,-0.754944641325988,5.264324110443066,0.3889479291129946,0.3908973098530092,-0.5589198218021687,-0.5189167666930761,-0.7208096432779975,Marine Shipping,Industrials,ESEA
2015Q1,2015,Q1,2015-03-31,2015-03-31,-5404037.0,8181906.0,-4572055.0,-6.997307,310857.0,0.03799322553937921,182950996.0,94501557.0,20140980.0,26773849.0,88449439.0,1451226.0,-174149091.0,47077041.28,83946944.28,114.3404203060401,0.7522631505092898,0.28608207194455504,0.553842726633594,-0.031136186714410242,114.3404203060401,-0.05718463453464582,5.753798843447969,-2.1778644964866083,0.49816154119026845,0.0,5.423723803184342,0.0,0.0447218445315269,0.6612913966908531,-0.02953816660282079,-32.21723037588675,0.03799322553937921,0.230769222312892,0.03642131749865148,-0.6836107843764988,-0.7780095521657743,-0.877696296270067,0.22270958362028442,0.24035598497411642,0.6749702742785427,-0.6834485164591215,-0.7473549609021293,Marine Shipping,Industrials,ESEA
2014Q4,2014,Q4,2014-12-31,2014-12-31,-6952404.0,11548730.0,-6018681.0,-9.096499,2541681.0,0.220083160659224,190578612.0,100202504.0,30847380.0,25190229.0,90376108.0,1758930.0,-168343304.0,49711563.744,78557143.744,122.53709528305117,1.2245771961819005,0.28469616517093743,0.541473494514668,-0.03896607747749857,122.53709528305117,-0.06938353556513917,4.304504802173053,-1.7875674278997595,0.49611099283506926,-0.0018770485719759669,5.1207546633464665,0.0002625143732593825,0.06059824803425476,1.1292523779756032,-0.03648050495823739,-9.500579504506184,0.220083160659224,-0.8571427988113794,0.7717444967671819,-0.6243952571086043,-0.7682617689601926,0.11240509232107812,-0.8607619634394368,-1.0288014740012115,-4.506230635953769,-0.5809449630057344,-0.7366619054842829,Marine Shipping,Industrials,ESEA
2014Q3,2014,Q3,2014-09-30,2014-09-30,-3736321.0,9947620.0,-2966619.0,-4.898115,2284852.0,0.22968830735391982,204125934.0,107602587.0,40121165.0,23341593.0,96523347.0,2617850.0,-160994109.0,73132864.0,97130772.0,131.83118051003717,1.7188700445595122,0.28178683067287275,0.5345596384220762,-0.0179661611042952,131.83118051003717,-0.03472333801788613,7.351795102748195,-4.8933739900827575,0.6796571164223031,0.0,2.9271226388066545,0.0,0.04873275925831159,1.5501105687173964,-0.018303999530015623,-33.88485253971225,0.22968830735391982,0.22222216929180377,-1.920020873068553,-0.6892546481439008,-0.768479849571502,1.0558211850574857,0.2552822877452838,0.27124172088633497,-4.535708523821026,-0.6660512499681941,-0.7248791560069635,Marine Shipping,Industrials,ESEA
2014Q2,2014,Q2,2014-06-30,2014-06-30,-5017097.0,9639128.0,-4070786.0,-6.297576,1111406.0,0.11530150860119297,209625550.0,111606954.0,42505200.0,23371349.0,98018596.0,1950650.0,-156865895.0,75446400.0,96499491.0,137.277926199262,1.8186883435782846,0.28354368062480934,0.5325653811858354,-0.023799509455274547,137.277926199262,-0.04495326518811722,7.8270980528529135,-3.7594648857695994,0.6760008879016625,0.0,4.371733524722528,0.0,0.04598260088047473,1.7087331159189827,-0.023933614008406896,-2.5093478081771656,0.11530150860119297,-0.8000001714945724,0.5049135753259578,-0.6510600210367099,-0.7597900112568803,-0.6804964151626832,-1.2670181222385795,-1.5861448787383066,-101.85951581654074,-0.6633271446865401,-0.7163469702378696,Marine Shipping,Industrials,ESEA
2014Q1,2014,Q1,2014-03-31,2014-03-31,-2213082.0,9498859.0,-1574075.0,-3.498653,3478540.0,0.3662060885417922,203835427.0,146129816.0,59852809.0,19309524.0,57705611.0,1459328.0,-151466966.0,68557131.264,67732111.264,213.2186321773337,3.0996522234312973,0.2573203332313769,0.35893427799840655,-0.007926621673263745,213.2186321773337,-0.015144630032244755,7.217406981617477,-7.744531298885445,0.46915224517904,0.0,4.125404980922726,0.0,0.046600628456995356,2.9173160353409022,-0.010857200009692133,-292.12030979001906,0.3662060885417922,0.9735449770656665,-1.3576436691251568,-0.6044058187266156,-0.638832628145926,0.28856768190136095,0.9743009439332752,0.9815216800645907,-1.4223806146439668,-0.5685353631128754,-0.5635021134788042,Marine Shipping,Industrials,ESEA
2013Q4,2013,Q4,2014-04-02,2013-12-31,-86115303.0,9673139.0,-85184963.0,-132.249101,2699540.0,0.27907590286875855,156616354.0,104702082.0,16951998.0,18812413.0,51914272.0,1474114.0,-148984299.0,75623184.0,109866947.0,160.60473613488688,0.9011070509668271,0.29143827470278105,0.43594166541979557,-0.5665925035545655,160.60473613488688,-0.8224793753384961,7.81785354268144,-0.21954049212368212,0.7222701072935684,-0.0001515410100804035,4.730705359287002,0.00017256612733999668,0.06176327537288986,0.7824738378856556,-0.5498487278027172,53.116538200575675,0.27907590286875855,-22.624998079618482,-1.5552100893991152,-0.7257770109370311,-0.7352683932667764,0.45128366409423126,-21.610708587155358,-28.43837188125395,-61.88079713436902,-0.48700999974279724,-0.6753624406437445,Marine Shipping,Industrials,ESEA
2013Q3,2013,Q3,2013-10-11,2013-09-30,-3808607.0,8997092.0,-2893671.0,-5.597846,1860105.0,0.20674513498361471,248476112.0,190723971.0,26157372.0,22177098.0,57752141.0,1576882.0,-62868996.0,78569165.6,111900937.6,293.2378818186151,1.1794767737419927,0.2095050489199541,0.27294419116304997,,293.2378818186151,-0.01996920984829956,8.732728930636698,-5.1573426714806745,0.4119522322655499,-0.18902134034832158,4.526012092217426,0.00916272935447847,0.03620908234430197,1.0249178679735285,-0.015327859766253909,-12.492467885653193,0.20674513498361471,0.5999999714175754,-1.1664792464258398,-0.8300514870851636,-0.5636315996815661,0.2757746807314029,0.5708423243387597,0.6372132856717307,0.19462353831623347,-0.4994270668173728,-0.41425133069723835,Marine Shipping,Industrials,ESEA
2013Q2,2013,Q2,2013-08-13,2013-06-30,-8874610.0,9571816.0,-7976232.0,-13.994614,1458020.0,0.15232428203801662,255858775.0,195127008.0,30963084.0,23981345.0,60731767.0,1920316.0,-58358468.0,53886310.4,84881668.4,301.27442285601353,1.291132086211178,0.21154248080801608,0.27738343633086404,,301.27442285601353,-0.04548119755928405,5.629685150654797,-1.5179909427005807,0.2761601838326758,-0.076599985802193,4.225240012581263,0.01261535620000437,0.03741054415663485,1.1589636027503878,-0.0346855799649631,42.554948842116566,0.15232428203801662,-1.0,-1.3795996770472443,-0.8135228943837308,-0.5429568231244496,-0.43761335329817114,-0.9183252533165248,-1.0466954246038171,-12.429485178623956,-0.5237476769074624,-0.4128412216782297,Marine Shipping,Industrials,ESEA
2013Q1,2013,Q1,2013-04-30,2013-03-31,-4626228.0,10911623.0,-3897127.0,-6.997307,2592558.0,0.2375960019879719,271615896.0,204532206.0,36911457.0,21989333.0,67083690.0,2046741.0,-48794587.0,58549548.800000004,92727208.80000001,315.7959677120518,1.6786073956858991,0.21892312223140284,0.2907268305706339,,315.7959677120518,-0.022618579687152057,5.365796527244389,-3.1640003908151524,0.28626077987933113,-0.1465969684157374,4.064542118421432,0.01158319771714449,0.04017299120078009,1.4943122194747789,-0.017032243208622812,36.24613936949185,0.2375960019879719,-1.499999821359859,-1.2039973672873943,-0.7775718199344641,-0.5111614079348892,-0.49530866562401815,-1.2924782569698856,-2.0192311863944568,-0.052640220194794085,-0.4615559326647851,-0.3868862112890292,Marine Shipping,Industrials,ESEA
2012Q4,2012,Q4,2013-02-14,2012-12-31,-2018003.0,12394769.0,-1290768.0,-2.798923,5136918.0,0.41444241518337294,278312797.0,209626146.0,45070412.0,27367521.0,68686651.0,1812636.0,-43491900.0,47093810.4,75299850.4,324.0507255450283,1.6468576748328794,0.22126542747511535,0.293765835870493,-0.004759343619950191,324.0507255450283,-0.009626676054045281,3.7994907690494273,-5.834209661729938,0.22465618577942087,-0.3543200877302957,4.004031145800922,0.015182865729633123,0.04453539015670918,1.536810184598013,-0.007250845170443241,22.453969463355882,0.41444241518337294,-1.00000071456082,-1.0696567227530274,-0.7921038329888805,-0.5921775751428523,-0.21149059360954883,-1.4418524169825864,-6.621518039126875,0.9162496548708535,-0.4904183057962726,-0.3871656437464304,Marine Shipping,Industrials,ESEA
2012Q3,2012,Q3,2012-11-02,2012-09-30,-826423.0,13381530.0,229612.0,-1.399461,6514720.0,0.48684418000034374,284975045.0,212178086.0,48074754.0,22679880.0,72796959.0,1726445.0,-40786311.0,57891904.0,87046324.0,328.3905899104649,2.119709363541606,0.22815681983662814,0.30643598132938193,,328.3905899104649,-0.00389494983002156,4.326254471648608,-17.5127942954153,0.27284582065652146,-1.1222509538093688,3.9774276041229233,0.01602044389488382,0.04695684844965987,1.9570040053121973,-0.002899983751208812,238.11482112155838,0.48684418000034374,0.5000001786401411,-1.0461986825201115,-0.6697723212383906,-0.3304989500563324,0.11318302865437471,0.4055977553740336,1.4455163528553467,-1.2570695535312417,-0.47193671316637426,-0.4232848520264486,Marine Shipping,Industrials,ESEA
2012Q2,2012,Q2,2012-08-02,2012-06-30,-1390343.0,12782124.0,-515384.0,-2.798923,5852335.0,0.4578530923342631,289815625.0,213727199.0,48102391.0,20603158.0,76088426.0,1628952.0,-39045962.0,44798275.2,72561958.2,450.3710800365814,2.3347096110217667,0.2316541766856083,0.3141247361782905,,450.3710800365814,-0.006505222575812637,3.504759866200641,-8.055256005172824,0.2096049328752023,-0.8966765754925223,4.2541394712674165,0.027828928556606573,0.04410433012367777,2.1935580458102586,-0.004797336237478569,12.86372659853032,0.4578530923342631,0.8620689536220586,-1.120183635783197,-0.5454347490348234,0.3130836729722215,-0.15948408030172967,0.844833089405652,0.9379164628872512,0.7649546187082927,-0.2072846715844838,-0.21193716236080856,Marine Shipping,Industrials,ESEA
2012Q1,2012,Q1,2012-05-09,2012-03-31,-8960306.0,13929571.0,-8301460.0,-20.29219,6962789.0,0.49985667182427945,281014901.0,201583879.0,39539953.0,18690351.0,79431022.0,1919683.0,-36394031.0,81244060.8,121828452.8,452.5733840423693,2.1155275789095667,0.2504315598552548,0.3491102579685948,,452.5733840423693,-0.04444951671953887,5.832488365937472,-2.2667769605189823,0.403028561624216,-0.17391827913019936,3.6291314763948006,0.019181229798892575,0.0495687984887321,1.914008249497294,-0.031885519124126446,30.201085459893,0.49985667182427945,-10.666666984249177,-1.4992168445330076,-0.45716781619729574,0.208942831830556,-0.16671924445007189,-9.113676329701018,-6.256713637379679,-3.228038921109154,-0.10738723926683665,-0.23339373291851004,Marine Shipping,Industrials,ESEA
2011Q4,2011,Q4,2012-02-06,2011-12-31,1104346.0,15348778.0,1579211.0,2.099192,8355874.0,0.5443999515792072,296148168.0,211921748.0,38877587.0,21101011.0,84226420.0,2606535.0,-25856739.0,85620840.0,129328977.0,465.3223283490328,1.842451387755781,0.2529578369703101,0.3534936867357285,0.005505647453843353,465.3223283490328,0.005211102732127332,5.578348973449222,19.382702522578974,0.40402101628569054,1.9949852672984736,2.6828352583026893,0.025731515831893263,0.0518280362956694,1.665136187076534,0.003729032016162936,12.249706135837922,0.5443999515792072,0.50000035728041,-0.9078710200055715,-0.4888864638160537,1.207840274582014,-0.006794691762951742,0.9201108586152758,-0.27780524200352774,1.0469058247505818,-0.3771469850078855,-0.2329894460321242,Marine Shipping,Industrials,ESEA
2011Q3,2011,Q3,2011-10-18,2011-09-30,575147.0,16212519.0,2186683.0,1.399461,8413038.0,0.5189223216947348,302612069.0,212867986.0,40805649.0,22751036.0,89744083.0,1733308.0,-24753306.0,112303366.4,161211292.4,479.1755455409037,1.7935732245335994,0.2591304446618089,0.36837854988678287,,479.1755455409037,0.002701895248823372,6.926953572113008,48.81507092969276,0.5275728328636511,3.840635524483306,4.499766342738855,0.019669312424102005,0.053575255783998486,1.624571777742341,0.001900608266883103,23.441141204951258,0.5189223216947348,21.95629177420783,-0.9564552138768415,-0.2601280652575686,1.4063046118514728,0.052092276066865895,20.216090597218635,0.5902825251558513,-0.9631919932101218,-0.5516313831947044,-0.28693705948695986,Marine Shipping,Industrials,ESEA
2011Q2,2011,Q2,2011-08-02,2011-06-30,27109.0,15602979.0,1375028.0,0.06096197999941532,7996483.0,0.5124971968493965,305092936.0,214428105.0,38841036.0,22010530.0,90664831.0,1749905.0,-23140973.0,154541420.8,205831135.8,483.96425137564154,1.7646570073505727,0.2648340569904247,0.376811612451642,,483.96425137564154,0.0001264246587451771,9.904609933782517,1425.1855546128593,0.7207143895619467,80.05289756169537,4.346805112277524,0.014042539461368794,0.051141724893951655,1.5925890017187228,8.885489239908196e-05,92.14712685347943,0.5124971968493965,1.043561042429489,-0.9983271491195337,-0.3770577455908871,1.6874740375376633,0.23865155611305622,1.045899768545562,5.177118363453541,-0.9983049724836457,-0.5556497796350843,-0.2658103637007577,Marine Shipping,Industrials,ESEA
2011Q1,2011,Q1,2011-05-16,2011-03-31,-590613.0,14232268.0,-329181.0,-1.399461,6455797.0,0.45360282704063754,313297216.0,216423577.0,42146542.0,24537955.0,96873639.0,1719382.0,-20980603.0,171197997.6,223192499.6,488.47574927944135,1.7176061330294232,0.27306977410230165,0.39529889111850325,,488.47574927944135,-0.0027289679257080203,12.028862694266296,-72.46623321870666,0.7910321046029102,-3.1494955241418663,4.522829132793062,0.01086538993491125,0.04542736824064214,1.528821044785517,-0.001885152404290755,44.351043025937116,0.45360282704063754,0.33381404219746424,-1.0684062601554605,-0.3959184276523103,2.0439966323784495,1.4201285602518872,0.36399808751348756,0.8922163746921752,-1.0380709830417283,-0.5759001409091122,-0.24386052404113914,Marine Shipping,Industrials,ESEA
2010Q4,2010,Q4,2010-12-31,2010-12-31,-928634.0,12786180.0,-3054091.0,-2.1007062421673175,2667543.0,0.2086270488918504,321677801.0,218694992.0,46404826.0,25214542.0,102982809.0,1788256.0,-18515006.0,130562714.416,184674196.416,494.7201317474178,1.8403993219468353,0.27476250995635226,0.40414734325512125,,494.7201317474178,-0.004246251784311549,10.211237008707839,-35.149131524368045,0.5970082498093966,-2.0566046472560773,5.65838280425174,0.014627705992040533,0.039748406511893555,1.697214528029103,-0.0028868451509962913,69.9909427598995,0.2086270488918504,0.6997836107280534,-1.0780595199110963,-0.48697296516358873,2.2150648695446176,-0.4565622488487149,0.7110762094935027,-65.09155964072862,-1.0469071457902825,-0.6861645084550863,-0.37738771170612817,Marine Shipping,Industrials,ESEA
2010Q3,2010,Q3,2010-11-08,2010-09-30,-3214114.0,12215995.0,47652.0,-6.997307,4908645.0,0.4018211369601903,299136547.0,221303365.0,28449648.0,23678778.0,77833182.0,1608471.0,-15711390.0,141104913.6,186280214.6,500.62065385085214,1.20148294814876,0.20890125471696375,0.28237257034026575,,500.62065385085214,-0.01452356587528617,11.550832625586372,-10.975412944282622,0.637608531619029,-0.58128243117699,4.543041186319181,0.013240559469787309,0.040837520933207805,0.9164751660748709,-0.010744638300581841,113.95676545267769,0.4018211369601903,-6.00000142912164,-1.1874972602743799,-0.5838588481084466,1.8909639064509545,-0.34268658826989,-7.0809912383100215,-0.9596776036047471,-1.2626147051634198,-0.5593770486176013,0.020632331358865438,Marine Shipping,Industrials,ESEA
2010Q2,2010,Q2,2010-07-06,2010-06-30,528551.0,13681116.0,1181775.0,1.399461,7467739.0,0.5458428245181168,308409855.0,226217458.0,36737829.0,26050684.0,82192397.0,1790206.0,-10632193.0,124151526.4,164661538.4,513.1055414297347,1.4102443145062908,0.2131579096264612,0.2906053342708855,,513.1055414297347,0.0023364730762733617,9.07466367509785,58.72258608913805,0.5488149654656628,2.9195763511941135,3.4707609068453573,0.012429529017856681,0.04436017779003852,1.094092500603823,0.001713794132810704,-13.486384231324656,0.5458428245181168,1.1999999428351507,-0.9769798922486644,-0.6089156755609432,43.050160565194204,-0.04168778179797616,1.176675177009106,0.05947455477011211,-0.9508209462381525,-0.47629753487150855,0.49598972675650255,Marine Shipping,Industrials,ESEA
2010Q1,2010,Q1,2010-05-07,2010-03-31,-2991654.0,13794725.0,1115435.0,-6.997307,7792595.0,0.5648967268285522,315482210.0,227083150.0,55734171.0,29699988.0,88399060.0,1688345.0,-9605849.0,135438028.79999998,164435190.79999998,515.0691005922259,1.876572172352393,0.2163830410595894,0.3006167564612346,,515.0691005922259,-0.013174266782894283,9.818102847284015,-11.317989045524648,0.596424828526467,-0.5153757754071828,3.555037625603772,0.011383996161645258,0.043725841149648344,1.4270752230606962,-0.009482797778042699,49.61703357331367,0.5648967268285522,0.8121426558624761,-1.130296220108777,-0.6056680823810302,0.0,-0.19541489653218497,0.8165088175808809,1.1818251615371487,-1.168393424429943,-0.45688941148689033,0.37588536801821254,Marine Shipping,Industrials,ESEA
2009Q4,2009,Q4,2010-02-23,2009-12-31,-16304075.0,16458323.0,-6134657.0,-37.24798214371386,9685234.0,0.5884702833940008,323418294.0,231453263.0,58933240.0,30443552.0,91965031.0,1869238.0,-5060620.0,136917877.6,167448328.6,528.7737579303523,1.9358201040404222,0.22112230917896067,0.30898246614911623,,528.7737579303523,-0.07044219117360208,8.319066140578235,-2.099442587205959,0.5915573443438557,-0.09628427249015967,3.623449234393908,0.011465456721336148,0.05088865814127385,1.4226827408312932,-0.05041172779174947,-37.43112167708897,0.5884702833940008,-8.604554434453634,-1.6898741591019908,-0.5099613209775512,1.4089529235870764,-0.021904369300597224,-8.486189595695278,-3.2850990916828544,-2.4151923942274216,-0.42976039076331896,1.5089017392370294,Marine Shipping,Industrials,ESEA
2009Q3,2009,Q3,2009-11-10,2009-09-30,2177887.0,17167355.0,2684635.0,4.898115,9902134.0,0.5768002117973328,346268236.0,249242879.0,57487959.0,24295358.0,97025357.0,2137895.0,12797530.0,150574648.0,186938734.0,569.4155790156653,2.36621164421615,0.22840674303143416,0.3173210015761373,,569.4155790156653,0.008738010926282071,8.770987027413367,17.284488130008583,0.604128184540831,1.453087786464587,3.398305810154381,0.021017223297775865,0.049578197521992745,2.117729197487026,0.006289595098754597,-7.423452989700073,0.5768002117973328,1.388888915354098,-0.9078470895929909,-0.4888502330091934,0.0,0.14951369797336814,1.3998625561796567,0.6161916865281589,-0.8326541538670685,-0.20488172609813668,1.859468406925431,Marine Shipping,Industrials,ESEA
2009Q2,2009,Q2,2009-07-23,2009-06-30,-5446589.0,14847049.0,1661087.0,-12.595152,8614194.0,0.5801957008426388,341020886.0,249719995.0,71576125.0,25593315.0,91300891.0,2069190.0,13683054.0,167094268.79999998,180384451.79999998,571.4913310539589,2.7966726858165893,0.20391712899367695,0.2784718940908196,,571.4913310539589,-0.021810784514872346,11.254375788751016,-7.669674947017298,0.6691265102740371,-0.5613717135623782,3.0122197574896457,0.01829841934111866,0.04353706652442396,2.49239365826584,-0.01597142352154935,-75.58589847167399,0.5801957008426388,-2.384615333877352,-1.2308596650926147,-0.5571724170269406,0.0,0.01536665179130265,-2.380535739994606,-0.08296344633105218,-1.3407949025227088,-0.3989575281387175,2.173515627486403,Marine Shipping,Industrials,ESEA
2009Q1,2009,Q1,2009-05-13,2009-03-31,3945272.0,15309166.0,1811364.0,9.096499,8483826.0,0.5541664385897964,338565515.0,257964720.0,66655567.0,20791381.0,80600795.0,2128570.0,22210705.0,134584296.0,141134385.0,590.3596193719362,3.2059230216597925,0.1855327764258566,0.24350228977047714,,590.3596193719362,0.015293843282135634,8.791092604260742,8.528201350882778,0.5217158997555945,0.7749937139948779,3.2065377225085387,0.022718557000142126,0.04521773577560018,2.9161060537537167,0.011652905642206354,-4.766606682818589,0.5541664385897964,1.1759614472190163,-0.8327753071474145,-0.5433893309631199,0.0,0.0,1.17522341999566,1.1011767321288033,-0.5366729154573943,-0.3411434025034912,2.6788984835199274,Marine Shipping,Industrials,ESEA
2008Q4,2008,Q4,2009-01-22,2008-12-31,-22515666.0,23566476.0,-17902970.0,-51.69597740735639,0.0,0.0,340616426.0,264229072.0,92538220.0,21417515.0,76387354.0,2011973.0,28744133.0,149825760.0,131989569.0,606.6700463792074,4.320679593314163,0.16445184590128956,0.21199408367902833,,606.6700463792074,-0.08521267485661078,6.357580149021857,-1.6635723766732016,0.5670298081355711,-0.2743821568502571,0.0,0.04123387727183897,0.0691877261374353,3.827483767374506,-0.0661027016941338,12.62390320260038,0.0,-2.477596378359743,-1.9574671402400858,-0.29481219736860026,1.7638277428858204,0.0,-2.469724377551135,-2.084288671402264,-2.920955484756306,-0.04027835291281919,2.9425999233736952,Marine Shipping,Industrials,ESEA
2008Q3,2008,Q3,2008-10-01,2008-09-30,15319652.0,35450930.0,16511258.0,34.986535,0.0,0.0,372736524.0,292681200.0,88639833.0,23572539.0,80055324.0,1649820.0,57421921.0,277700304.0,265733151.0,671.9961427193829,3.760300619292644,0.16722267871983482,0.21296208980966322,,671.9961427193829,0.05234245315380694,7.833371479958354,4.531765865177617,0.948814970008323,0.6402459403124823,0.0,0.035319892915925646,0.09510989054563379,3.5091655591279327,0.041100485231761186,13.45512920398438,0.0,-0.019607823906480415,-0.3485396616776377,0.06081042528121592,0.0,0.0,-0.024051000227110785,0.0778597386346849,-0.09294471655091383,0.2257182687131752,2.8806161490388407,Marine Shipping,Industrials,ESEA
2008Q2,2008,Q2,2008-07-02,2008-06-30,15697185.0,34464117.0,15318559.0,35.686265,0.0,0.0,373264974.0,286654319.0,81480054.0,25012403.0,86610655.0,1598393.0,51910465.0,451214886.4,449614122.4,659.1815349166636,3.25758600643049,0.17976505880243668,0.2340798500231214,,659.1815349166636,0.054759980783683916,13.092309499761736,7.186238908441227,1.574073218132813,0.6009595351013574,0.0,0.020906608545794646,0.09233150550043305,3.1033004305903753,0.042053731513527974,-17.102913782477216,0.0,0.019999979992302616,-0.33144760696450093,0.03288481562473048,0.0,0.0,0.03455758602471995,0.023032484069712197,-0.3068803893595753,-0.0011920368259576936,55.59079879313012,Marine Shipping,Industrials,ESEA
2008Q1,2008,Q1,2008-04-16,2008-03-31,15172848.0,32821935.0,14973678.0,34.986535,0.0,0.0,371156959.0,279937355.0,124785788.0,33051051.0,91219604.0,1814231.0,45714078.0,415997760.0,378990586.0,646.0127592994731,3.7755467443380244,0.20401072420684424,0.2704890885319682,,646.0127592994731,0.054200869333783624,12.674382543259561,6.854312387496401,1.4860387603505076,0.6016229780987722,0.0,0.0219432287327701,0.08843141480744808,3.6255734197378473,0.040879869370844805,18.281957021963912,0.0,-0.21877773055566893,-0.3514932880565652,-0.012851215131669145,0.0,-1.0,-0.009513285110406462,-0.03862401756837784,-0.32766268678052846,-0.04541914814798331,0.0,Marine Shipping,Industrials,ESEA
2007Q4,2007,Q4,2007-12-31,2007-12-31,15318578.0,31524749.0,15575257.0,44.78435442564288,25439861.0,0.8069806043499347,371190831.0,271790348.0,118307463.0,35182511.0,99400483.0,1903678.0,39734814.0,339315584.0,316770264.0,794.5878053629273,3.3626782067942793,0.21980607597497473,0.30019461912606255,,794.5878053629273,0.056361743942430216,10.76346663378668,5.5376482072944375,1.248446041211147,0.45961962004567264,3.1963851029428296,0.020749766093855565,0.08492868456656463,3.096484614187998,0.04126874028308097,-8.892748368846608,0.8069806043499347,0.6410839095217797,-0.17054382352548542,0.20115124714281019,2.619931186198885,0.5822371637198998,0.6175709431947584,0.5648718343391216,-0.17054382352548542,0.20115124714281019,2.619931186198885,Marine Shipping,Industrials,ESEA
2007Q3,2007,Q3,2007-10-02,2007-09-30,9470112.0,21452337.0,9953056.0,27.289497,16078412.0,0.749494658787059,247053692.0,167776672.0,50410332.0,25827467.0,79277020.0,1100932.0,31456955.0,409367833.59999996,437568424.59999996,490.5004853063277,1.9518109151005787,0.2888440946674863,0.4253273065280494,,490.5004853063277,0.056444748170949535,19.082668410439382,10.806837173625825,2.4399568111590626,0.6390700553488702,4.881250613116887,0.014783929032180804,0.08683269141349241,1.693553533530795,0.03833220189237245,-16.00256098621674,0.749494658787059,0.11428572478538078,-0.48722114478867307,-0.1826262806508673,0.0,0.34531146952811215,0.47968974069954906,0.3705881129794501,-0.48722114478867307,-0.1826262806508673,0.0,Marine Shipping,Industrials,ESEA
2007Q2,2007,Q2,2007-07-09,2007-06-30,6400066.0,15556598.0,7261887.0,24.490574,11951442.0,0.7682555016205985,172339664.0,90048240.0,11317248.0,25805015.0,82291424.0,1141260.0,28038907.0,299296740.0,367649465.0,342.98734292929487,0.4385677745197978,0.43855255514482144,0.8393278980244366,,342.98734292929487,0.07107374891502599,19.239215412007177,11.691158341179607,3.3237378098672443,0.6889493014603287,3.158926099223665,0.014732272058826969,0.0902670786221331,0.35022417154184954,0.03713634952891634,-9.21324580582656,0.7682555016205985,-0.39655172753655477,-0.5485034409804733,-0.22775396464515443,0.0,0.14116449472134263,-0.32455324935083907,-0.29328490511117117,-0.5485034409804733,-0.22775396464515443,0.0,Marine Shipping,Industrials,ESEA
2007Q1,2007,Q1,2007-04-17,2007-03-31,9475308.0,13546649.0,10275551.0,40.58438,10473023.0,0.7731080210316219,163511022.0,88025755.0,45802769.0,21632322.0,75485267.0,813855.0,26048163.0,187923888.0,220605366.0,374.3546610529897,2.117330215406372,0.4314082264130182,0.8013563757561636,,374.3546610529897,0.10764245078045624,13.872352343372889,4.958252755477711,2.1348739127542844,0.29301770454321907,3.7766260574672392,0.014774242005891235,0.08284853726863746,1.7898661549139292,0.057949047618331195,-43.49919829525187,0.7731080210316219,0.5419548280182055,-0.2536647584585876,-0.24916664481087133,0.0,0.16586324731330504,0.9960686625300059,0.7908108705366323,-0.2536647584585876,-0.24916664481087133,0.0,Marine Shipping,Industrials,ESEA
