Quarters,Year,Quarter,FillingDate,Date,NetIncome,Revenue,OperatingIncome,EPSDiluted,GrossProfit,GrossProfitRatio,TotalAssets,CommonStockEquity,CurrentAssets,CurrentLiability,TotalLiability,Inventory,RetainedEarnings,MarketCap,EnterpriseValue,bookValuePerShare,currentRatio,debtToAssets,debtToEquity,roic,shareholdersEquityPerShare,roe,priceToSalesRatio,peRatio,pbRatio,payoutRatio,inventoryTurnover,dividendYield,assetTurnover,quickRatio,returnOnAssets,priceToFreeCashFlowsRatio,grossProfitMargin,epsdilutedGrowth,fiveYNetIncomeGrowthPerShare,fiveYRevenueGrowthPerShare,fiveYShareholdersEquityGrowthPerShare,grossProfitGrowth,netIncomeGrowth,operatingIncomeGrowth,threeYNetIncomeGrowthPerShare,threeYRevenueGrowthPerShare,threeYShareholdersEquityGrowthPerShare,Industry,Sector,Symbol
2023Q1,2023,Q1,2023-04-27,2023-03-31,29397000.0,292718000.0,75197000.0,0.29,106122000.0,0.3625400556,2441444000.0,73632000.0,154541000.0,105066000.0,2367288000.0,192790000.0,-296205000.0,2788401730.2000003,4849314730.200001,0.7383264390143435,1.4708944853711001,0.8609277951900597,28.54610767057801,0.0323362019524397,0.7383264390143435,0.3992421773142112,9.52589772477265,23.713318792733954,37.86942810462842,1.2487668809742491,0.9678717775818247,0.013165247891797481,0.11989543892876511,1.4708944853711001,0.012040825019947212,-28.192157584397467,0.3625400556166686,0.44999999999999984,43.0174773269434,2.476212557097197,-0.9425059924809643,-0.02271869158017847,0.09686205738591844,-0.040560885985505765,14.126908166896348,1.2372139772033732,-0.9503614480691516,Rental & Leasing Services,Industrials,FTAI
2022Q4,2022,Q4,2023-02-27,2022-12-31,26801000.0,274291000.0,78376000.0,0.2,108589000.0,0.3958897667,2429577000.0,18878000.0,152508000.0,86452000.0,2410175000.0,-8600000.0,-325602000.0,1704576545.44,3846738545.44,0.18960213952525967,1.7640771757738398,0.8955167916061109,115.25198643924145,0.03747954023962652,0.18960213952525967,1.419694882932514,6.2144822303320195,15.900307315398681,90.2943397309037,1.368978769448901,-19.267674418604653,0.02152440739499279,0.11289660710485817,1.538518484245593,0.011031138342188784,-5.550992410478188,0.3958897667076207,5.796163069544365,5.7760874783836895,2.3980169696383653,-0.9848305679841918,0.09064521312924351,7.462744152399325,0.16255543853924084,-0.8751996269512634,0.7823444455876958,-0.987475519917413,Rental & Leasing Services,Industrials,FTAI
2022Q3,2022,Q3,2022-11-17,2022-09-30,-4147000.0,230365000.0,67417000.0,-0.0417,99564000.0,0.4322010722,2277985000.0,25524000.0,167609000.0,102506000.0,2251937000.0,160019000.0,-352403000.0,1490184671.145,3441991671.145,0.256835536837138,1.6351140421048524,0.8887455360768398,79.31942485503839,-3.2470190898893194,0.256835536837138,-0.16247453377213603,6.468798086276127,-89.83510194990353,58.38366522273154,-9.545695683626718,0.8174091826595592,0.026564492821942436,0.10112665359956277,1.8524671726533082,-0.0018204685281070772,-43.975113499129456,0.43220107221149046,-1.4263803680981597,-2.05465181547848,1.909776103463427,-0.9801567181304328,-0.1792597477536889,-1.4248975409836067,3.6781625147456802,-1.1397900359099011,0.22883731219725367,-0.9791754349751537,Rental & Leasing Services,Industrials,FTAI
2022Q2,2022,Q2,2022-07-29,2022-06-30,9760000.0,177932000.0,14411000.0,0.0978,121310000.0,0.6817773082,4882148000.0,698874000.0,463367000.0,253207000.0,4192877000.0,118600000.0,-336345000.0,1921821621.34,5712478621.34,7.033026900059405,1.8299928516984127,0.800776830198511,5.594014085514699,0.0022815532890563717,7.033026900059405,0.013965321359787316,10.800876859362003,49.22698825153688,2.749882842028749,4.081045081967213,0.47741989881956154,0.020725648810334243,0.03644543344445928,1.520333166144696,0.0019991200594492425,-8.902020609673624,0.6817773081851494,1.0423376623376623,6.096777219843115,1.6499256281522698,-0.46544743843543895,0.5251829314290025,1.0424977902019952,1.2285682564354707,-0.5846159729579843,-0.03167007149927307,-0.3884433630743821,Rental & Leasing Services,Industrials,FTAI
2022Q1,2022,Q1,2022-04-29,2022-03-31,-229659000.0,137839000.0,-63049000.0,-2.31,79538000.0,0.577035527,4758497000.0,767944000.0,464780000.0,191131000.0,3997502000.0,116000000.0,-354585000.0,2558697082.75,6225860082.75,7.728370088555767,2.4317353019656673,0.8011834409058154,4.964462252455908,-0.013757913712743047,7.728370088555767,-0.299056962486848,18.562939971633572,-2.78532202390283,3.3318797760644006,-0.17216830169947617,0.5025948275862069,0.015453177426342224,0.028966919596670967,1.7206889515567856,-0.0482629283994505,-9.221859304944857,0.577035526955361,-10.549999999999999,-38.6700322129023,1.3525475373491576,-0.43120586108282355,-0.45438206563494676,-10.611254360685576,-2.8172882919236755,-30.149507501278578,-0.04291972302027031,-0.27756848453273136,Rental & Leasing Services,Industrials,FTAI
2021Q4,2021,Q4,2022-02-28,2021-12-31,-19779000.0,145776000.0,34694000.0,-0.2,145776000.0,1.0,4863854000.0,1124292000.0,622869000.0,202669000.0,3739754000.0,-87300000.0,-132392000.0,2869584310.44,6048905310.440001,11.330743802057683,3.073331392566204,0.6923314310010128,2.9951284897517727,0.007965185514871825,11.330743802057683,-0.017592404820100115,19.684888530622324,-36.27059394357652,2.552347886883479,-2.0019212295869355,0.0,0.01379851425028479,0.029971294368622083,2.642293592014566,-0.004066528312733071,-8.138471363575775,1.0,0.5454545454545454,-7.328635762681729,1.6280945110636775,-0.18551456246723821,0.0,0.3834476309226933,0.6111265905080339,-17.351455548346593,-0.09374042706923953,-0.03363534767428886,Rental & Leasing Services,Industrials,FTAI
2021Q3,2021,Q3,2021-10-29,2021-09-30,-32080000.0,135962000.0,21534000.0,-0.44,0.0,0.0,4682517000.0,1197468000.0,678925000.0,213441000.0,3478475000.0,0.0,-120136000.0,2240493025.86,5122564025.860001,13.564754493415265,3.1808555994396577,0.653093838207101,2.5538244028232904,0.004912006091849309,13.564754493415265,-0.026789859937802096,16.478817801003224,-17.460201261377804,1.8710253851125875,-1.0972568578553616,0.0,0.01571082774805277,0.029036093195176867,2.210573413730258,-0.006851016237634589,-18.92739920302772,0.0,-0.047619047619047665,-20.572106556038136,1.7958873061064868,-0.04286417628328141,0.0,-0.06993963245839309,1.032851883319173,-7.724056973510183,0.28974247698307976,0.14391145602261574,Rental & Leasing Services,Industrials,FTAI
2021Q2,2021,Q2,2021-07-29,2021-06-30,-29983000.0,96915000.0,10593000.0,-0.42,0.0,0.0,3553946000.0,1027566000.0,332196000.0,148367000.0,2512933000.0,0.0,-88056000.0,2886328374.6,4972290374.6,11.944184730809665,2.239015414478961,0.6165557946012685,2.132423610746171,0.0030883723013696565,11.944184730809665,-0.02917866103004576,29.78206030645411,-24.066374066971285,2.8088982844897554,-1.1660941200013342,0.0,0.01211331333873102,0.027269688397066248,2.3380873105205335,-0.008436537865234869,-25.031900981735554,0.0,-0.049999999999999906,-1.3580025464462393,1.5700052817673709,-0.1773521128773765,0.0,-0.002273107136887849,17.9488,-35.544155782763234,0.3015074276535603,-0.033653240050816914,Rental & Leasing Services,Industrials,FTAI
2021Q1,2021,Q1,2021-04-30,2021-03-31,-29915000.0,77149000.0,-625000.0,-0.4,0.0,0.0,3592047000.0,1125019000.0,319340000.0,101155000.0,2448395000.0,0.0,-58073000.0,2425127741.36,4406508741.360001,13.077367047153887,3.156937373337947,0.5962151942889389,1.9036416273858485,-0.00018855160454381384,13.077367047153887,-0.026590662024374698,31.434337987012146,-20.266820502757817,2.1556326971900033,-1.1033929466822665,0.0,0.013610829416140063,0.02147772565336701,3.4117542385448076,-0.008328120428268339,-11.922889962979534,0.0,0.4285714285714285,-3.554327365011463,1.1591437170936874,-0.12787952715416848,0.0,0.46481922106732027,0.9204834605597965,-48.567224558440586,0.062101026925573365,0.01834391890664561,Rental & Leasing Services,Industrials,FTAI
2020Q4,2020,Q4,2021-02-26,2020-12-31,-55897000.0,75638000.0,-7860000.0,-0.7,0.0,0.0,3387977000.0,1076658000.0,260036000.0,113185000.0,2288656000.0,0.0,-28158000.0,2018083204.92,3863143204.92,12.516033342144226,2.2974422405795822,0.580512500527601,1.8267295650057864,-0.0025493781572011676,12.516033342144226,-0.05191713617508995,26.680811297495968,-9.025901233160994,1.8743957736997265,-0.5907472672952037,0.0,0.016362556270968522,0.022325417203245476,2.433370146220789,-0.016498636206798336,-20.202246430416242,0.0,-1.3333333333333333,-9.470614690699007,0.9698726870503107,-0.18742594804641913,0.0,-1.6202128158252473,-1.8615586977967773,-17.357547604286953,0.084565311908003,0.0013658989641891562,Rental & Leasing Services,Industrials,FTAI
2020Q3,2020,Q3,2020-10-30,2020-09-30,-21333000.0,83709000.0,9123000.0,-0.3,0.0,0.0,3375330000.0,1175378000.0,254649000.0,88050000.0,2174483000.0,0.0,60760000.0,1473562033.26,3217545033.26,13.663642714420732,2.8920954003407155,0.5521777129939888,1.5856873278213477,0.0026775555031171,13.663642714420732,-0.018149905817532744,17.603388324552917,-17.26857489874842,1.2536920320611753,-1.5478366849482024,0.0,0.022408286352864962,0.024800241754139595,3.036252129471891,-0.006320270906844664,-10.347466668024268,0.0,-1.2213315857438014,-0.5997309661775406,1.0912774444641173,-0.13485576040459307,0.0,-0.8365185950413223,-0.5166110316324909,-7.26771966842326,0.22151215198473342,0.055661989326800845,Rental & Leasing Services,Industrials,FTAI
2020Q2,2020,Q2,2020-07-31,2020-06-30,-11616000.0,94309000.0,18873000.0,-0.13505412785977494,0.0,0.0,3287494000.0,1222699000.0,170671000.0,108360000.0,2036003000.0,0.0,115113000.0,1117269367.41,2951139367.41,14.215784011709621,1.5750369139904024,0.5733059893037067,1.5414586909779104,0.004807595745709741,14.215784011709621,-0.009500294021668456,11.846900798545208,-24.045914415676652,0.9137730278752171,-2.7952823691460056,0.0,0.029061926288438737,0.028687200645841484,1.554937246216316,-0.003533390479191749,-6.899194572192514,0.0,-7.930637708426123,-9.145844219760729,1.0541704238550018,-0.26679423570596,-1.0,-7.930787589498807,-0.32038170687792583,-6.008261548900306,0.6227089426907096,0.08048552438264142,Rental & Leasing Services,Industrials,FTAI
2020Q1,2020,Q1,2020-05-01,2020-03-31,1676000.0,112840000.0,27770000.0,0.019486536959734454,112840000.0,1.0,3176588000.0,1279289000.0,189328000.0,82928000.0,1864764000.0,0.0,159199000.0,705266411.8,2170881411.8,14.874052733103658,2.2830407100135055,0.4755841802588186,1.1809176816184614,0.009522626495548765,14.874052733103658,0.0013101027211208727,6.250145443105281,105.2008370823389,0.5512956117030631,19.647971360381863,0.0,0.04669157562169332,0.03552239069089224,1.9662840054022768,0.0005276101275960244,-5.534626705276705,1.0,-0.9908513910987161,-0.7370931623786402,1.838534285502628,0.6614929302972598,0.0,-0.9909642289133892,0.2900078970595067,1.3344686288702676,1.2250084440265463,0.09470352992831081,Rental & Leasing Services,Industrials,FTAI
2019Q4,2019,Q4,2020-02-28,2019-12-31,185485000.0,132921000.0,21527000.0,2.13,0.0,0.0,3236922000.0,1301877000.0,300302000.0,144855000.0,1898065000.0,0.0,190453000.0,1680393475.26,2985818475.26,15.138523777036198,2.073121397259328,0.4732696679129123,1.1767140828204201,0.006391260319943391,15.138523777036198,0.14247505716745898,12.642046593540524,2.264864376175971,1.2907467258888512,0.16295118203628325,0.0,0.01798685870005739,0.04106401081026976,1.9626315971143558,0.057302894539936394,-5.401561827807672,0.0,6.1,30.40090226797976,2.5311480745141535,0.3182166863871805,0.0,6.22546842740836,0.3936039360393604,91.11822034949813,1.7649216119938715,0.08819927248732576,Rental & Leasing Services,Industrials,FTAI
2019Q3,2019,Q3,2019-11-01,2019-09-30,25671000.0,162221000.0,15447000.0,0.3,0.0,0.0,3135013000.0,1060615000.0,221174000.0,135155000.0,2029361000.0,0.0,6806000.0,1302840415.05,3061528415.05,12.33329659134295,1.636447042284784,0.5926709075847533,1.7518430344658524,0.004974082295128242,12.33329659134295,0.02420388171013987,8.031268547537001,12.68786193613416,1.2283820378271098,1.1058003194265904,0.0,0.02178854729411397,0.051744920993948035,1.2573193740520143,0.008188482790980452,-10.155274023711533,0.0,0.25,2.9621280080981585,5.276529059065669,0.0,0.0,0.26259098957308674,0.1328932893289329,18.720434773854304,2.4243849633638432,-0.1297564583400344,Rental & Leasing Services,Industrials,FTAI
2019Q2,2019,Q2,2019-08-02,2019-06-30,20332000.0,159005000.0,13635000.0,0.24,0.0,0.0,3088509000.0,988877000.0,256346000.0,117280000.0,2050276000.0,0.0,-18865000.0,1289816535.0,3129411535.0,11.500205337342802,2.185760572987722,0.6330413801611069,1.9771457926516645,0.005341615354168278,11.500205337342802,0.02056069662859992,8.11179859123927,15.859439983769427,1.3043245368230834,1.3960259689159944,0.0,0.022006230521769518,0.05148277048893171,1.6842513642564803,0.006583111786302063,-9.224044102923509,0.0,4.428571428571428,10.357155176426224,8.216141938258925,0.7935254810699289,0.0,4.186833855799373,-0.06647952896070108,2.5998004670656134,3.2186192510008507,-0.20793090232119485,Rental & Leasing Services,Industrials,FTAI
2019Q1,2019,Q1,2019-05-03,2019-03-31,-6380000.0,124627000.0,14606000.0,-0.07,0.0,0.0,2947700000.0,919859000.0,300317000.0,166136000.0,1974646000.0,0.0,-39197000.0,1476387398.0100002,2895889398.01,10.697720023408804,1.807657581740261,0.5224469925704787,1.674188109264572,0.006114433340149725,10.697720023408804,-0.00693584560242385,11.846448987859775,-57.85217076841693,1.6050148968591926,-4.448746081504702,0.0,0.019224629008793362,0.04227940428130407,1.1572386478547696,-0.002164399362214608,-8.660230280621075,0.0,-8.0,-3.7838653291992115,9.076139022039888,0.0,0.0,-7.152362584378014,-0.2362077079956074,0.028225664063889055,2.48957791723448,-0.2865765248045026,Rental & Leasing Services,Industrials,FTAI
2018Q4,2018,Q4,2019-02-28,2018-12-31,1037000.0,137900000.0,19123000.0,0.01,0.0,0.0,2638778000.0,997399000.0,193249000.0,112188000.0,1584996000.0,0.0,-32817000.0,1219833892.5,2577392892.5,11.72512236947868,1.722546083360074,0.5522101518202743,1.460959956847761,0.005891057108432751,11.72512236947868,0.0010397042708083725,8.845786022480057,294.0776018563163,1.2230149543963849,26.963355834136934,0.0,0.022921973370239015,0.05225903808505301,1.5332566762933648,0.00039298493469325577,-6.49784472564175,0.0,-0.7999999999999999,0.0,0.0,0.0,0.0,-0.7734818698121451,0.11128544862854486,1.1964363928233337,2.631799828101668,-0.2387739842991964,Rental & Leasing Services,Industrials,FTAI
2018Q3,2018,Q3,2018-11-02,2018-09-30,4578000.0,101155000.0,17208000.0,0.05,0.0,0.0,2473161000.0,1004487000.0,252452000.0,83648000.0,1410841000.0,0.0,-33854000.0,1533216085.1000001,2629169085.1000004,11.858220688321424,3.0180279265493497,0.5091047448993413,1.2534736636711077,0.004314221703767175,11.858220688321424,0.004557550271929851,15.157096387721815,83.72739652140675,1.5263672751364628,6.107688947138488,0.0,0.018236829284357735,0.04090109782581886,2.7507770657995407,0.0018510723725628862,-9.908337114514671,0.0,4.0,-0.28267609897549617,2.9733207149593195,0.0,0.0,4.456495828367104,5.955537590945837,1.348623834132066,1.5663336727379935,-0.24917011262854197,Rental & Leasing Services,Industrials,FTAI
2018Q2,2018,Q2,2018-08-03,2018-06-30,839000.0,71979000.0,2474000.0,0.01,0.0,0.0,2211272000.0,1027870000.0,132020000.0,83920000.0,1121946000.0,0.0,-38432000.0,1502701868.59,2460907868.59,12.360143610806714,1.573164918970448,0.4515613637761433,0.9714506698317881,0.0013311077686217548,12.360143610806714,0.0008162510823353148,20.87694839592103,447.7657534535161,1.461957123556481,32.57330154946365,0.0,0.018186574843114468,0.03255094805161916,1.1736653956148713,0.00037941962815971986,-8.651731084415733,0.0,2.4254275174825177,1.399252550110061,3.3138614192390934,0.9276379738787897,0.0,2.4667832167832167,-0.43165632896852746,1.7579274112339474,0.6215233523408482,-0.3625023751429554,Rental & Leasing Services,Industrials,FTAI
2018Q1,2018,Q1,2018-05-04,2018-03-31,-572000.0,68844000.0,4353000.0,-0.007015439141838124,0.0,0.0,2047826000.0,1047049000.0,152701000.0,56031000.0,921332000.0,0.0,-39271000.0,1300474541.3,2013488541.3,12.84179814339592,2.7252949260230945,0.3876940716642918,0.7582548667731883,0.00249693421941358,12.84179814339592,-0.0005462972602046322,18.890165320144092,-568.3892225961539,1.2420379001364787,-47.78496503496503,0.0,0.021017712482611906,0.03361809059949429,2.2644250504185184,-0.00027932060634057774,-13.051338692130907,0.0,-1.175385978545953,-1.26321609357994,4.8699847510447665,0.0,0.0,-1.1900332225913621,2.67652027027027,-1.0946503179665485,0.8268182609639851,0.4344817253518406,Rental & Leasing Services,Industrials,FTAI
2017Q4,2017,Q4,2018-03-01,2017-12-31,3010000.0,61430000.0,1184000.0,0.04,0.0,0.0,1955806000.0,947068000.0,133126000.0,68226000.0,920731000.0,0.0,-38699000.0,1510130738.34,2230787738.34,12.498961024227793,1.9512502565004544,0.3988417051588961,0.8236546900539349,0.0007264712089897067,12.498961024227793,0.003178230074292448,24.58295195083835,125.42614105813954,1.5945325344537036,8.311295681063124,0.0,0.01656611534674127,0.031409045682444986,1.4616128748570927,0.0015390074475689307,-8.346953008733141,0.0,0.0,0.0,0.0,0.0,-1.0,0.004002668445630421,-0.5983717774762551,-0.421665624947693,0.8521750224890134,0.0883715762056819,Rental & Leasing Services,Industrials,FTAI
2017Q3,2017,Q3,2017-11-03,2017-09-30,2998000.0,60362000.0,2948000.0,0.04,35578000.0,0.5894105563102614,1909921000.0,980713000.0,250111000.0,51684000.0,831998000.0,0.0,-41709000.0,1366900343.1599998,1978516343.1599998,12.943198535673414,4.839234579366922,0.4125683732468516,0.8034695165660086,0.003655091215409249,12.943198535673414,0.003056959579408043,22.645047267486163,113.9843514976651,1.3937822208536035,8.34456304202802,0.0,0.018301992625274866,0.03160444856096142,4.1338325207027315,0.0015696984325529694,-20.27260023077151,0.5894105563102614,3.0,-0.47483519356538917,1.6506620525509983,0.0,0.0,3.0534246575342467,0.20671305771592305,-0.47483519356538917,1.6506620525509983,0.0,Rental & Leasing Services,Industrials,FTAI
2017Q2,2017,Q2,2017-08-04,2017-06-30,-1460000.0,51194000.0,2443000.0,-0.02,0.0,0.0,1743707000.0,996798000.0,120215000.0,48326000.0,642457000.0,0.0,-44707000.0,1207657023.56,1741024023.56,13.156848186218982,2.487584323138683,0.3245625555210824,0.5677599674156649,0.001698988367472818,13.156848186218982,-0.0014646899371788466,23.58981567293042,-206.7905862260274,1.2115363629943077,-17.13082191780822,0.0,0.020710350299848506,0.029359290293610108,1.4228779538964533,-0.0008372966329779028,-6.654710997498264,0.0,0.6666666666666666,0.23739794164269784,2.3677420865390455,1.0518887950573494,0.0,0.6692342546443135,2.6906574394463667,0.23739794164269784,2.3677420865390455,1.0518887950573494,Rental & Leasing Services,Industrials,FTAI
2017Q1,2017,Q1,2017-05-05,2017-03-31,-4414000.0,44673000.0,-1445000.0,-0.06,0.0,0.0,1759098000.0,1029404000.0,309477000.0,33362000.0,622537000.0,0.0,-43247000.0,1129615639.53,1476875639.53,13.587288545673841,9.276332354175409,0.3231667593277919,0.5522438226391193,-0.0009256215886350953,13.587288545673841,-0.004287918057439062,25.286317004230742,-63.9791368107159,1.0973491841201317,-5.666742183960127,0.0,0.022142929970770567,0.025395401506908655,7.596816737605659,-0.0025092405312267993,-17.133300564681257,0.0,-1.9999999999999996,-3.185933036027045,3.099247208822253,0.0,0.0,-1.434638720353006,-2.415279138099902,-3.185933036027045,3.099247208822253,0.0,Rental & Leasing Services,Industrials,FTAI
2016Q4,2016,Q4,2017-02-24,2016-12-31,-1813000.0,42346000.0,1021000.0,-0.02,0.0,0.0,1547312000.0,1053812000.0,164571000.0,38239000.0,381632000.0,0.0,-38833000.0,1007487541.9000001,1272506541.9,13.911536388398492,4.303747482936269,0.21525975368897804,0.3160658637404015,0.0007455344450601829,13.911536388398492,-0.0017204207202043628,23.791799506446893,-138.9254746138996,0.9560410603599124,-13.794815223386651,0.0,0.02482412829922855,0.02736746047338869,2.5923795078323177,-0.0011717093902199427,-11.35517094280079,0.0,0.0,0.0,0.0,0.0,0.0,-0.420846394984326,-0.4819888381532217,0.0,0.0,0.0,Rental & Leasing Services,Industrials,FTAI
2016Q3,2016,Q3,2016-11-04,2016-09-30,-1276000.0,41726000.0,1971000.0,-0.02,0.0,0.0,1554583000.0,1073493000.0,293387000.0,32382000.0,369397000.0,0.0,-37020000.0,947584962.0,1087378962.0,14.172235702913149,9.060187758631338,0.21720808731344676,0.314550723665641,0.0014175613797236528,14.172235702913149,-0.0011886430558932382,22.70970047452428,-185.65536089341694,0.8827118220612524,-19.600313479623825,0.0,0.026393411675944264,0.02684063829335584,7.087147180532394,-0.0008207988894771138,-15.916969781465742,0.0,0.8666666666666667,-1.223590902743769,0.8328923664295342,0.0,0.0,0.8860001786831055,1.2964355542186794,-1.223590902743769,0.8328923664295342,0.0,Rental & Leasing Services,Industrials,FTAI
2016Q2,2016,Q2,2016-08-04,2016-06-30,-11193000.0,33195000.0,-6649000.0,-0.15,0.0,0.0,1574552000.0,1099541000.0,374577000.0,33575000.0,359604000.0,0.0,-35744000.0,695960216.3499999,759347216.3499999,14.51919456401554,11.156425912137006,0.21567722120323748,0.30885160262327643,-0.004661504742892242,14.51919456401554,-0.01017970225757839,20.965814621177884,-15.544541596310193,0.6329552207239203,-2.3076923076923075,0.0,0.03711419042810636,0.021082187187212616,9.083037974683544,-0.007108688693672867,-12.818127200478864,0.0,-0.8749999999999999,-4.8489513967884434,1.1846346849321452,1.264354822484475,0.0,-0.9358353510895884,-1.1742969260954872,-4.8489513967884434,1.1846346849321452,1.264354822484475,Rental & Leasing Services,Industrials,FTAI
2016Q1,2016,Q1,2016-05-04,2016-03-31,-5782000.0,31453000.0,-3058000.0,-0.08,0.0,0.0,1606448000.0,1135525000.0,440123000.0,31086000.0,347371000.0,0.0,-24551000.0,753487321.55,748400321.55,14.994908908032972,14.1582384353085,0.21340560043026602,0.3019088087008212,-0.002053590426770054,14.994908908032972,-0.0050919178353624975,23.9559762677646,-32.57900906044621,0.6635585491732898,-4.181425112417848,0.0,0.03208680399593911,0.019579220740416122,12.035578717107379,-0.0035992450424788104,-17.517664928045008,0.0,-0.3333333333333334,-3.8647240683893056,1.8874950670324373,0.0,0.0,-0.23047456905724623,0.3059464366772583,-3.8647240683893056,1.8874950670324373,0.0,Rental & Leasing Services,Industrials,FTAI
2015Q4,2015,Q4,2016-03-10,2015-12-31,-4699000.0,33798000.0,-4406000.0,-0.06,0.0,0.0,1649641000.0,1166283000.0,500300000.0,256439000.0,358955000.0,0.0,-18769000.0,852586740.58,741940740.58,15.402944891057409,1.950951298359454,0.16431272016153817,0.2324110014464757,-0.003045622868092765,15.402944891057409,-0.004029039264055122,25.22595244038109,-45.36000960736327,0.7310290389039367,-5.317088742285593,0.0,0.0293049361558252,0.02048809407622628,1.8666817449763882,-0.0028484985521092165,-21.601427464085738,0.0,0.625,0.0,0.0,0.0,0.0,0.5996762651218266,-2.2207602339181287,0.0,0.0,0.0,Rental & Leasing Services,Industrials,FTAI
2015Q3,2015,Q3,2015-11-04,2015-09-30,-11738000.0,35233000.0,-1368000.0,-0.16,0.0,0.0,1682136000.0,1195854000.0,561718000.0,257684000.0,361326000.0,0.0,-14070000.0,971464287.89,798107287.89,15.793485165907903,2.1798714704832274,0.1634481397461323,0.22991268164842865,-0.0009388798937132709,15.793485165907903,-0.009815579493817807,27.572567987114354,-20.690583742758562,0.8123602780021641,-0.9676265121826546,0.0,0.011691628958043675,0.020945393238121057,2.1171240744477733,-0.006978032691768085,-8.552600983299145,0.0,-15.0,-3.057587091858919,0.5482478982244842,0.0,0.0,-13.02389486260454,-3.9745454545454546,-3.057587091858919,0.5482478982244842,0.0,Rental & Leasing Services,Industrials,FTAI
2015Q2,2015,Q2,2015-08-13,2015-06-30,-837000.0,33564000.0,-275000.0,-0.01,0.0,0.0,2010542000.0,1219132000.0,997009000.0,264646000.0,668093000.0,0.0,-2332000.0,1139996686.99,1152956686.99,19.388532802107946,3.767330698366875,0.290605219885981,0.4792540922558017,-0.00016059517676868961,19.388532802107946,-0.0006865540400875377,33.96486375253247,-340.50080256571084,0.9350888066181512,-25.3273596176822,0.0,0.01859566807687219,0.016694005894927835,3.7002599699220844,-0.0004163056529035454,-23.32569490291163,0.0,-1.1349163518618455,0.4732311509092194,1.6603757590117696,2.02375710703401,0.0,-1.15363436123348,-1.0463743676222597,0.4732311509092194,1.6603757590117696,2.02375710703401,Rental & Leasing Services,Industrials,FTAI
2015Q1,2015,Q1,2015-03-31,2015-03-31,5448000.0,33973000.0,5930000.0,0.07412,0.0,0.0,1438619000.0,658014000.0,461718000.0,268343000.0,671815000.0,0.0,0.0,1067078399.7947379,1618389399.7947378,8.952221500239862,1.7206262134656019,0.40914446423966316,0.8945144024291276,0.004253153460123004,8.952221500239862,0.008279459099654414,31.40960173651835,48.9665198143694,1.6216651922219556,4.35352422907489,0.0,0.02222704536476642,0.023615008560292892,1.6593948789422492,0.003786965138094242,-28.00216232699341,0.0,0.0790837950367348,1.7809319528431584,2.2132286371755785,0.0,0.0,0.48244897959183675,7.295116772823779,1.7809319528431584,2.2132286371755785,0.0,Rental & Leasing Services,Industrials,FTAI
2014Q4,2014,Q4,2014-12-31,2014-12-31,3675000.0,23419000.0,-942000.0,0.06868790018061273,0.0,0.0,1404201000.0,614432000.0,453610000.0,286543000.0,690704000.0,0.0,0.0,776728279.7947379,1347470279.7947378,11.48409357381612,1.58304338266857,0.4222094984977222,0.9649025441383261,-0.0006061388230911146,11.48409357381612,0.005981133795114838,33.16658609653435,52.838658489437954,1.2641403439188357,8.867755102040816,0.0,0.04195675739862611,0.016677811794750183,1.5094628031394939,0.0026171466905378932,-3.550287183846429,0.0,-0.08831859811774675,0.0,0.0,0.0,0.0,-0.08831555445298933,-2.8727634194831015,0.0,0.0,0.0,Rental & Leasing Services,Industrials,FTAI
2014Q3,2014,Q3,2014-09-30,2014-09-30,4031000.0,16080000.0,503000.0,0.075342,0.0,0.0,,,,,,,,776728279.7947379,,,0.0,0.0,0.0,0.0,,0.0,48.303997499672754,48.172183068391085,0.0,8.682709005209626,0.0,0.045060802999537075,0.0,0.0,0.0,-3.6132610728893777,0.0,3.9814800158290464,0.0,0.0,0.0,0.0,3.981508875739645,-0.8488581730769231,0.0,0.0,0.0,Rental & Leasing Services,Industrials,FTAI
2014Q2,2014,Q2,2014-06-30,2014-06-30,-1352000.0,10735000.0,3328000.0,-0.02527,0.0,0.0,457112000.0,343064000.0,173007000.0,21079000.0,110485000.0,0.0,0.0,776728279.7947379,787227279.7947379,6.412066880969177,8.207552540443094,0.1501316963895063,0.20004139169367816,0.012174437315782532,6.412066880969177,-0.003940955623440524,72.35475359056711,-143.62579138216307,2.2640914808745247,-3.258136094674556,0.0,0.005671223920370308,0.023484397696844538,8.154419090089663,-0.002957699644726019,-18.24333614700155,0.0,-1.9481109068397553,0.0,0.0,0.0,0.0,-1.9481065918653577,-0.23494252873563218,0.0,0.0,0.0,Rental & Leasing Services,Industrials,FTAI
2014Q1,2014,Q1,2014-03-31,2014-03-31,1426000.0,7696000.0,4350000.0,0.026653,0.0,0.0,,,,,,,,776728279.7947379,,,0.0,0.0,0.0,0.0,,0.0,100.92623178206054,136.1725595713075,0.0,2.808555399719495,0.0,0.005156243314661314,0.0,0.0,0.0,-31.66184085254924,0.0,0.0,0.0,0.0,0.0,0.0,0.0,0.0,0.0,0.0,0.0,Rental & Leasing Services,Industrials,FTAI
2013Q4,2013,Q4,2013-12-31,2013-12-31,,,,,,,278647000.0,192429000.0,125958000.0,5142000.0,82763000.0,0.0,0.0,0.0,136550000.0,0.0,24.495915985997666,0.26337265429019513,0.38137702737113427,,0.0,,0.0,0.0,0.0,0.0,0.0,,,24.239206534422404,,0.0,0.0,0.0,0.0,0.0,0.0,0.0,0.0,0.0,0.0,0.0,0.0,Rental & Leasing Services,Industrials,FTAI
