Quarters,Year,Quarter,FillingDate,Date,NetIncome,Revenue,OperatingIncome,EPSDiluted,GrossProfit,GrossProfitRatio,TotalAssets,CommonStockEquity,CurrentAssets,CurrentLiability,TotalLiability,Inventory,RetainedEarnings,MarketCap,EnterpriseValue,bookValuePerShare,currentRatio,debtToAssets,debtToEquity,roic,shareholdersEquityPerShare,roe,priceToSalesRatio,peRatio,pbRatio,payoutRatio,inventoryTurnover,dividendYield,assetTurnover,quickRatio,returnOnAssets,priceToFreeCashFlowsRatio,grossProfitMargin,epsdilutedGrowth,fiveYNetIncomeGrowthPerShare,fiveYRevenueGrowthPerShare,fiveYShareholdersEquityGrowthPerShare,grossProfitGrowth,netIncomeGrowth,operatingIncomeGrowth,threeYNetIncomeGrowthPerShare,threeYRevenueGrowthPerShare,threeYShareholdersEquityGrowthPerShare,Industry,Sector,Symbol
2023Q1,2023,Q1,2023-05-08,2023-03-31,3485000.0,39993000.0,1682000.0,1.98,15081000.0,0.3770909909,261429000.0,238641000.0,114589000.0,17171000.0,22788000.0,75093000.0,377380000.0,1106377420.0,1101814420.0,135.43757094211125,6.673402830353503,0.0,0.0,0.006142318177672988,135.43757094211125,0.014603525798165444,27.664276748430975,79.36710329985652,4.6361581622604655,1.085796269727403,0.3317486316966961,0.003420171029882371,0.152978437740266,2.1547958767689708,0.013330579239487586,-344.1298351477449,0.3770909909234116,-0.5787234042553192,-0.5683977912670605,0.06687077118325936,0.3134681275647755,-0.17018818091779464,-0.5812304734438837,-0.7048087048087048,-0.5881112821333163,-0.035223361971159245,0.06795328857701229,Medical Instruments & Supplies,Healthcare,ATRI
2022Q4,2022,Q4,2023-02-27,2022-12-31,8322000.0,42855000.0,5698000.0,4.7,18174000.0,0.4240812041,264712000.0,239541000.0,119397000.0,18098000.0,25171000.0,65793000.0,377682000.0,990226500.0000001,985495500.0000001,135.33389830508474,6.597248314730909,0.0,0.0,0.02252580135065892,135.33389830508474,0.03474144300975616,23.106440322016102,29.747251261715935,4.133849737623205,0.45614035087719296,0.3751310929734166,0.0038334663837011024,0.16189292514128562,2.7535639297159906,0.031437940100939886,-115.50524903767644,0.424081204060203,-0.048582995951417046,0.0071176246878149625,0.3179042111849262,0.3592987594692547,0.029513397156290717,-0.058490779499943434,-0.4066437571592211,0.08155308380414321,0.3031105574936539,0.05538479571165839,Medical Instruments & Supplies,Healthcare,ATRI
2022Q3,2022,Q3,2022-11-08,2022-09-30,8839000.0,44631000.0,9603000.0,4.94,17653000.0,0.3955322534,271954000.0,246275000.0,132681000.0,17879000.0,25679000.0,59624000.0,373163000.0,1009090000.0,981965000.0,137.89193729003358,7.421052631578948,0.0,0.0,0.03256416179302906,137.89193729003358,0.03589077251040503,22.609621115368242,28.540841724176946,4.097411430311644,0.4340988799637968,0.4524688045082517,0.003802435858050323,0.16411231311177626,3.8849488226410873,0.03250182016076248,1882.6305970149253,0.3955322533664941,-0.049999999999999954,0.1498729366518017,0.22101938823682626,0.4310699736126005,-0.15264244227907647,-0.054450149764655544,-0.1292954936984314,-0.04320121703924986,0.19217308225823126,0.10109357815377329,Medical Instruments & Supplies,Healthcare,ATRI
2022Q2,2022,Q2,2022-08-08,2022-06-30,9348000.0,48882000.0,11029000.0,5.2,20833000.0,0.4261895994,275317000.0,246455000.0,137574000.0,19273000.0,28862000.0,54281000.0,368165000.0,1128174840.0,1111737840.0,137.3773690078038,7.138172573029627,0.0,0.0,0.03777912605129795,137.3773690078038,0.037929845205007,23.07955566466184,30.17155648267009,4.577609867927208,0.3730209670517758,0.5167369797903502,0.0030908329776260565,0.17754806277854254,4.053442639962642,0.033953588045779956,-956.080372881356,0.42618959944355794,0.10403397027600854,-0.04163822889917663,0.3893478205380986,0.4700525666938842,0.08257119102057785,0.09989410518884574,0.076,-0.00034746063035726564,0.2596775677213116,0.13068295365563454,Medical Instruments & Supplies,Healthcare,ATRI
2022Q1,2022,Q1,2022-05-09,2022-03-31,8499000.0,47138000.0,10250000.0,4.71,19244000.0,0.4082481225,271638000.0,246230000.0,138733000.0,16186000.0,25408000.0,51414000.0,362313000.0,1282687000.0,1257801000.0,136.87048360200112,8.571172618312122,0.0,0.0,0.03478118529189745,136.87048360200112,0.03451650895504203,27.211315711315713,37.73052712083774,5.2093043089794095,0.4118131544887634,0.54253705216478,0.0027286469731119126,0.17353242182610681,5.215494872111702,0.031287964128730146,300.3950819672131,0.4082481225338368,0.04666666666666666,-0.12873623258035588,0.24873478201466345,0.49769426467937244,0.10750460405156538,0.045773348098929495,0.1882680268954324,-0.0724611433843836,0.1667449913500003,0.16295633366428408,Medical Instruments & Supplies,Healthcare,ATRI
2021Q4,2021,Q4,2022-02-25,2021-12-31,8127000.0,40293000.0,8626000.0,4.5,17376000.0,0.4312411585,267264000.0,244296000.0,136571000.0,13346000.0,22968000.0,50778000.0,357324000.0,1269524900.0,1237260900.0,135.6446418656302,10.233103551625955,0.0,0.0,0.03326702033598585,135.6446418656302,0.03326702033598585,31.507331298240388,39.0526916451335,5.196666748534565,0.43201673434231574,0.4513174997045965,0.0027656015254210456,0.1507610452586207,6.170088416004796,0.03040813577586207,221.13306044243163,0.4312411585138858,-0.01746724890829696,0.4782444504444221,0.22634533847107813,0.5188324993544012,-0.02327150084317032,-0.01812250815512867,-0.0898923823591475,0.07906176785254806,0.18697742888645041,0.19254684735756913,Medical Instruments & Supplies,Healthcare,ATRI
2021Q3,2021,Q3,2021-11-08,2021-09-30,8277000.0,42855000.0,9478000.0,4.58,17790000.0,0.4151207560378019,268934000.0,239279000.0,133766000.0,14816000.0,29655000.0,47307000.0,352717000.0,1257592500.0,1233936500.0,132.7115917914587,9.02848272138229,0.0,0.0,0.03420169658493156,132.7115917914587,0.03459141838606815,29.34529226461323,37.98455056179775,5.255757922759623,0.42418750755104506,0.5298370220052001,0.0027918423495687196,0.15935136501892658,5.296098812095033,0.030777067979504264,148.7746953744233,0.4151207560378019,-0.06147540983606554,0.10034082063560124,0.14650222845629524,0.523060822277637,-0.004309621089158784,-0.07250112057373376,-0.032363450740173556,-0.07748247372118285,0.12144003514029225,0.19866531285587596,Medical Instruments & Supplies,Healthcare,ATRI
2021Q2,2021,Q2,2021-08-09,2021-06-30,8924000.0,42693000.0,9795000.0,4.88,17867000.0,0.4184995198276064,267638000.0,240721000.0,125828000.0,12669000.0,26917000.0,47725000.0,347954000.0,1133818180.0,1116748180.0,131.82968236582695,9.931959902123292,0.0,0.0,0.03318891119352946,131.82968236582695,0.037071962977887264,26.55747265359661,31.76317178395338,4.710092513739972,0.35701479157328553,0.5201885804085908,0.0028099743470333138,0.15951770675315163,5.54345252190386,0.033343546133209785,256.7523052536232,0.4184995198276064,0.15639810426540288,0.19522835699111268,0.17863701260409576,0.5639034890584865,0.09351857518820002,0.15506083354905514,0.09674168626133692,0.028881074537384047,0.11465224978572526,0.23271872108287775,Medical Instruments & Supplies,Healthcare,ATRI
2021Q1,2021,Q1,2021-05-10,2021-03-31,7726000.0,39169000.0,8931000.0,4.22,16339000.0,0.4171411064872731,268843000.0,244751000.0,119959000.0,10777000.0,24092000.0,49519000.0,342221000.0,1171032060.0,1141605060.0,134.03669222343922,11.131019764312889,0.0,0.0,0.03039272064678793,134.03669222343922,0.031566776029515714,29.89690980111823,37.89257248252653,4.78458539495242,0.4140564328242299,0.46103515822209656,0.002731778325522531,0.14569469913667085,6.314837153196622,0.0287379623051372,268.5853348623853,0.4171411064872731,0.04975124378109458,0.11062731191800373,0.07979146387364365,0.6448710883955092,0.17302031732356954,0.04830393487109905,0.41201581027667983,-0.0767045172237523,0.008266757452989906,0.29988246197168866,Medical Instruments & Supplies,Healthcare,ATRI
2020Q4,2020,Q4,2021-03-01,2020-12-31,7370000.0,32243000.0,6325000.0,4.02,13929000.0,0.4320007443476103,266890000.0,240442000.0,112319000.0,13636000.0,26448000.0,50298000.0,337700000.0,1174014720.0,1151564720.0,131.5328227571116,8.236946318568496,0.0,0.0,0.024362045564159225,131.5328227571116,0.03065188278254215,36.411460472040446,39.82410854816825,4.882735628550752,0.4332428765264586,0.3641099049664003,0.002719727398307238,0.12081007156506426,4.264667057788207,0.027614372962643786,336.9732261768083,0.4320007443476103,0.017721518987341617,0.2148498110204894,-0.0067092553172218685,0.6640365299047486,-0.06504228755537655,0.017534170923650422,-0.16589740208360806,-0.13639122276602023,-0.039903548582774256,0.3211206138478137,Medical Instruments & Supplies,Healthcare,ATRI
2020Q3,2020,Q3,2020-11-09,2020-09-30,7243000.0,33785000.0,7583000.0,3.95,14898000.0,0.44096492526269054,263032000.0,238118000.0,113157000.0,12699000.0,24914000.0,48622000.0,333523000.0,1144954000.0,1120958000.0,130.19026790595953,8.91070163004961,0.0,0.0,0.026933367463391377,130.19026790595953,0.030417692068638237,33.88941838093829,39.51932900731741,4.808347122015136,0.4419439458787795,0.3884455596232158,0.002795745505932989,0.12844444782383893,4.765887077722655,0.02753657349676085,354.8044623489309,0.44096492526269054,-0.1559829059829059,-0.06773681082748065,-0.09273954956372654,0.7170290557164425,-0.1471749957066804,-0.15828006972690295,-0.24517220784391797,-0.07990440195352767,-0.09743681559906009,0.3511405156700553,Medical Instruments & Supplies,Healthcare,ATRI
2020Q2,2020,Q2,2020-08-06,2020-06-30,8605000.0,37968000.0,10046000.0,4.68,17469000.0,0.4600979772439949,260350000.0,233527000.0,102145000.0,15443000.0,26823000.0,45805000.0,329494000.0,1168913350.0,1144814350.0,127.26267029972752,6.614323641779447,0.0,0.0,0.03438050370745718,127.26267029972752,0.036847987598864373,30.78680336072482,33.96029488669379,5.005474099354679,0.3298082510168507,0.4475275624931776,0.0024278959599528913,0.14583445362012676,3.439357637764683,0.03305166122527367,855.7198755490483,0.4600979772439949,-0.02296450939457209,0.16073596460463474,0.016554644074248,0.7039091294635452,-0.1207469297362593,-0.032928748033265905,-0.1423937169199249,-0.1375220068149787,0.055033156552634827,0.3618168441397698,Medical Instruments & Supplies,Healthcare,ATRI
2020Q1,2020,Q1,2020-05-07,2020-03-31,8898000.0,43594000.0,11714000.0,4.79,19868000.0,0.455750791393311,260430000.0,234997000.0,128080000.0,12961000.0,25433000.0,41252000.0,323733000.0,1204450000.0,1160370000.0,126.81975175391257,9.881953552966593,0.0,0.0,0.03967640794106469,126.81975175391257,0.03786431316144461,27.628802128733312,33.840469768487296,5.125384579377609,0.32231962238705325,0.5751478716183458,0.0023811698285524513,0.1673923895096571,6.593704189491552,0.03416657067158162,130.1123474127687,0.455750791393311,0.10623556581986142,0.18437815594583928,0.15101700821912498,0.7069771256798926,0.281641078570507,0.10342261904761904,0.45065015479876164,-0.11441557490637203,0.1211959503454004,0.38771493934518153,Medical Instruments & Supplies,Healthcare,ATRI
2019Q4,2019,Q4,2020-03-02,2019-12-31,8064000.0,34466000.0,8075000.0,4.33,15502000.0,0.4497765914234318,262031000.0,237870000.0,132338000.0,11274000.0,24161000.0,42093000.0,317745000.0,1394032500.0,1348984500.0,128.23180592991915,11.738335994323222,0.0,0.0,0.03200625827810028,128.23180592991915,0.033900870223231176,40.446599547380025,43.2177734375,5.860480514566779,0.35652281746031744,0.4505262157603402,0.0020623622476520454,0.13153405513088146,7.778960439950328,0.030774984639222076,1275.41857273559,0.4497765914234318,-0.15922330097087384,0.34949393977258525,0.06559817325320741,0.6075057572949013,-0.13353082555474818,-0.15956227201667536,-0.22727272727272727,0.42408632304081445,0.018459733968562545,0.43582991276721267,Medical Instruments & Supplies,Healthcare,ATRI
2019Q3,2019,Q3,2019-11-01,2019-09-30,9595000.0,38883000.0,10450000.0,5.15,17891000.0,0.4601239616284752,256751000.0,232305000.0,144757000.0,11381000.0,24446000.0,38314000.0,312563000.0,1445360350.0,1381687350.0,125.23180592991913,12.719181091292505,0.0,0.0,0.038965527183886836,125.23180592991913,0.04130345881492004,37.17203790859759,37.65920661803022,6.221821958201502,0.2996352266805628,0.5478937203111134,0.0019891233352291697,0.15144244813067914,9.118882347772603,0.037370837893523294,213.46335105597402,0.4601239616284752,-0.005791505791505668,0.31180424637907367,0.11544986982879958,0.5611722362347443,-0.037704388984509465,-0.007139900662251656,-0.047054532190406714,0.23979837113785998,0.011078747733188296,0.4372192718075124,Medical Instruments & Supplies,Healthcare,ATRI
2019Q2,2019,Q2,2019-08-07,2019-06-30,9664000.0,40103000.0,10966000.0,5.18,18592000.0,0.4636062139989527,248751000.0,225260000.0,133086000.0,10942000.0,23491000.0,34590000.0,305846000.0,1557360000.0,1507758000.0,121.49946062567422,12.162858709559496,0.0,0.0,0.040182631005052635,121.49946062567422,0.04290153600284116,38.834002443707455,40.28766556291391,6.9136109384711,0.2591059602649007,0.6218849378433073,0.0016078491806647147,0.16121744234194033,8.73377810272345,0.03885009507499467,323.5736546852275,0.4636062139989527,0.02169625246548312,0.48452868778581265,0.2104449972935034,0.5889700595604289,-0.0059348767577394,0.02394575121847849,-0.006432907492978164,0.27479188838933394,0.0904137200902288,0.44135544424607986,Medical Instruments & Supplies,Healthcare,ATRI
2019Q1,2019,Q1,2019-05-08,2019-03-31,9438000.0,41614000.0,11037000.0,5.07,18703000.0,0.44944009227663767,241018000.0,218083000.0,124666000.0,11013000.0,22935000.0,32801000.0,298690000.0,1625081000.0,1581038000.0,117.69185105234754,11.31989466993553,0.0,0.0,0.04037610844101951,117.69185105234754,0.043277100920291814,39.051304849329554,43.046222716677256,7.451662898988,0.26499258317440133,0.698484802292613,0.0015390002098356944,0.17265930345451377,8.17778988468174,0.039158900994946434,173.95429244273174,0.44944009227663767,0.2158273381294965,0.40189469697236546,0.22219267630224557,0.5485975488664464,0.19852611342518423,0.21796360820751065,0.3268814618898774,0.33696171872359226,0.1304782800506568,0.44429051422013544,Medical Instruments & Supplies,Healthcare,ATRI
2018Q4,2018,Q4,2019-02-26,2018-12-31,7749000.0,34926000.0,8318000.0,4.17,15605000.0,0.4468018095401706,231216000.0,210767000.0,122265000.0,10220000.0,20449000.0,33572000.0,291761000.0,1373221240.0,1314468240.0,113.74365893146249,11.9633072407045,0.0,0.0,0.03546529501815842,113.74365893146249,0.03676571759336139,39.31802210387677,44.3031758936637,6.515352213581823,0.32275132275132273,0.5755093530322888,0.0018212651589921518,0.15105356030724518,8.361154598825832,0.03351411667012664,240.53621299702223,0.4468018095401706,-0.1592741935483871,0.4367240204988664,0.17288115502324714,0.5130806072872643,-0.13300738929940553,-0.15963561435852944,-0.22673607883238822,0.26008991450094343,0.06142806682888862,0.4389838181796842,Medical Instruments & Supplies,Healthcare,ATRI
2018Q3,2018,Q3,2018-11-09,2018-09-30,9221000.0,39274000.0,10757000.0,4.96,17999000.0,0.45829301828181496,227743000.0,205157000.0,121033000.0,11987000.0,22586000.0,32172000.0,286520000.0,1258187000.0,1208156000.0,110.71613599568268,10.097021773588054,0.0,0.0,0.043026148321809406,110.71613599568268,0.04494606569602792,32.036130773539746,34.11199978310379,6.132800733097091,0.27122871705888735,0.6612893199055079,0.001987780830671434,0.17244876900717035,7.196295987319596,0.04048862094553949,187.6490678598061,0.45829301828181496,0.04641350210970459,0.30162168997773176,0.24950070963052595,0.48896569824529695,-0.06367372418457057,0.04819824940320564,-0.0451801881768152,0.1714839940665174,0.041001794317821694,0.4601922670483897,Medical Instruments & Supplies,Healthcare,ATRI
2018Q2,2018,Q2,2018-08-07,2018-06-30,8797000.0,38847000.0,11266000.0,4.74,19223000.0,0.49483872628517,218782000.0,198057000.0,113930000.0,10331000.0,20725000.0,32503000.0,279807000.0,1110088800.0,1074025800.0,106.94222462203024,11.027974058658407,0.0,0.0,0.044404681927735654,106.94222462203024,0.04441650635928041,28.575920920534404,31.54736842105263,5.604895560368984,0.2528134591337956,0.6037596529551118,0.0020034433281373525,0.17756031117733634,7.599264350014519,0.04020897514420747,178.52827275651336,0.49483872628517,0.037199124726477004,0.4711420227482324,0.2963054567350606,0.5001154392222025,0.014352804601340299,0.03652645222104395,-0.008798169980644026,0.17574257425742573,0.030541723439445237,0.43184040087683595,Medical Instruments & Supplies,Healthcare,ATRI
2018Q1,2018,Q1,2018-05-09,2018-03-31,8487000.0,39401000.0,11366000.0,4.57,18951000.0,0.4809776401614172,212253000.0,190968000.0,107551000.0,11183000.0,21285000.0,29907000.0,273240000.0,1169167600.0,1148986600.0,103.11447084233261,9.617365644281499,0.0,0.0,0.04631225640144557,103.11447084233261,0.04444200075405304,29.673551432704755,34.43995522563921,6.1223220644296426,0.2618121833392247,0.6837864045206807,0.0019004974137155357,0.18563224076927062,6.758472681749083,0.03998530056112281,164.74110187403127,0.4809776401614172,-0.019313304721030013,0.7173081611905121,0.46615132515175994,0.4875012259885038,0.18266350474288567,-0.01839000693962526,0.37055347883757384,0.1302815190727915,0.04087050606142502,0.38790717234642214,Medical Instruments & Supplies,Healthcare,ATRI
2017Q4,2017,Q4,2018-02-27,2017-12-31,8646000.0,34024000.0,8293000.0,4.66,16024000.0,0.47096167411239126,203780000.0,184388000.0,115233000.0,9622000.0,19392000.0,29354000.0,268194000.0,1167871200.0,1137735200.0,99.56155507559396,11.975992517148201,0.0,0.0,0.04547016715047923,99.56155507559396,0.04689025316181097,34.32492358335293,33.769118667591954,6.333770093498492,0.25711311589174185,0.6132043333106221,0.0019034633271203195,0.16696437334380215,8.59280814799418,0.042428108744724705,148.86822179732314,0.47096167411239126,0.08624708624708627,0.9221414064561797,0.29903333388661063,0.4879441471899148,-0.1293670198315675,0.08468197214904027,-0.27755030926038854,0.4492342268247679,0.05363668909117803,0.24809731742153282,Medical Instruments & Supplies,Healthcare,ATRI
2017Q3,2017,Q3,2017-11-08,2017-09-30,7971000.0,37903000.0,11479000.0,4.29,18405000.0,0.48558161623090523,202126000.0,178451000.0,112464000.0,12694000.0,23675000.0,29924000.0,261777000.0,1244544000.0,1223549000.0,96.35583153347733,8.859618717504333,0.0,0.0,0.04357817463856931,96.35583153347733,0.04466772391300693,32.83497348494842,39.03349642453895,6.974149766602596,0.27876050683728515,0.651584012832509,0.0017853928828550857,0.18752164491455825,6.265873641090279,0.03943579747286346,84.11922946941534,0.48558161623090523,-0.2055555555555556,0.19413793913982408,0.34538268110010545,0.2893281291876671,0.04018311291963377,-0.20496708557749851,0.12815724815724816,0.0915403488605752,0.08909761976721038,0.2011968355192291,Medical Instruments & Supplies,Healthcare,ATRI
2017Q2,2017,Q2,2017-08-08,2017-06-30,10026000.0,36164000.0,10175000.0,5.4,17694000.0,0.4892710983298308,192671000.0,172323000.0,102973000.0,9383000.0,20348000.0,29965000.0,256035000.0,1186245200.0,1166022200.0,93.45065075921909,10.974421826707877,0.0,0.0,0.05613998436839998,93.45065075921909,0.058181438345432705,32.801825019356265,29.579224017554356,6.883847193932325,0.19389587073608616,0.616385783413983,0.001638784291814205,0.18769820055950298,7.139081317275925,0.05203689190381531,167.12386587771203,0.4892710983298308,0.007462686567164185,0.7972093856999424,0.28831877058693006,0.30827276971879725,-0.05029252321399817,0.00763819095477387,-0.10170389335216738,0.5484892211503366,0.09747205668092662,0.22214769792533146,Medical Instruments & Supplies,Healthcare,ATRI
2017Q1,2017,Q1,2017-05-10,2017-03-31,9950000.0,38504000.0,11327000.0,5.36,18631000.0,0.4838718055266985,187789000.0,167696000.0,99584000.0,10124000.0,20093000.0,30354000.0,247958000.0,859147000.0,841618000.0,91.3874659400545,9.83642828921375,0.0,0.0,0.05856319173412402,91.3874659400545,0.05933355595840092,22.31318824018284,21.586608040201003,5.123240864421334,0.19386934673366835,0.6547077815114977,0.00224525023075213,0.2050386337857915,6.64035954168313,0.052984999121354286,112.71936499606403,0.4838718055266985,0.7866666666666667,1.0319921514534356,0.446046688603078,0.3041113840203521,0.22363063181400236,0.7860348231915275,0.48824070424385757,0.4924433368511109,0.1419455949162088,0.20248262293824607,Medical Instruments & Supplies,Healthcare,ATRI
2016Q4,2016,Q4,2017-03-13,2016-12-31,5571000.0,33294000.0,7611000.0,3.0,15226000.0,0.4573196371718628,182593000.0,162988000.0,94115000.0,9073000.0,19605000.0,29015000.0,239946000.0,925640000.0,905618000.0,89.30849315068492,10.373084977405489,0.0,0.0,0.03358905826206884,89.30849315068492,0.03418043046113824,27.802006367513666,41.53832346077903,5.6791911060937,0.34374439059414824,0.6227123901430295,0.0020688388574391773,0.1823399582678416,6.752782982475477,0.03051047959122201,128.7220136281463,0.4573196371718628,-0.26829268292682923,0.14160997040607737,0.44050412075450646,0.29919440416586146,-0.13606445755787563,-0.26832151300236406,-0.30657798833819244,0.04875344602825201,0.13522954269516077,0.18803061482111708,Medical Instruments & Supplies,Healthcare,ATRI
2016Q3,2016,Q3,2016-11-03,2016-09-30,7614000.0,37835000.0,10976000.0,4.1,17624000.0,0.4658120787630501,180563000.0,159021000.0,91736000.0,10986000.0,21542000.0,30056000.0,236300000.0,778545000.0,754798000.0,87.13479452054794,8.350263972328419,0.0,0.0,0.04741821019074801,87.13479452054794,0.04788046861735243,20.577375446015594,25.56294326241135,4.895862810572189,0.25164171263462043,0.6724447697631089,0.002461000969757689,0.20953905285135935,5.363189513926816,0.042168107530335674,79.0802437785678,0.4658120787630501,0.01990049751243783,0.24595022871494965,0.3770180371068844,0.317195511414672,0.02375835027592216,0.022013422818791945,0.08953742306928728,0.09126990389713803,0.2221870005456274,0.17183208208970838,Medical Instruments & Supplies,Healthcare,ATRI
2016Q2,2016,Q2,2016-08-09,2016-06-30,7450000.0,36143000.0,10074000.0,4.02,17215000.0,0.4763024652076474,172989000.0,153586000.0,85218000.0,8236000.0,19403000.0,31167000.0,230611000.0,779560920.0,748743920.0,84.29527991218441,10.34701311316173,0.0,0.0,0.04793131669223034,84.29527991218441,0.04850702537991744,21.568793957336137,26.15976241610738,5.075729037802925,0.2204026845637584,0.6073090127378317,0.0021063138978285366,0.20893235986103162,6.029140359397766,0.04306632213608958,140.7912082355066,0.4763024652076474,0.06914893617021271,0.17616696346704552,0.2861969712026339,0.3164922619081533,-0.019925989183034443,0.07271418286537078,-0.03736263736263736,0.26639413824881075,0.22593281757442943,0.18243894118297224,Medical Instruments & Supplies,Healthcare,ATRI
2016Q1,2016,Q1,2016-05-05,2016-03-31,6945000.0,36215000.0,10465000.0,3.76,17565000.0,0.4850200193290073,170187000.0,148552000.0,82123000.0,11038000.0,21635000.0,30468000.0,224810000.0,720741280.0,692794280.0,81.48765770707625,7.440025366914296,0.0,0.0,0.0477645627904109,81.48765770707625,0.04675130594000754,19.901733535827695,25.944610511159105,4.851777694006139,0.23585313174946004,0.6121176316134961,0.0022726601700959878,0.21279533689412236,4.502899075919551,0.04080805231891978,171.97358148413267,0.4850200193290073,0.14984709480122316,0.11989841094328378,0.3092635256379024,0.3381047319171273,0.1489403453689168,0.14793388429752066,0.25630252100840334,0.42764620565989264,0.36903438488300133,0.175518719652341,Medical Instruments & Supplies,Healthcare,ATRI
2015Q4,2015,Q4,2016-03-10,2015-12-31,6050000.0,32372000.0,8330000.0,3.27,15288000.0,0.47225997775855677,164336000.0,144098000.0,78295000.0,9316000.0,20238000.0,29771000.0,219516000.0,694927600.0,666581600.0,79.0444322545255,8.404358093602404,0.0,0.0,0.05776968591416214,79.0444322545255,0.041985315549140166,21.466934387742494,28.71601652892562,4.822604061125068,0.2712396694214876,0.5738470323469148,0.0023613970721554304,0.19698666147405317,4.8314727350794335,0.03681481842079642,103.0438315539739,0.47225997775855677,-0.2195704057279237,0.2335011335006479,0.3443186520796869,0.3664695149517087,-0.16840731070496084,-0.22425952045133993,-0.28022120452778015,0.36640609780893046,0.2556215798985761,0.18131642531869416,Medical Instruments & Supplies,Healthcare,ATRI
2015Q3,2015,Q3,2015-11-06,2015-09-30,7799000.0,37381000.0,11573000.0,4.19,18384000.0,0.49180064738771034,162936000.0,139211000.0,75686000.0,10668000.0,23725000.0,29202000.0,215118000.0,688426560.0,665021560.0,75.82298474945534,7.094675665541807,0.0,0.0,0.05539582149950016,75.82298474945534,0.05602287175582389,18.41648324014874,22.067783049108858,4.94520231878228,0.21105269906398255,0.6505376344086021,0.0023909594655964466,0.22942136789905238,4.042275965504312,0.04786541955123484,62.042768565248736,0.49180064738771034,0.05012531328320806,0.5866399378681515,0.5122316962496362,0.29797294518740713,-0.02129471890971039,0.043484078137543486,0.04073741007194245,0.17855244530041753,0.3384170734078285,0.014580078035804609,Medical Instruments & Supplies,Healthcare,ATRI
2015Q2,2015,Q2,2015-08-04,2015-06-30,7474000.0,37655000.0,11120000.0,3.99,18784000.0,0.4988447749302881,159677000.0,138174000.0,71852000.0,8728000.0,21503000.0,27453000.0,208977000.0,725773500.0,706193500.0,74.68864864864865,8.232355637030247,0.0,0.0,0.05254143498484583,74.68864864864865,0.054091218318931204,19.274292922586643,24.27660891089109,5.252605410569282,0.18450628846668451,0.6873929989436491,0.001900041817454068,0.2358198112439487,4.682859761686526,0.04680699161432141,88.72536674816627,0.4988447749302881,-0.0049875311720697195,0.5041207880684957,0.4761270147160179,0.31894435478788463,0.01403584538976463,-0.016837674296237833,-0.03186487898310987,0.33540580423020167,0.33708406832979143,0.04561203630229493,Medical Instruments & Supplies,Healthcare,ATRI
2015Q1,2015,Q1,2015-05-06,2015-03-31,7602000.0,38324000.0,11486000.0,4.01,18524000.0,0.4833524684270953,158990000.0,139303000.0,69187000.0,7110000.0,19687000.0,26747000.0,202894000.0,647831250.0,631960250.0,74.29493333333333,9.730942334739803,0.0,0.0,0.053743498280921294,74.29493333333333,0.054571689051922785,16.904061423650976,21.304632004735595,4.6505190125122935,0.18455669560641935,0.7402699368153438,0.0021656874378937416,0.2410466067048242,5.691561181434599,0.047814327945153785,127.42550157356412,0.4833524684270953,0.2570532915360501,0.7419159463487333,0.533225921245013,0.3675493967697996,0.18115156538927502,0.2586092715231788,0.33032198285846653,0.5193632136879303,0.4085818712450267,0.06019865348479259,Medical Instruments & Supplies,Healthcare,ATRI
2014Q4,2014,Q4,2014-12-31,2014-12-31,6040000.0,32693000.0,8634000.0,3.19,15683000.0,0.4797051356559508,171514000.0,149570000.0,74136000.0,9936000.0,21944000.0,28022000.0,196706000.0,637518750.0,616743750.0,79.77066666666667,7.461352657004831,0.0,0.0,0.039083275130515197,79.77066666666667,0.040382429631610615,19.500160584834674,26.38736548013245,4.2623437186601585,0.2412251655629139,0.6070230533152523,0.0022854229777555563,0.19061417726832794,4.108393719806763,0.03521578413423977,162.0947749809306,0.4797051356559508,-0.1841432225063939,0.8097579806978471,0.441887724186917,0.3790441727847216,-0.1305577114979488,-0.21405335068314899,-0.23089257081774453,0.204711705023509,0.37678111733740893,0.16044510542857293,Medical Instruments & Supplies,Healthcare,ATRI
2014Q3,2014,Q3,2014-09-30,2014-09-30,7685000.0,36625000.0,11226000.0,3.91,18038000.0,0.4925051194539249,178920000.0,156342000.0,95256000.0,10781000.0,22578000.0,28408000.0,192129000.0,594464490.0,567543490.0,80.21652129297075,8.835544012614784,0.0,0.0,0.048075856030584986,80.21652129297075,0.04915505750214274,16.231112354948806,19.33846746909564,3.8023339217868517,0.19024072869225764,0.6542875246409462,0.0024593563191638245,0.2047004247708473,5.889806140432242,0.042952157388777105,111.69945321307779,0.4925051194539249,0.12356321839080464,0.7505010043094423,0.4769586507383174,0.40392384259168135,0.03613073697512781,0.11668119732635862,0.09447206785609827,0.17755912770025978,0.2481723385540664,0.2126136564594047,Medical Instruments & Supplies,Healthcare,ATRI
2014Q2,2014,Q2,2014-06-30,2014-06-30,6882000.0,35025000.0,10257000.0,3.48,17409000.0,0.4970449678800857,172330000.0,149870000.0,89146000.0,9994000.0,22460000.0,27208000.0,185915000.0,638960000.0,615439000.0,76.46428571428571,8.91995197118271,0.0,0.0,0.04434604645935902,76.46428571428571,0.04591979715753653,18.242969307637402,23.211275791920954,4.263428304530594,0.18134263295553618,0.6474566304028228,0.0019531739075998498,0.20324377647536704,5.810886531919151,0.03993500841408925,119.36484214459182,0.4970449678800857,-0.03601108033240994,0.4928547326166886,0.36080912115625086,0.3861357001600903,0.0012077294685990338,-0.04429940286071379,-0.0414018691588785,0.009996045718472584,0.15865390602112586,0.194190713407202,Medical Instruments & Supplies,Healthcare,ATRI
2014Q1,2014,Q1,2014-03-31,2014-03-31,7201000.0,36419000.0,10700000.0,3.61,17388000.0,0.47744309289107334,175200000.0,150630000.0,89965000.0,11636000.0,24570000.0,26326000.0,180290000.0,606769480.0,589573480.0,75.99899091826438,7.7316088002750085,0.0,0.0,0.04649785810362166,75.99899091826438,0.04780588196242448,16.660794640160354,21.06545896403277,4.0282113788753895,0.17567004582696846,0.7228975157638836,0.0020848115168877646,0.20787100456621005,5.264266070814713,0.04110159817351598,153.84621703853955,0.47744309289107334,0.24913494809688572,0.7348656046655019,0.44815750425526957,0.4287538149049912,0.18471077195612182,0.24822326226382388,0.28358925143953934,0.0680269406283851,0.21101525749134084,0.24797561041965457,Medical Instruments & Supplies,Healthcare,ATRI
2013Q4,2013,Q4,2014-03-14,2013-12-31,5769000.0,31851000.0,8336000.0,2.89,14677000.0,0.46080185865435935,172066000.0,148994000.0,90319000.0,9364000.0,23072000.0,26266000.0,174362000.0,587167500.0,558608500.0,75.17356205852674,9.645343870140966,0.0,0.0,0.03730550767135677,75.17356205852674,0.03871967998711358,18.43482151266836,25.444942797711906,3.940880169671262,0.2218755416883342,0.653849082464022,0.002179957167247847,0.18510920228284494,6.5222127296027335,0.03352783234340311,139.27122865275143,0.46080185865435935,-0.24146981627296585,0.479329152901344,0.3447409474588805,0.4715357837362586,-0.13872425327152163,-0.24814283852469698,-0.22187995892840473,0.08185170963449807,0.21657470747807994,0.2995523903889648,Medical Instruments & Supplies,Healthcare,ATRI
2013Q3,2013,Q3,2013-10-29,2013-09-30,7673000.0,34044000.0,10713000.0,3.81,17041000.0,0.5005581012806956,173108000.0,149236000.0,84058000.0,10904000.0,23872000.0,26488000.0,169883000.0,519371459.99999994,488647459.99999994,74.35774788241156,7.708914159941306,0.0,0.0,0.04996925743097249,74.35774788241156,0.051415208126725453,15.255888262248853,16.922046787436464,3.4802022300249265,0.1673400234588818,0.6419133192389006,0.0024722190164241987,0.1966633546687617,5.076577402787968,0.044324930101439564,58.27122854257825,0.5005581012806956,0.18322981366459623,0.8751671254816558,0.4156613567699956,0.4944823481190908,0.08999616221056671,0.17937288656624653,0.12827804107424962,0.4280057760800162,0.25989196891745003,0.2728903423592765,Medical Instruments & Supplies,Healthcare,ATRI
2013Q2,2013,Q2,2013-07-31,2013-06-30,6506000.0,32605000.0,9495000.0,3.22,15634000.0,0.47949700966109493,167341000.0,143648000.0,78075000.0,10362000.0,23693000.0,25183000.0,163502000.0,439270000.0,419001000.0,71.28933002481389,7.534742327735958,0.0,0.0,0.04369887057409515,71.28933002481389,0.0452912675428826,13.472473547001993,16.87941899784814,3.057961127199822,0.19551183522901935,0.6739070007544772,0.002895713342591117,0.19484167060074936,4.822331596216946,0.038878696792776425,38.33406056374902,0.47949700966109493,0.21509433962264163,0.5273281105133506,0.3055982449916199,0.4872853953724133,0.13052281437558752,0.20996838385716943,0.19539216920558983,0.20209933508262695,0.17349693303950509,0.25891499035094623,Medical Instruments & Supplies,Healthcare,ATRI
2013Q1,2013,Q1,2013-05-09,2013-03-31,5377000.0,29239000.0,7943000.0,2.65,13829000.0,0.4729641916618215,161901000.0,139681000.0,63390000.0,8767000.0,22220000.0,24047000.0,158130000.0,386577750.0,370565750.0,69.32059553349876,7.2305235542374815,0.0,0.0,0.037129889774387345,69.32059553349876,0.03849485613648242,13.221305448202743,17.973672586944392,2.767575761914648,0.18318765110656499,0.6408283777602196,0.0025479997232122128,0.18059801977751835,4.312877837344588,0.033211654035490826,165.55792291220556,0.4729641916618215,0.09504132231404958,0.41380143996611835,0.14247491024857675,0.4946069474102238,0.08522325982892569,0.09869227625664079,0.12842733342804374,0.1464776365886888,0.08848903464149731,0.2759865895596222,Medical Instruments & Supplies,Healthcare,ATRI
2012Q4,2012,Q4,2013-03-11,2012-12-31,4894000.0,28497000.0,7039000.0,2.42,12743000.0,0.44716987753096815,155810000.0,134828000.0,56747000.0,7208000.0,20982000.0,23779000.0,152630000.0,394940000.0,386941000.0,66.912158808933,7.872780244173141,0.0,0.0,0.03440645220298871,66.912158808933,0.036298098317856825,13.859002702038811,20.174703718839393,2.9292135164802566,4.363710666121782,0.6625173472391606,0.054074036562515825,0.18289583467043194,4.0559100998890125,0.031410050702779024,108.70905587668594,0.44716987753096815,-0.32590529247910865,0.49731217018131063,0.30521680591674505,0.5169220244482012,-0.14447801275595837,-0.3258024521283923,-0.27260514622300297,0.3645006548878954,0.16950486806070397,0.15675130407883758,Medical Instruments & Supplies,Healthcare,ATRI
2012Q3,2012,Q3,2012-11-07,2012-09-30,7259000.0,30637000.0,9677000.0,3.59,14895000.0,0.48617684499135033,173860000.0,150513000.0,80031000.0,9635000.0,23347000.0,24512000.0,169228000.0,445698200.0,423357200.0,74.73336643495531,8.306279190451479,0.0,0.0,0.046263496394537924,74.73336643495531,0.04822839223190024,14.54771028494957,15.349848463975755,2.961194049683416,0.15539330486292877,0.6422160574412533,0.002530860568878223,0.17621649603128955,5.529216398546964,0.041751984355228346,44.24242604725035,0.48617684499135033,0.18874172185430457,0.6618228362532828,0.3524170823005093,0.7256178263929172,0.015129830300552035,0.19019511395310706,0.07917921266867403,0.6001019767457394,0.19560937836541475,0.3079594238695641,Medical Instruments & Supplies,Healthcare,ATRI
2012Q2,2012,Q2,2012-08-07,2012-06-30,6099000.0,30689000.0,8967000.0,3.02,14673000.0,0.47811919580305645,166146000.0,144004000.0,68565000.0,8476000.0,22142000.0,24899000.0,163104000.0,413239680.0,404844680.0,71.43055555555556,8.089310995752713,0.0,0.0,0.040722631683039426,71.43055555555556,0.04235299019471681,13.465400632148327,16.938829316281357,2.869640287769784,0.16248565338580095,0.6432386842845094,0.002398124013647479,0.18471103728046417,4.800967437470505,0.03670867790979018,133.60481086323958,0.47811919580305645,0.13962264150943401,0.5745260963700018,0.23558681288944444,0.7262659288350417,0.0610311663894714,0.13427561837455831,0.12891854463049227,0.2862549464707507,0.15922395841918183,0.2948848238482385,Medical Instruments & Supplies,Healthcare,ATRI
2012Q1,2012,Q1,2012-05-08,2012-03-31,5377000.0,29239000.0,7943000.0,2.65,13829000.0,0.4729641916618215,163054000.0,141204000.0,78754000.0,8529000.0,21850000.0,25644000.0,158002000.0,423573150.0,404630150.0,70.07642679900745,9.233673349747919,0.0,0.0,0.036729413710491196,70.07642679900745,0.03807965780006232,14.486581278429496,19.69374883764181,2.9997248661511002,0.18318765110656499,0.6009202932459835,0.002325454292841744,0.17932096115397353,6.037050064485872,0.032976805230169146,190.6269801980198,0.4729641916618215,-0.003759398496240688,0.5929229756418695,0.17914547005028386,0.7712123429431567,0.08855478589420655,-0.0020415738678544915,0.04088586030664395,0.2742119157119859,0.14361250972241668,0.31741173026457303,Medical Instruments & Supplies,Healthcare,ATRI
2011Q4,2011,Q4,2012-03-12,2011-12-31,5388000.0,25519000.0,7631000.0,2.66,12704000.0,0.4978251498883185,161895000.0,138514000.0,83742000.0,10043000.0,23381000.0,24582000.0,153618000.0,484063450.0,459473450.0,68.74143920595533,8.338345116001195,0.0,0.0,0.03737536881333021,68.74143920595533,0.03889859508786116,18.96874681609781,22.460256588715662,3.4946897064556652,0.18337045285820341,0.52131641038158,0.002041054741893857,0.15762685691343153,5.585183710046799,0.03328083016770129,142.91805432536168,0.4978251498883185,-0.20120120120120116,0.6803040639313909,0.10893747104861716,0.8151346948804342,-0.1694560669456067,-0.2046058458813109,-0.23720511795281887,0.35900315093032953,0.059760696850770456,0.34562584034981286,Medical Instruments & Supplies,Healthcare,ATRI
2011Q3,2011,Q3,2011-11-02,2011-09-30,6774000.0,30457000.0,10004000.0,3.33,15296000.0,0.5022162392881768,157580000.0,133825000.0,78364000.0,11854000.0,23755000.0,23422000.0,149227000.0,419549970.0,400862970.0,66.15175481957489,6.610764298970811,0.0,0.0,0.049020902411708235,66.15175481957489,0.05061834485335326,13.775157435072398,15.483834145261293,3.1350642256678496,0.14629465603779154,0.6472974126889249,0.0023620547511897095,0.19327960401066124,4.458410663067319,0.042987688792994035,55.08796875,0.5022162392881768,-0.03757225433526008,1.3076775831645278,0.45012260507533003,0.785547685146873,-0.07043451838347008,-0.03490525715913948,-0.04148701734214813,0.6423717429916679,0.2564852898036335,0.32955384866277593,Medical Instruments & Supplies,Healthcare,ATRI
2011Q2,2011,Q2,2011-08-04,2011-06-30,7019000.0,31139000.0,10437000.0,3.46,16455000.0,0.5284370082533157,151758000.0,129277000.0,68238000.0,10745000.0,22481000.0,21088000.0,143453000.0,399358200.0,389614200.0,64.03021297672115,6.35067473243369,0.0,0.0,0.052571599249960375,64.03021297672115,0.05429426734840691,12.825016859886317,14.224184356745976,3.0891666731127736,0.12109987177660636,0.696320182094082,0.0021284150419347845,0.20518852383399885,4.071195905072127,0.04625126846690125,177.65044483985764,0.5284370082533157,0.023668639053254458,1.1487750789609266,0.3648329027151078,0.7795011514611371,0.05806327160493827,0.02347623213764946,0.03377575277337559,0.6444938740969257,0.2444250538128846,0.33584086973064725,Medical Instruments & Supplies,Healthcare,ATRI
2011Q1,2011,Q1,2011-05-09,2011-03-31,6858000.0,30589000.0,10096000.0,3.38,15552000.0,0.5084180587792998,144116000.0,122770000.0,59705000.0,10844000.0,21346000.0,18765000.0,137292000.0,351731520.0,343771520.0,60.89781746031746,5.5058096643305054,0.0,0.0,0.05410285260341499,60.89781746031746,0.05586055225217887,11.498627611232797,12.821942257217847,2.8649631017349515,0.12350539515893846,0.8013322675193179,0.002408086713411411,0.2122526298259735,3.635835485060863,0.04758666629659441,64.34897914379802,0.5084180587792998,0.26591760299625467,1.9640440577940574,0.42760940217581495,0.7717168208216281,0.20717224249010324,0.2643805309734513,0.3017019082001031,0.8023137113160363,0.1946314896646679,0.31300518060792,Medical Instruments & Supplies,Healthcare,ATRI
2010Q4,2010,Q4,2011-03-11,2010-12-31,5424000.0,26630000.0,7756000.0,2.67,12883000.0,0.48377769432970336,134652000.0,116617000.0,51981000.0,7752000.0,18035000.0,17400000.0,131286000.0,361791360.0,351121360.0,57.84573412698413,6.705495356037152,0.0,0.0,0.04466828784504453,57.84573412698413,0.046511229066088136,13.585856552760045,16.675486725663717,3.1023895315434284,1.2706489675516224,0.7900574712643678,0.01904965336927891,0.19776906395746072,4.244840041279669,0.04028161482933785,48.367828877005344,0.48377769432970336,0.003759398496240521,1.2962901439645629,0.4254947131954014,0.7149514843366324,-0.007167077681874229,0.0044444444444444444,-0.030863426215169312,0.6586417507805161,0.2190996423504286,0.3113830084029897,Medical Instruments & Supplies,Healthcare,ATRI
2010Q3,2010,Q3,2010-11-04,2010-09-30,5400000.0,27156000.0,8003000.0,2.66,12976000.0,0.4778317867138017,136448000.0,117826000.0,49783000.0,9319000.0,18622000.0,18442000.0,132793000.0,317697670.0,307846670.0,58.41646008924145,5.342096791501234,0.0,0.0,0.04408411392809998,58.41646008924145,0.045830292125676846,11.698986227721313,14.708225462962963,2.6963290784716447,0.15648148148148147,0.7688970827459061,0.0026597614014607033,0.19902087242026267,3.1687949350788713,0.039575515947467166,51.316050718785334,0.4778317867138017,-0.0037453183520598453,1.1850416041956624,0.34283186653222925,0.7800164184863154,-0.004144282425172678,-0.005707972749033327,-0.021638141809290953,0.23439812687050574,0.19697141503413812,0.3488551324996349,Medical Instruments & Supplies,Healthcare,ATRI
2010Q2,2010,Q2,2010-08-04,2010-06-30,5431000.0,27881000.0,8180000.0,2.67,13030000.0,0.4673433521035831,132131000.0,114501000.0,40614000.0,8481000.0,17630000.0,18168000.0,128244000.0,273071100.0,268285100.0,56.62759643916914,4.788822072868766,0.0,0.0,0.046228159572628574,56.62759643916914,0.047431900158077224,9.794164484774578,12.570019333456086,2.384879608038358,0.13404529552568586,0.8174262439453985,0.0026659723420017715,0.21101028524721677,2.409385685650277,0.04110314763378768,32.65619469026549,0.4673433521035831,0.15584415584415579,1.1149527294827322,0.3627336345826229,0.7568765071132892,0.08357588357588358,0.15626995954864809,0.1622620062517761,0.3979138541822156,0.11920141429746295,0.36852205060520926,Medical Instruments & Supplies,Healthcare,ATRI
2010Q1,2010,Q1,2010-05-05,2010-03-31,4697000.0,26902000.0,7038000.0,2.31,12025000.0,0.44699278864024977,125702000.0,109632000.0,50310000.0,6769000.0,16070000.0,18149000.0,123539000.0,288654720.0,271945720.0,54.32705649157582,7.432412468606884,0.0,0.0,0.041885172865271963,54.32705649157582,0.04284333041447753,10.729860976879042,15.36378113689589,2.6329422066549912,2.7370662124760488,0.8197145848256102,0.044537639987317724,0.21401409683219041,4.55340522972374,0.037366151692097185,58.729342828077314,0.44699278864024977,0.3050847457627119,0.748200588772538,0.23193075142170444,0.7670420466083689,0.09387792231419995,0.30762806236080176,0.3296807103721897,0.3894060597479825,0.0832864939596245,0.37314011871124886,Medical Instruments & Supplies,Healthcare,ATRI
2009Q4,2009,Q4,2010-03-12,2009-12-31,3592000.0,24403000.0,5293000.0,1.77,10993000.0,0.45047740031963285,132749000.0,116731000.0,56202000.0,6682000.0,16018000.0,18675000.0,131769000.0,314242960.0,293548960.0,57.844895936570865,8.410954803950913,0.0,0.0,0.029716127557347528,57.844895936570865,0.030771603087440355,12.877226570503627,21.871030066815145,2.692026625318039,0.1984966592427617,0.7180722891566265,0.002268945022666538,0.18382812676555002,5.380125710865011,0.027058584245455708,49.215812059514484,0.45047740031963285,-0.19545454545454552,0.686039498281274,0.28845856955326127,0.9695819555898189,-0.020144397896425706,-0.19461883408071748,-0.19387755102040816,0.11853739306962424,0.05886480953888461,0.527408776264344,Medical Instruments & Supplies,Healthcare,ATRI
2009Q3,2009,Q3,2009-11-04,2009-09-30,4460000.0,25192000.0,6566000.0,2.2,11219000.0,0.4453397904096539,129293000.0,113132000.0,51392000.0,7123000.0,16161000.0,18866000.0,128894000.0,285912000.0,271599000.0,57.137373737373736,7.214937526323179,0.0,0.0,0.03847372969725094,57.137373737373736,0.039422974931937915,11.349317243569388,16.02645739910314,2.527242513170456,0.15964125560538117,0.7406445457436659,0.0024902767285038753,0.1948442684445407,4.329074828021901,0.034495293635386295,54.160257624550106,0.4453397904096539,-0.043478260869565064,1.2012148823082762,0.3070561941251596,1.0038367736221814,-0.06749231152855124,-0.04230191110156753,-0.06693193122069063,0.5523708899079819,0.22549329479345043,0.5422343018775118,Medical Instruments & Supplies,Healthcare,ATRI
2009Q2,2009,Q2,2009-08-04,2009-06-30,4657000.0,26001000.0,7037000.0,2.3,12031000.0,0.4627129725779778,124881000.0,109224000.0,54293000.0,6841000.0,15657000.0,18786000.0,125151000.0,265498200.0,251556200.0,55.163636363636364,7.936412805145447,0.0,0.0,0.041881298148661386,55.163636363636364,0.04263714934446642,10.211076497057805,14.252641185312434,2.4307679630850365,0.12754992484432037,0.7436388800170339,0.0022373033037512116,0.20820621231412303,4.903084344394094,0.03729150150943698,49.48708294501398,0.4627129725779778,0.11650485436893192,1.5012155133423788,0.3678144052451172,0.9881511229991609,0.08494904860672739,0.12651185292694728,0.15190702242592896,0.45376123039439614,0.16207993407139648,0.5330849276350654,Medical Instruments & Supplies,Healthcare,ATRI
2009Q1,2009,Q1,2009-05-08,2009-03-31,4134000.0,25047000.0,6109000.0,2.06,11089000.0,0.44272767197668383,121150000.0,105002000.0,55336000.0,7673000.0,16148000.0,19459000.0,121091000.0,174185760.0,157454760.0,53.19250253292807,7.21178157174508,0.0,0.0,0.03872411461853119,53.19250253292807,0.03937067865373993,6.9543562103245895,10.533730043541365,1.6588804022780517,0.14368650217706821,0.7173030474330644,0.003410152471706069,0.20674370614940157,4.514140492636518,0.034122988031366076,36.448160703075956,0.44272767197668383,0.06185567010309284,1.7711461115716434,0.2870587939237244,0.9759370010595813,0.05398726356810189,0.06436663233779609,0.08914244963451595,0.824740140342977,0.19383199872453566,0.5475439910567598,Medical Instruments & Supplies,Healthcare,ATRI
2008Q4,2008,Q4,2009-03-13,2008-12-31,3884000.0,23590000.0,5609000.0,1.94,10521000.0,0.4459940652818991,115353000.0,100842000.0,49107000.0,6213000.0,14511000.0,20169000.0,117554000.0,191675400.0,179619400.0,51.08510638297872,7.903911154031869,0.0,0.0,0.037676063672236935,51.08510638297872,0.03851569782431923,8.125281899109792,12.3375,1.900749687630154,0.15216271884654994,0.6479746145074123,0.00308333776791388,0.20450270040657806,4.446000321905681,0.03367055906651756,32.776231190150476,0.4459940652818991,-0.02512562814070354,1.6509384658792146,0.37602798517303726,0.9504514431488827,0.02744140625,-0.027054108216432865,-0.02958477508650519,0.6793053886571947,0.2896318930381005,0.5145192699372477,Medical Instruments & Supplies,Healthcare,ATRI
2008Q3,2008,Q3,2008-11-07,2008-09-30,3992000.0,23461000.0,5780000.0,1.99,10240000.0,0.4364690337155279,115910000.0,97420000.0,48601000.0,7894000.0,18490000.0,21373000.0,114263000.0,201732740.0,190887740.0,49.75485188968335,6.156701292120598,0.02588214994392201,0.03079449804968179,0.039223720598817846,49.75485188968335,0.04097721207144323,8.598642001619709,12.633563376753507,2.0707528228289878,0.14779559118236474,0.6185841950123988,0.0029246616092162333,0.20240703994478473,3.2384089181656956,0.03444051419204555,48.622014943359844,0.4364690337155279,-0.03398058252427187,1.5799442426290446,0.25122018553931136,0.9180314199078539,-0.07789284106258443,-0.034582829504232165,-0.05725004077638232,0.6639860998870072,0.19507612195510224,0.5160873001837739,Medical Instruments & Supplies,Healthcare,ATRI
2008Q2,2008,Q2,2008-08-08,2008-06-30,4135000.0,24242000.0,6131000.0,2.06,11105000.0,0.45808926656216487,109241000.0,93756000.0,41924000.0,8335000.0,15485000.0,20231000.0,110865000.0,187423920.0,179620920.0,47.93251533742331,5.029874025194961,0.0,0.0,0.0437470745333443,47.93251533742331,0.044103844020649347,7.7313719990099825,11.331555018137847,1.999060540125432,0.11390568319226119,0.6493500074143641,0.00251301968286652,0.22191301800606,2.3898020395920816,0.037852088501569923,64.89747922437674,0.45808926656216487,0.1256830601092896,1.7403213421861299,0.3041119149891113,0.9260822812421965,0.039794007490636704,0.1310175054704595,0.12412907957462413,0.6645953494484288,0.22485132533457872,0.48711079788859946,Medical Instruments & Supplies,Healthcare,ATRI
2008Q1,2008,Q1,2008-05-08,2008-03-31,3656000.0,24602000.0,5454000.0,1.83,10680000.0,0.434111047882286,104465000.0,89839000.0,36895000.0,7609000.0,14626000.0,17977000.0,107205000.0,193680630.0,188410630.0,46.380485286525555,4.848863188329609,0.0,0.0,0.04042816849595607,46.380485286525555,0.040695021093289103,7.872556296236079,13.244025574398249,2.1558636004407883,0.1288293216630197,0.7744339989987206,0.00243183843423062,0.23550471449767865,2.3051649362596924,0.034997367539367254,162.7568319327731,0.434111047882286,0.16560509554140126,1.8968328432582884,0.42595340793023606,0.8218176999759115,0.229706390328152,0.16359007001909612,0.2872315317441586,0.4176480675722935,0.17371777912254238,0.5085718412905353,Medical Instruments & Supplies,Healthcare,ATRI
2007Q4,2007,Q4,2008-03-13,2007-12-31,3142000.0,20988000.0,4237000.0,1.57,8685000.0,0.4138078902229846,99313000.0,85442000.0,32609000.0,6864000.0,13871000.0,17387000.0,104021000.0,242125000.0,238594000.0,44.110480123902946,4.750728438228438,0.0,0.0,0.03654063103184487,44.110480123902946,0.03677348376676576,11.536354107108824,19.265197326543603,2.833793684604761,0.14544875875238703,0.7075976304135273,0.0018874548270521425,0.2113318498081822,1.9131701631701632,0.031637348584777424,95.66376926116159,0.4138078902229846,-0.24154589371980667,1.7769151151675446,0.2523296626120814,0.8674293593026959,-0.04612850082372323,-0.23552311435523116,-0.26885245901639343,0.5364878783380724,0.1544890952646737,0.5019338231623576,Medical Instruments & Supplies,Healthcare,ATRI
2007Q3,2007,Q3,2007-11-08,2007-09-30,4110000.0,21315000.0,5795000.0,2.07,9105000.0,0.4271639690358902,96964000.0,82069000.0,30961000.0,8462000.0,14895000.0,17727000.0,101339000.0,235700100.0,234655100.0,43.30817941952507,3.658827700307256,0.0,0.0,0.050279366616838746,43.30817941952507,0.05007981089083576,11.057945109078114,14.33698905109489,2.8719748016912594,0.11119221411192214,0.6887798273819598,0.001938904565589917,0.2198238521513139,1.3551169936185299,0.04238686522833216,40.76445866482186,0.4271639690358902,0.13114754098360643,2.40059120219933,0.3195059545811348,0.8245742566399626,-0.11764705882352941,0.13598673300165837,0.06800589753040914,1.1194607557353302,0.15550791556728216,0.5188398913530557,Medical Instruments & Supplies,Healthcare,ATRI
2007Q2,2007,Q2,2007-08-07,2007-06-30,3618000.0,23199000.0,5426000.0,1.83,10319000.0,0.4448036553299711,97428000.0,77916000.0,31193000.0,6847000.0,19512000.0,16975000.0,97690000.0,186021570.0,190436570.0,41.378651088688265,4.555717832627428,0.04824075214517387,0.060321371733661894,0.04434048415651271,41.378651088688265,0.04643462190050824,8.018516746411484,12.853895107794362,2.3874630371168952,0.10475400773908236,0.7587628865979381,0.0020373981361408787,0.2381142997906146,1.7311231196144297,0.03713511516196576,114.61587800369686,0.4448036553299711,0.1509433962264151,2.0163379625924818,0.4333997751724622,0.7773588511108229,0.06821946169772257,0.15369897959183673,0.14545070719864894,1.0432819968135953,0.283279501440339,0.49132684233985874,Medical Instruments & Supplies,Healthcare,ATRI
2007Q1,2007,Q1,2007-05-09,2007-03-31,3136000.0,23037000.0,4737000.0,1.59,9660000.0,0.4193254329990884,95638000.0,74064000.0,30260000.0,7492000.0,21574000.0,17208000.0,94451000.0,171887040.0,178082040.0,39.56410256410256,4.038974906567005,0.06798552876471696,0.08778893929574422,0.04004036264277144,39.56410256410256,0.04234175847915316,7.461346529496028,13.702729591836734,2.320790667530784,0.12021683673469388,0.777370990237099,0.0021933009027323993,0.24087705723666325,1.5194874532835023,0.03279031347372383,35.25164889253487,0.4193254329990884,0.052980132450331174,5.4813286958397365,0.40783326847407775,0.7299349785685766,0.09276018099547512,0.05270224907687143,0.19199798691494716,1.21669688336355,0.24827391943137359,0.4696840804158941,Medical Instruments & Supplies,Healthcare,ATRI
