Quarters,Year,Quarter,FillingDate,Date,NetIncome,Revenue,OperatingIncome,EPSDiluted,GrossProfit,GrossProfitRatio,TotalAssets,CommonStockEquity,CurrentAssets,CurrentLiability,TotalLiability,Inventory,RetainedEarnings,MarketCap,EnterpriseValue,bookValuePerShare,currentRatio,debtToAssets,debtToEquity,roic,shareholdersEquityPerShare,roe,priceToSalesRatio,peRatio,pbRatio,payoutRatio,inventoryTurnover,dividendYield,assetTurnover,quickRatio,returnOnAssets,priceToFreeCashFlowsRatio,grossProfitMargin,epsdilutedGrowth,fiveYNetIncomeGrowthPerShare,fiveYRevenueGrowthPerShare,fiveYShareholdersEquityGrowthPerShare,grossProfitGrowth,netIncomeGrowth,operatingIncomeGrowth,threeYNetIncomeGrowthPerShare,threeYRevenueGrowthPerShare,threeYShareholdersEquityGrowthPerShare,Industry,Sector,Symbol
2023Q1,2023,Q1,2023-05-05,2023-03-31,-142000000.0,2196000000.0,-122000000.0,-1.11,121000000.0,0.0551001821,14296000000.0,3689000000.0,3099000000.0,4857000000.0,10607000000.0,105000000.0,4158000000.0,5349941960.0,8564941960.0,28.933106407008573,0.6380481778875849,0.26098209289311697,1.0113851992409868,-0.009579145728643216,28.933106407008573,-0.03849281648143128,2.4362212932604734,-9.418911901408451,1.450241789102738,0.0,19.761904761904763,0.0,0.1536094012311136,0.5701050030883261,-0.009932848349188584,54.59124448979592,0.05510018214936248,-7.529411764705882,-35.28994674551572,0.15783140188745512,0.03613164279009622,-0.6936708860759494,-7.454545454545454,-2.967741935483871,0.41041179122597826,0.29299684863682646,-0.1149424003247873,Airlines,Industrials,ALK
2022Q4,2022,Q4,2023-02-13,2022-12-31,22000000.0,2479000000.0,62000000.0,0.17,395000000.0,0.1593384429,14281000000.0,3816000000.0,3040000000.0,4512000000.0,10465000000.0,104000000.0,4300000000.0,5466390820.0,9003390820.0,29.975727202029802,0.6737588652482269,0.2713395420488761,1.015461215932914,0.004142811584078725,29.975727202029802,0.005765199161425576,2.2050789915288425,62.1180775,1.4324923532494758,0.0,20.03846153846154,0.0,0.1735872838036552,0.6012854609929078,0.0015405083677613612,-7.6453018461538464,0.15933844292053248,-0.4516129032258064,-0.9429843115006756,0.22140037155047657,-0.008644957270695478,-0.337248322147651,-0.45,-0.7350427350427351,-0.882438310164686,0.07617538492360719,-0.14779928084536414,Airlines,Industrials,ALK
2022Q3,2022,Q3,2022-11-03,2022-09-30,40000000.0,2828000000.0,234000000.0,0.31,596000000.0,0.2107496464,14531000000.0,3826000000.0,3810000000.0,4709000000.0,10705000000.0,94000000.0,4278000000.0,4963554450.0,8230554450.0,30.17754746298794,0.8090889785517095,0.27217672562108597,1.033716675378986,0.015116523199664077,30.17754746298794,0.010454783063251438,1.7551465523338048,31.022215312500002,1.2973221249346576,0.0,23.74468085106383,0.0,0.1946184020370243,0.7421957952856233,0.0027527355309338655,-35.202513829787236,0.21074964639321075,-0.7155963302752293,-0.853557131749418,0.29907257966702583,0.06729626256451784,0.013605442176870748,-0.7122302158273381,-0.064,-0.8792086816506494,0.15105177009221676,-0.12504984683980405,Airlines,Industrials,ALK
2022Q2,2022,Q2,2022-08-02,2022-06-30,139000000.0,2658000000.0,250000000.0,1.09,588000000.0,0.2212189616,14800000000.0,3799000000.0,4232000000.0,4902000000.0,11001000000.0,93000000.0,4238000000.0,5068047150.0,8372047150.0,30.02141564527473,0.8633210934312525,0.2758108108108108,1.0744932877072915,0.019444910749258575,30.02141564527473,0.036588575941037114,1.9067145033860045,9.115192715827337,1.3340476836009476,0.0,22.258064516129032,0.0,0.1795945945945946,0.7804977560179519,0.009391891891891891,8.390806539735099,0.22121896162528218,1.956140350877193,-0.5414269233553982,0.2348315833687684,0.13659203294532293,6.0843373493975905,1.972027972027972,2.968503937007874,-0.482567281085336,0.1330245878442934,-0.0674092433655886,Airlines,Industrials,ALK
2022Q1,2022,Q1,2022-05-05,2022-03-31,-143000000.0,1681000000.0,-127000000.0,-1.14,83000000.0,0.0493753718,14210000000.0,3637000000.0,3974000000.0,4570000000.0,10573000000.0,78000000.0,4099000000.0,7308331840.0,10679331840.0,28.868745237490476,0.8695842450765864,0.2814215341308937,1.0995325817981854,-0.009515401421992151,28.868745237490476,-0.039318119329117406,4.347609660916121,-12.776803916083916,2.009439604069288,0.0,20.487179487179485,0.0,0.11829697396199859,0.7763676148796499,-0.010063335679099226,-7308.33184,0.04937537180249851,-9.14285714285714,-2.415907310981289,-0.05786771747214166,0.18286187561509168,-0.6598360655737705,-8.944444444444445,-3.3518518518518516,-35.98581764351029,-0.12309840221359547,-0.04985144979299561,Airlines,Industrials,ALK
2021Q4,2021,Q4,2022-02-11,2021-12-31,18000000.0,1899000000.0,54000000.0,0.14,244000000.0,0.1284886783,13951000000.0,3801000000.0,3920000000.0,3991000000.0,10150000000.0,62000000.0,4242000000.0,6549386800.0,10165386800.0,30.236739109682755,0.9822099724379855,0.2928822306644685,1.0749802683504341,0.003552813374953397,30.236739109682755,0.004735595895816891,3.4488608741442865,90.96370555555556,1.7230694027887399,0.0,26.693548387096776,0.0,0.13611927460397105,0.9175645201703834,0.001290230091032901,242.56988148148147,0.12848867825171142,-0.9084967320261439,-0.8451474009107154,0.22205525541130305,0.2718412207015859,-0.42452830188679247,-0.9072164948453608,-0.7906976744186046,-0.23256311036895716,-0.09777828842552061,-0.006314831567661228,Airlines,Industrials,ALK
2021Q3,2021,Q3,2021-11-04,2021-09-30,194000000.0,1953000000.0,258000000.0,1.53,424000000.0,0.21710189452124937,13882000000.0,3531000000.0,4001000000.0,4024000000.0,10351000000.0,62000000.0,4224000000.0,7339650000.0,10960650000.0,28.191616766467067,0.9942842942345924,0.29649906353551364,1.1656754460492778,0.022417851152312124,28.191616766467067,0.05494194279241008,3.7581413210445467,9.458311855670102,2.0786321155480034,0.0,24.661290322580644,0.0,0.14068578014695288,0.9271868787276342,0.013974931566056763,-37.833247422680415,0.21710189452124937,-0.5142857142857142,-0.2548993887225549,0.22620657535503708,0.21220999063325868,-0.3764705882352941,-0.5113350125944585,-0.5300546448087432,-0.12045196243457779,-0.13137027211399985,-0.08364975351328462,Airlines,Industrials,ALK
2021Q2,2021,Q2,2021-08-03,2021-06-30,397000000.0,1527000000.0,549000000.0,3.15,680000000.0,0.4453176162409954,14656000000.0,3324000000.0,4771000000.0,4846000000.0,11332000000.0,52000000.0,4030000000.0,7537362870.0,11185362870.0,26.596893828464438,0.9845233182005778,0.31884552401746724,1.4058363417569193,0.04353404057448563,26.596893828464438,0.1194344163658243,4.936059508840865,4.746450170025189,2.267558023465704,0.0,16.28846153846154,0.0,0.10418941048034934,0.9323153115971936,0.027087882096069868,9.852761921568627,0.4453176162409954,4.0,0.5058232253196125,0.007964581948942078,0.2478367584157755,112.33333333333333,4.030534351145038,4.409937888198757,1.0288664098650109,-0.3014290288040086,-0.08751853369130129,Airlines,Industrials,ALK
2021Q1,2021,Q1,2021-05-06,2021-03-31,-131000000.0,797000000.0,-161000000.0,-1.05,6000000.0,0.0075282308657465494,14262000000.0,2875000000.0,4284000000.0,4762000000.0,11387000000.0,57000000.0,3633000000.0,8602733790.0,12651733790.0,23.12971142165263,0.8996220075598488,0.35934651521525734,1.7826086956521738,-0.012760445342023013,23.12971142165263,-0.04556521739130435,10.793894341279799,-16.417430896946563,2.9922552313043473,0.0,13.87719298245614,0.0,0.05588276539054831,0.8538429231415372,-0.009185247510868041,61.4480985,0.0075282308657465494,0.6974063400576368,-1.7133941928946228,-0.4071199691731662,0.173444218968161,1.019736842105263,0.7069351230425056,0.7294117647058823,-33.44858164587004,-0.5689603058142201,-0.17169537361627518,Airlines,Industrials,ALK
2020Q4,2020,Q4,2021-02-26,2020-12-31,-447000000.0,808000000.0,-595000000.0,-3.47,-304000000.0,-0.37623762376237624,14046000000.0,2988000000.0,4006000000.0,4293000000.0,11058000000.0,57000000.0,3764000000.0,6448676000.0,10131676000.0,24.094248183658166,0.9331469834614489,0.35974654705966114,1.6910977242302543,-0.043091094409944526,24.094248183658166,-0.1495983935742972,7.981034653465347,-3.6066420581655483,2.1581914323962517,0.0,19.50877192982456,0.0,0.05752527409938773,0.8912182622874447,-0.03182400683468603,-18.320102272727272,-0.37623762376237624,0.005730659025787971,-3.3759246993316823,-0.40428856461220564,0.25817745596124564,-20.714285714285715,-0.037122969837587005,-0.04203152364273205,-2.189188333731941,-0.5913379526741108,-0.2031567982769914,Airlines,Industrials,ALK
2020Q3,2020,Q3,2020-11-05,2020-09-30,-431000000.0,701000000.0,-571000000.0,-3.49,-14000000.0,-0.019971469329529243,14749000000.0,3454000000.0,4465000000.0,4207000000.0,11295000000.0,57000000.0,4211000000.0,4529189610.0,8099189610.0,27.934361529191975,1.0613263608271928,0.3678215472235406,1.5706427330631152,-0.03986152670484676,27.934361529191975,-0.12478286045165025,6.461040813124108,-2.627140145011601,1.3112882484076434,0.0,12.543859649122806,0.0,0.04752864600989898,0.9698122177323508,-0.0292223201572988,-18.793317883817426,-0.019971469329529243,-1.0057471264367817,-2.6195666271282403,-0.5235936989899465,0.503707271694872,0.8970588235294118,-1.014018691588785,-0.9826388888888888,-2.6179419875316894,-0.6698209838385019,-0.012039010333788154,Airlines,Industrials,ALK
2020Q2,2020,Q2,2020-08-04,2020-06-30,-214000000.0,421000000.0,-288000000.0,-1.74,-136000000.0,-0.32304038004750596,13998000000.0,3861000000.0,3244000000.0,4120000000.0,10137000000.0,56000000.0,4642000000.0,4470712960.0,7246712960.0,31.314884505580068,0.7873786407766991,0.30611515930847266,1.10981610981611,-0.02162264567973351,31.314884505580068,-0.05542605542605543,10.619270688836105,-5.222795514018691,1.1579158145558144,0.0,9.946428571428571,0.0,0.030075725103586227,0.7483009708737864,-0.015287898271181597,18.705911966527196,-0.32304038004750596,0.07936507936507932,-1.9585889893766872,-0.6929141198256525,0.8237991951163343,-4.4,0.07758620689655173,0.102803738317757,-1.7245972228554793,-0.7992645910806833,0.18556195557844538,Airlines,Industrials,ALK
2020Q1,2020,Q1,2020-05-14,2020-03-31,-232000000.0,1636000000.0,-321000000.0,-1.89,40000000.0,0.02444987775061125,13363000000.0,4015000000.0,2572000000.0,3730000000.0,9348000000.0,68000000.0,4856000000.0,3496628460.0,6588628460.0,32.69064795062613,0.689544235924933,0.29207513282945446,0.9721046077210461,-0.02457657127261771,32.69064795062613,-0.057783312577833125,2.137303459657702,-3.767918599137931,0.8708912727272727,-0.1939655172413793,23.470588235294116,0.012869540048301271,0.12242759859313028,0.6445040214477212,-0.017361370949637057,-40.65847046511628,0.02444987775061125,-2.294520547945205,-2.6622970574345777,0.37634907987718574,0.9789463339270998,-0.91701244813278,-2.281767955801105,-2.2738095238095237,-3.356351872220882,-0.059452261803831535,0.3394597109033092,Airlines,Industrials,ALK
2019Q4,2019,Q4,2020-02-12,2019-12-31,181000000.0,2228000000.0,252000000.0,1.46,482000000.0,0.2163375224416517,12993000000.0,4331000000.0,2037000000.0,3201000000.0,8662000000.0,72000000.0,5133000000.0,8341989750.0,11327989750.0,35.174491793160016,0.6363636363636364,0.24682521357654122,0.7404756407296237,0.020301071133863695,35.174491793160016,0.041791734010621105,3.744160570017953,11.52208529005525,1.9261116947587165,0.2430939226519337,24.25,0.005274520985835544,0.1714769491264527,0.5760699781318338,0.013930578003540368,48.49994040697674,0.2163375224416517,-0.4384615384615385,0.3147389038040306,0.8339802911168865,1.1889878371777174,-0.24804992199687986,-0.43788819875776397,-0.4028436018957346,0.5897437760682599,0.4638063585618302,0.4795368117405411,Airlines,Industrials,ALK
2019Q3,2019,Q3,2019-11-07,2019-09-30,322000000.0,2389000000.0,422000000.0,2.6,641000000.0,0.26831310171619926,12983000000.0,4252000000.0,2202000000.0,3346000000.0,8731000000.0,63000000.0,4996000000.0,8002104800.0,11118104800.0,34.490590525632705,0.6580992229527795,0.2582608025879997,0.7885700846660395,0.0353167078353585,34.490590525632705,0.07572906867356538,3.349562494767685,6.212814285714285,1.8819625587958608,0.13354037267080746,27.746031746031747,0.00537358620946829,0.18400985904644535,0.5965331739390317,0.02480166371408765,51.96171948051948,0.26831310171619926,0.2322274881516589,0.7790875169606515,0.7839601794411232,1.08684319929989,0.0773109243697479,0.22900763358778625,0.15934065934065933,0.2564759211753731,0.5239217093360449,0.48305926419034284,Airlines,Industrials,ALK
2019Q2,2019,Q2,2019-08-06,2019-06-30,262000000.0,2288000000.0,364000000.0,2.11,595000000.0,0.26005244755244755,12951000000.0,3973000000.0,2218000000.0,3534000000.0,8978000000.0,55000000.0,4717000000.0,7862960780.0,11141960780.0,32.19141454244924,0.6276174306734579,0.27202532622963477,0.886735464384596,0.02955549915193122,32.19141454244924,0.06594512962496854,3.4366087325174823,7.502825171755726,1.9790991140196326,0.16412213740458015,30.78181818181818,0.00546867791956607,0.17666589452551926,0.5704584040747029,0.02023009806192572,22.659829337175793,0.26005244755244755,69.33333333333334,0.7661481528405315,0.850815407801131,1.0086564726818985,1.2796934865900382,64.5,13.56,0.006320609012274599,0.5293745053732026,0.5103128444449443,Airlines,Industrials,ALK
2019Q1,2019,Q1,2019-05-09,2019-03-31,4000000.0,1876000000.0,25000000.0,0.03,261000000.0,0.13912579957356078,12640000000.0,3746000000.0,2001000000.0,3386000000.0,8894000000.0,58000000.0,4498000000.0,7067040120.0,10534040120.0,30.38340187037172,0.5909627879503839,0.2912974683544304,0.9829151094500801,0.0018222902543917196,30.38340187037172,0.0010678056593699946,3.7670789552238806,441.69000750000004,1.8865563587827017,10.75,27.844827586206897,0.006084584107327807,0.14841772151898736,0.5298287064382753,0.00031645569620253165,20.019943682719546,0.13912579957356078,-0.8421052631578947,-0.952599946468112,0.7100480851119584,0.9917298866184391,-0.17405063291139242,-0.8260869565217391,-0.45652173913043476,-0.9780388779744493,0.40694653772600214,0.5414471295131561,Airlines,Industrials,ALK
2018Q4,2018,Q4,2019-02-15,2018-12-31,23000000.0,2064000000.0,46000000.0,0.19,316000000.0,0.15310077519379844,10912000000.0,3751000000.0,1787000000.0,2942000000.0,7161000000.0,60000000.0,4534000000.0,7501040350.0,9499040350.0,30.42889244023331,0.6074099252209382,0.19272360703812316,0.5606504932018128,0.0050203090004934895,30.42889244023331,0.006131698213809651,3.6342249757751937,81.5330472826087,1.999744161556918,1.7391304347826086,29.133333333333333,0.005332593631495397,0.18914956011730205,0.5445275322909585,0.0021077712609970673,-38.07634695431472,0.15310077519379844,-0.8914285714285715,-0.6682928523750777,0.9188716173349439,1.079632584863062,-0.4137291280148423,-0.8940092165898618,-0.8451178451178452,-0.877012979660316,0.5308779358527235,0.588966220748807,Airlines,Industrials,ALK
2018Q3,2018,Q3,2018-11-02,2018-09-30,217000000.0,2212000000.0,297000000.0,1.75,539000000.0,0.24367088607594936,10893000000.0,3791000000.0,2056000000.0,2888000000.0,7102000000.0,57000000.0,4550000000.0,8349658240.000001,10204658240.0,30.765110692722196,0.7119113573407202,0.18626640962085744,0.5352149828541282,0.03899194133875417,30.765110692722196,0.0572408335531522,3.774709873417722,9.619421935483873,2.202494919546294,0.17972350230414746,29.350877192982455,0.004670849857442787,0.20306618929587808,0.6298476454293629,0.019921050215734877,64.72603286821706,0.24367088607594936,0.12179487179487175,-0.14959158407778825,0.6090226899471702,1.382674166635022,0.0,0.12435233160621761,0.0959409594095941,-0.1817809925168621,0.5084568198428622,0.6560865590144092,Airlines,Industrials,ALK
2018Q2,2018,Q2,2018-08-08,2018-06-30,193000000.0,2156000000.0,271000000.0,1.56,539000000.0,0.25,11055000000.0,3593000000.0,2216000000.0,3036000000.0,7462000000.0,57000000.0,4373000000.0,7444154520.0,9654154520.0,29.147872927280396,0.7299077733860343,0.20913613749434645,0.6434734205399387,0.034198490252681624,29.147872927280396,0.05371555802950181,3.4527618367346937,9.642687202072539,2.0718492958530477,0.20725388601036268,28.36842105263158,0.005373343593625459,0.19502487562189055,0.6518445322793149,0.017458163726820443,32.086872931034485,0.25,51.0,1.1152529448031931,0.9565793055326192,1.654175461940768,0.931899641577061,47.25,8.344827586206897,-0.13528178059118764,0.5729870468651351,0.6975910345335778,Airlines,Industrials,ALK
2018Q1,2018,Q1,2018-05-04,2018-03-31,4000000.0,1832000000.0,29000000.0,0.03,279000000.0,0.15229257641921398,10848000000.0,3439000000.0,2114000000.0,2992000000.0,7409000000.0,62000000.0,4219000000.0,7630683800.0,9902683800.0,27.924160610612642,0.7065508021390374,0.22575589970501475,0.7121256179121838,0.0032835144927536235,27.924160610612642,0.0011631288165164292,4.165220414847162,476.91773750000004,2.2188670543762723,9.75,25.048387096774192,0.00511094431668103,0.16887905604719763,0.6276737967914439,0.0003687315634218289,107.47441971830986,0.15229257641921398,-0.9882352941176471,-0.8763483064079873,0.8494277136895386,1.6904604048783298,-0.33729216152019004,-0.9892761394101877,-0.8209876543209876,-0.9714181316227518,0.5370243197794882,0.690404404092119,Airlines,Industrials,ALK
2017Q4,2017,Q4,2018-02-15,2017-12-31,373000000.0,1962000000.0,162000000.0,2.55,421000000.0,0.2145769622833843,10740000000.0,3721000000.0,2146000000.0,2700000000.0,7019000000.0,57000000.0,4454000000.0,9046187499.380001,11421187499.380001,30.237125863104986,0.7948148148148149,0.23919925512104284,0.6904058048911583,0.06447434406376373,30.237125863104986,0.10024187046492879,4.61069699254842,6.063128350790885,2.4311173070088685,0.09919571045576407,27.035087719298247,0.004090120838478737,0.18268156424581006,0.7266666666666667,0.03472998137802607,188.4622395704167,0.2145769622833843,0.19158878504672883,8.731030462849997,1.0025862146523004,2.0263511532401433,-0.40198863636363635,0.40225563909774437,-0.6309794988610479,1.7108841670001347,0.6159193100863228,0.8817244364116036,Airlines,Industrials,ALK
2017Q3,2017,Q3,2017-11-02,2017-09-30,266000000.0,2120000000.0,439000000.0,2.14,704000000.0,0.3320754716981132,10739000000.0,3491000000.0,2214000000.0,2765000000.0,7248000000.0,57000000.0,4117000000.0,9416828090.0,11973828090.0,28.274761677209295,0.8007233273056058,0.25151317627339603,0.7737038097966199,0.044165925361121704,28.274761677209295,0.07619593239759381,4.44190004245283,8.850402340225564,2.6974586336293322,0.13909774436090225,24.842105263157894,0.003929136185388301,0.19741130459074402,0.7381555153707052,0.024769531613744296,-168.1576444642857,0.3320754716981132,-0.10084033613445369,0.8712880816849469,0.9155413740696631,1.7883017133126782,-0.06631299734748011,-0.10135135135135136,-0.10953346855983773,0.46745505055822795,0.5806896046147494,0.7107562734844466,Airlines,Industrials,ALK
2017Q2,2017,Q2,2017-08-03,2017-06-30,296000000.0,2102000000.0,493000000.0,2.38,754000000.0,0.3587059942911513,10720000000.0,3264000000.0,2425000000.0,2974000000.0,7456000000.0,52000000.0,3888000000.0,11091912480.0,13699912480.0,26.41353693768056,0.8154001344989913,0.26175373134328356,0.8596813725490197,0.0501896799001214,26.41353693768056,0.09068627450980392,5.276837526165557,9.368169324324324,3.3982575,0.125,25.923076923076923,0.003335763788861053,0.1960820895522388,0.7558843308675185,0.027611940298507463,34.8802279245283,0.3587059942911513,2.012658227848101,4.038812805506177,0.9908594283524359,1.9232353365979251,0.7909738717339667,1.9898989898989898,1.9698795180722892,0.9928401541083924,0.698222974568584,0.6481326679923461,Airlines,Industrials,ALK
2017Q1,2017,Q1,2017-05-05,2017-03-31,99000000.0,1749000000.0,166000000.0,0.79,421000000.0,0.24070897655803317,10302000000.0,3014000000.0,2213000000.0,2835000000.0,7288000000.0,50000000.0,3629000000.0,11388708900.0,14068708900.0,24.405846390542127,0.7805996472663139,0.2779072024849544,0.9499004644990047,0.018396872733134523,24.405846390542127,0.032846715328467155,6.511554545454546,28.75936590909091,3.7786028201725284,0.37373737373737376,26.56,0.003248831832026192,0.16977285963890507,0.7164021164021164,0.00960978450786255,44.83743661417323,0.24070897655803317,-0.14130434782608695,1.7976079050592666,0.9402634253504466,1.8530394355262318,-0.12836438923395446,-0.13157894736842105,-0.3112033195020747,0.1712134094497753,0.5916489923291819,0.5998818654886455,Airlines,Industrials,ALK
2016Q4,2016,Q4,2017-02-28,2016-12-31,114000000.0,1524000000.0,241000000.0,0.92,483000000.0,0.3169291338582677,9962000000.0,2931000000.0,2050000000.0,2535000000.0,7031000000.0,47000000.0,3568000000.0,10939166780.0,13575166780.0,23.77398893629447,0.8086785009861933,0.2975306163421,1.0112589559877174,0.020175583534362163,23.77398893629447,0.038894575230296824,7.177930958005249,23.989400833333335,3.732230221767315,0.2982456140350877,22.148936170212767,0.003108097781465582,0.1529813290503915,0.7424063116370808,0.011443485243926922,994.4697072727273,0.3169291338582677,-0.5555555555555556,1.0571800528851611,0.68541601474174,1.8853014325821273,-0.1555944055944056,-0.5546875,-0.3975,0.6439136516842013,0.4166688676453851,0.6248097810724267,Airlines,Industrials,ALK
2016Q3,2016,Q3,2016-11-02,2016-09-30,256000000.0,1566000000.0,400000000.0,2.07,572000000.0,0.3652618135376756,8699000000.0,2864000000.0,3600000000.0,2123000000.0,5835000000.0,44000000.0,3488000000.0,8110593140.0,8428593140.0,23.256380482180123,1.6957136128120585,0.24554546499597654,0.7458100558659218,0.050945273631840794,23.256380482180123,0.0893854748603352,5.179178250319285,7.920501113281249,2.8319110125698326,0.1328125,22.59090909090909,0.004192048523839528,0.18002069203356708,1.6288271314178049,0.029428669962064606,58.77241405797101,0.3652618135376756,-0.014285714285714403,2.8600444937014413,0.5273998283026098,1.6471400794349265,0.007042253521126761,-0.015384615384615385,-0.0430622009569378,0.003857790521910212,0.13981197737953327,0.8011434295743939,Airlines,Industrials,ALK
2016Q2,2016,Q2,2016-08-02,2016-06-30,260000000.0,1494000000.0,418000000.0,2.1,568000000.0,0.38018741633199465,7035000000.0,2627000000.0,2003000000.0,2061000000.0,4408000000.0,45000000.0,3266000000.0,7184242500.0,7729242500.0,21.31440162271805,0.9718583212032994,0.08898365316275764,0.23829463266082984,0.07954562089207033,21.31440162271805,0.09897221164826799,4.808729919678715,6.90792548076923,2.734770650932623,0.13076923076923078,20.57777777777778,0.004732579670020882,0.21236673773987208,0.9029597282872392,0.03695806680881308,46.95583333333333,0.38018741633199465,0.43835616438356173,9.542686499887312,0.5715196172829267,1.5427471648247448,0.3117782909930716,0.41304347826086957,0.4413793103448276,1.849979716024341,0.35600945724215455,0.9408675862594797,Airlines,Industrials,ALK
2016Q1,2016,Q1,2016-05-09,2016-03-31,184000000.0,1347000000.0,290000000.0,1.46,433000000.0,0.3214550853749072,6829000000.0,2455000000.0,1923000000.0,2069000000.0,4374000000.0,45000000.0,3039000000.0,10215591000.0,10784591000.0,19.710959454034523,0.929434509424843,0.09474300776101918,0.26354378818737273,0.05891029207846463,19.710959454034523,0.07494908350305499,7.583957683741648,13.879879076086954,4.161136863543788,0.18478260869565216,20.31111111111111,0.0033282460114152966,0.19724703470493485,0.8695021749637506,0.026943915653829257,25.161554187192117,0.3214550853749072,-0.033112582781456984,1.8665550699499331,0.6132313543842791,1.4253526180275828,-0.004597701149425287,-0.03664921465968586,0.13725490196078433,4.624270725964824,0.34458358298169983,0.8991280236759309,Airlines,Industrials,ALK
2015Q4,2015,Q4,2016-02-11,2015-12-31,191000000.0,1377000000.0,255000000.0,1.51,435000000.0,0.3159041394335512,6533000000.0,2411000000.0,1663000000.0,1806000000.0,4122000000.0,51000000.0,2890000000.0,10136209000.0,10749209000.0,19.15011914217633,0.9208194905869325,0.1050053574161947,0.28452924097884696,0.060720113997479196,19.15011914217633,0.07922024056408129,7.361081336238199,13.267289267015707,4.204151389464953,0.1256544502617801,18.470588235294116,0.0023677491259306116,0.21077606000306137,0.8527131782945736,0.02923618551966937,52.79275520833333,0.3159041394335512,-0.294392523364486,2.3707204424440325,0.6428813388671983,1.4942623065080325,-0.23415492957746478,-0.3029197080291971,-0.4110854503464203,3.870536471491043,0.3737875988458477,0.9166830013208207,Airlines,Industrials,ALK
2015Q3,2015,Q3,2015-11-04,2015-09-30,274000000.0,1515000000.0,433000000.0,2.14,568000000.0,0.37491749174917494,6564000000.0,2365000000.0,1715000000.0,1854000000.0,4199000000.0,52000000.0,2724000000.0,10114620600.0,10736620600.0,18.576994375844407,0.9250269687162891,0.10816575258988421,0.30021141649048627,0.0882900783241242,18.576994375844407,0.11585623678646935,6.676317227722772,9.228668430656935,4.276795179704018,0.0948905109489051,18.21153846153846,0.002570536358032055,0.23080438756855576,0.7891046386192018,0.04174283973187081,43.78623636363636,0.37491749174917494,0.19553072625698328,1.5248971615541618,0.6007344742643722,1.4848698429587799,0.09230769230769231,0.17094017094017094,0.1639784946236559,0.869410932166591,0.32758858345498354,0.8319611616079025,Airlines,Industrials,ALK
2015Q2,2015,Q2,2015-08-05,2015-06-30,234000000.0,1437000000.0,372000000.0,1.79,520000000.0,0.3618649965205289,6480000000.0,2219000000.0,1654000000.0,1927000000.0,4261000000.0,58000000.0,2474000000.0,8326675480.000001,9026675480.0,17.170138351542914,0.8583290088220031,0.11496913580246913,0.33573681838666064,0.07810750279955209,17.170138351542914,0.10545290671473637,5.79448537230341,8.896020811965814,3.7524450112663366,0.1111111111111111,15.810344827586206,0.0031224946934043357,0.22175925925925927,0.7192527244421381,0.03611111111111111,87.64921557894738,0.3618649965205289,0.5982142857142856,3.4120315591646655,0.6261079245424935,1.608531115537308,0.39037433155080214,0.5704697986577181,0.5630252100840336,2.808837578796414,0.3013818193930339,0.9002511962683409,Airlines,Industrials,ALK
2015Q1,2015,Q1,2015-05-07,2015-03-31,149000000.0,1269000000.0,238000000.0,1.12,374000000.0,0.29472025216706066,6410000000.0,2166000000.0,1776000000.0,1880000000.0,4244000000.0,52000000.0,2266000000.0,8677521600.0,9394521600.0,16.51921903599756,0.9446808510638298,0.11981279251170047,0.3545706371191136,0.05036071347421041,16.51921903599756,0.06879039704524469,6.838078486997636,14.5596,4.0062426592797795,0.174496644295302,17.21153846153846,0.0029962472234007454,0.19797191887675508,0.7973404255319149,0.023244929797191886,36.925623829787234,0.29472025216706066,0.009009009009009016,29.589193825042887,0.6637707697384977,1.6618070266859042,0.1130952380952381,0.006756756756756757,-0.01652892561983471,2.965686274509804,0.3259066343699326,0.9310939927926736,Airlines,Industrials,ALK
2014Q4,2014,Q4,2015-02-11,2014-12-31,148000000.0,1306000000.0,242000000.0,1.11,336000000.0,0.2572741194486983,6181000000.0,2127000000.0,1756000000.0,1671000000.0,4054000000.0,58000000.0,2144000000.0,7910311680.0,8606311680.0,16.06883838994319,1.0508677438659486,0.12991425335706197,0.37752703338034793,0.050511945392491465,16.06883838994319,0.06958157028678891,6.0569002143951,13.362012972972972,3.718999379407616,0.11486486486486487,16.724137931034484,0.002149093574022105,0.21129267108882058,0.8833034111310593,0.023944345575149652,2636.77056,0.2572741194486983,-0.23448275862068957,5.618936870577839,0.6636618125987378,1.6287226641628423,-0.2328767123287671,-0.25252525252525254,-0.23417721518987342,1.4874818687296023,0.3452285671502123,0.9501751494320414,Airlines,Industrials,ALK
2014Q3,2014,Q3,2014-11-05,2014-09-30,198000000.0,1465000000.0,316000000.0,1.45,438000000.0,0.29897610921501705,6236000000.0,2229000000.0,1799000000.0,1767000000.0,4007000000.0,64000000.0,2012000000.0,5872022100.0,6663022100.0,16.527638749860973,1.018109790605546,0.1322963438101347,0.37012113055181695,0.06483300589390963,16.527638749860973,0.08882907133243607,4.0082062116040955,7.414169318181818,2.634375100942126,0.08585858585858586,16.046875,0.0028950844718380743,0.23492623476587557,0.8607809847198642,0.03175112251443233,122.33379375,0.29897610921501705,0.21848739495798322,1.3647696402643132,0.5843798070308229,2.0137630235272463,0.10327455919395466,0.2,0.20152091254752852,1.7261463614151789,0.30475880796604665,0.8812460944514697,Airlines,Industrials,ALK
2014Q2,2014,Q2,2014-08-06,2014-06-30,165000000.0,1375000000.0,263000000.0,1.19,397000000.0,0.2887272727272727,6314000000.0,2200000000.0,2020000000.0,1864000000.0,4114000000.0,61000000.0,1831000000.0,6523946850.0,7360946850.0,16.026341477628684,1.0836909871244635,0.13604687994931897,0.39045454545454544,0.0535321075453194,16.026341477628684,0.075,4.744688618181818,9.884767954545454,2.965430386363636,0.10303030303030303,16.0327868852459,0.002605784564293316,0.21777003484320556,0.9189914163090128,0.02613240418118467,47.97019742647059,0.2887272727272727,0.7629629629629627,5.006408433790858,0.7259794349973729,2.385366752339995,0.48134328358208955,0.7553191489361702,0.8652482269503546,5.0070400561407595,0.29858549223003283,0.9118967107816426,Airlines,Industrials,ALK
2014Q1,2014,Q1,2014-05-09,2014-03-31,94000000.0,1222000000.0,141000000.0,0.675,268000000.0,0.2193126022913257,6061000000.0,2095000000.0,1934000000.0,1755000000.0,3966000000.0,58000000.0,1684000000.0,6407317770.0,7151317770.0,15.254780316600405,1.101994301994302,0.13760105593136446,0.39809069212410503,0.029770354530915887,15.254780316600405,0.04486873508353222,5.243304230769231,17.040738750000003,3.058385570405728,0.18085106382978725,16.448275862068964,0.0026532163083274082,0.20161689490183138,0.9299145299145299,0.01550899191552549,43.00213268456376,0.2193126022913257,0.2162162162162162,6.17995665069587,0.7415371498029217,2.3722510255945615,0.08064516129032258,0.20512820512820512,0.08461538461538462,0.32811591956917585,0.3272903191218681,0.8770380744063414,Airlines,Industrials,ALK
2013Q4,2013,Q4,2014-02-13,2013-12-31,78000000.0,1210000000.0,130000000.0,0.555,248000000.0,0.2049586776859504,5838000000.0,2029000000.0,1762000000.0,1580000000.0,3809000000.0,60000000.0,1607000000.0,5087108950.0,5878108950.0,14.631859811062235,1.1151898734177215,0.14919492977046933,0.42927550517496305,0.02797241379310345,14.631859811062235,0.03844258255298177,4.2042222727272724,16.304836378205128,2.5072000739280433,0.1794871794871795,16.033333333333335,0.0027520542881237092,0.20726276121959575,0.9379746835443038,0.013360739979445015,-423.92574583333334,0.2049586776859504,-0.7279411764705882,2.086855522601492,0.5329302833278303,2.2120679226266606,-0.5767918088737202,-0.7301038062283737,-0.723404255319149,0.2497616243199282,0.31069258108525494,0.9057686341211293,Airlines,Industrials,ALK
2013Q3,2013,Q3,2013-11-06,2013-09-30,289000000.0,1557000000.0,470000000.0,2.04,586000000.0,0.37636480411046885,5862000000.0,1802000000.0,1935000000.0,1650000000.0,4060000000.0,60000000.0,1542000000.0,4369623600.0,5221623600.0,12.912009171682431,1.1727272727272726,0.15233708631866258,0.4955604883462819,0.10885689441690675,12.912009171682431,0.16037735849056603,2.8064377649325625,3.7799512110726647,2.4248743618201996,0.0,16.183333333333334,0.0,0.2656090071647902,0.9860606060606061,0.04930058000682361,46.9852,0.37636480411046885,1.7755102040816328,4.453940625947445,0.5110908894829272,1.0124155074577665,1.0206896551724138,1.7788461538461537,1.7011494252873562,1.4293254991879234,0.500686627695071,0.7271180446951315,Airlines,Industrials,ALK
2013Q2,2013,Q2,2013-08-07,2013-06-30,104000000.0,1256000000.0,174000000.0,0.735,290000000.0,0.23089171974522293,5852000000.0,1543000000.0,1986000000.0,1756000000.0,4309000000.0,59000000.0,1268000000.0,3712818200.0,4579818200.0,10.981893753914479,1.1309794988610478,0.15789473684210525,0.5988334413480233,0.043403698044962746,10.981893753914479,0.06740116655865197,2.9560654458598727,8.92504375,2.4062334413480233,0.0,16.372881355932204,0.0,0.21462747778537253,0.9248291571753986,0.0177717019822283,16.501414222222223,0.23089171974522293,1.8823529411764706,0.6919555978373712,0.38521838295390937,0.5679909201045424,0.7159763313609467,1.8108108108108107,1.71875,0.8036443741584416,0.3073054053455783,0.6683972474826645,Airlines,Industrials,ALK
2013Q1,2013,Q1,2013-05-08,2013-03-31,37000000.0,1133000000.0,64000000.0,0.255,169000000.0,0.14916151809355693,5644000000.0,1462000000.0,1839000000.0,1598000000.0,4182000000.0,61000000.0,1164000000.0,4479411600.0,5330411600.0,10.37895244991552,1.1508135168961202,0.16761162296243798,0.6470588235294118,0.016667605157948084,10.37895244991552,0.0253077975376197,3.9535848190644307,30.26629459459459,3.063893023255814,0.0,15.80327868852459,0.0,0.2007441530829199,0.909261576971214,0.006555634301913536,41.09551926605504,0.14916151809355693,-0.16393442622950816,2.0835694541159606,0.418922539971684,0.6059777891784441,1.198263725950258,-0.16478555304740405,-0.1386271870794078,6.070637581060871,0.38272835250461357,0.6724016129710271,Airlines,Industrials,ALK
2012Q4,2012,Q4,2013-02-14,2012-12-31,44300000.0,1132300000.0,74300000.0,0.305,-852400000.0,-0.7528040272012717,5505000000.0,1421000000.0,1737000000.0,1501000000.0,4084000000.0,58000000.0,1127000000.0,3064216080.0000005,3974216080.0000005,9.991281358983013,1.1572285143237842,0.1874659400544959,0.7262491203377903,0.01845697742034429,9.991281358983013,0.031175228712174523,2.706187476817098,17.2924158013544,2.1563800703729767,0.0,34.21896551724138,0.0,0.20568574023614897,0.9207195203197868,0.008047229791099002,-25.83656053962901,-0.7528040272012717,-0.7312775330396476,12.567356878627255,0.3918654844579759,0.44498906654291825,-2.1860303325448727,-0.7288861689106487,-0.72430426716141,0.8439127524391423,0.3424357107632833,0.6344870186026699,Airlines,Industrials,ALK
2012Q3,2012,Q3,2012-11-07,2012-09-30,163400000.0,1272200000.0,269500000.0,1.135,718700000.0,0.5649268982864329,5436100000.0,1439200000.0,1716500000.0,1528800000.0,3996900000.0,52500000.0,1082300000.0,2495768710.0,3534368710.0,10.14049575130702,1.1227760334903192,0.19611486175750997,0.7407587548638133,0.06617942852718502,10.14049575130702,0.11353529738743746,1.9617738641723,3.8184955783353733,1.7341361242356865,0.0,10.542857142857143,0.0,0.23402807159544525,0.8967817896389325,0.030058313864719192,25.80939720785936,0.5649268982864329,1.4408602150537633,1.172878692783432,0.4586778287039124,0.5982779423794512,0.26687819495857573,1.4207407407407406,1.3272884283246977,0.8544408987460637,0.3074176964470336,0.8490875555820889,Airlines,Industrials,ALK
2012Q2,2012,Q2,2012-08-08,2012-06-30,67500000.0,1213200000.0,115800000.0,0.465,567300000.0,0.46760633036597427,5423600000.0,1283000000.0,1698400000.0,1664300000.0,4140600000.0,47800000.0,918900000.0,2548756400.0,3653856400.0,9.035720322271677,1.0204890945142102,0.21028468176119183,0.8889321901792674,0.029562731405007904,9.035720322271677,0.052611067809820736,2.1008542696999672,9.439838518518519,1.9865599376461418,0.0,13.51255230125523,0.0,0.2236890626152371,0.8140359310220513,0.012445608083191976,22.029009507346586,0.46760633036597427,0.6607142857142857,0.6684664890228148,0.5285740724465132,0.5624447452640349,0.10283825816485226,0.6544117647058824,0.5994475138121547,1.375522245191104,0.47227769495062466,0.9086843497726005,Airlines,Industrials,ALK
2012Q1,2012,Q1,2012-05-03,2012-03-31,40800000.0,1039300000.0,72400000.0,0.28,514400000.0,0.49494852304435677,5382000000.0,1218000000.0,1656900000.0,1673200000.0,4164000000.0,45300000.0,851400000.0,2550097440.0,3748897440.0,8.554331947409821,0.9902581879034186,0.23169825343738387,1.0238095238095237,0.017993165579372476,8.554331947409821,0.033497536945812804,2.4536682767247187,15.62559705882353,2.0936760591133003,0.0,11.58719646799117,0.0,0.19310665180230396,0.7826320822376285,0.00758082497212932,29.930721126760563,0.49494852304435677,-0.3636363636363636,5.491865018105012,0.551937020944049,0.5583689904420509,-0.13049357674104126,-0.3625,-0.3654688869412796,3.168579334756714,0.4286286147392578,0.8910370444035246,Airlines,Industrials,ALK
2011Q4,2011,Q4,2012-02-21,2011-12-31,64000000.0,1044300000.0,114100000.0,0.44,591600000.0,0.5665038781959207,5195000000.0,1173200000.0,1595500000.0,1509600000.0,4021800000.0,44300000.0,810600000.0,2672903640.0,3877603640.0,8.239689852792448,1.05690249072602,0.25156881616939364,1.113961813842482,0.029239298940720068,8.239689852792448,0.05455165359699966,2.559517035334674,10.44102984375,2.2783017729287423,0.0,10.218961625282168,0.0,0.20102021174205967,0.8461181770005299,0.01231953801732435,-468.93046315789474,0.5665038781959207,-0.16981132075471703,7.2564178075025865,0.498432054084474,0.5024057861455322,0.03498950314905528,-0.17419354838709677,-0.2032122905027933,1.8685173806284714,0.288497670406985,0.8088229254723581,Airlines,Industrials,ALK
2011Q3,2011,Q3,2011-11-03,2011-09-30,77500000.0,1198100000.0,143200000.0,0.53,571600000.0,0.47708872381270345,5260200000.0,1264300000.0,1726300000.0,1518300000.0,3995900000.0,44300000.0,746600000.0,2025145330.0,3350045330.0,8.785474052867109,1.1369953237173154,0.2647047640774115,1.1013208890295025,0.03333888981496916,8.785474052867109,0.061298742387091674,1.6902974125699024,6.532726870967743,1.6017917661947323,0.0,14.142212189616252,0.0,0.22776700505684194,0.9313706118685372,0.014733280103418121,10.847055865024103,0.47708872381270345,1.717948717948718,5.946383369451556,0.42197433448071536,0.45498375257306717,0.1805039239983478,1.6909722222222223,1.4775086505190311,1.8982448806004995,0.1276415401039954,0.3692698006389273,Airlines,Industrials,ALK
2011Q2,2011,Q2,2011-08-04,2011-06-30,28800000.0,1110200000.0,57800000.0,0.195,484200000.0,0.43613763285894436,5233800000.0,1206500000.0,1675700000.0,1628000000.0,4027300000.0,52600000.0,669100000.0,2463396180.0,3805196180.0,8.382430592224106,1.0292997542997544,0.26917344950131833,1.1676750932449234,0.013542565801409218,8.382430592224106,0.023870700372979694,2.2188760403530896,21.383647395833332,2.0417705594695397,0.0,11.901140684410647,0.0,0.21212121212121213,0.8116093366093367,0.005502694027284191,15.600989107029765,0.43613763285894436,-0.6119402985074627,-0.45158967710728265,0.3439808966681766,0.3088362576928691,-0.13582009637694092,-0.6118598382749326,-0.5680119581464873,-0.5426176113363623,0.19525662102696845,0.1968404859434133,Airlines,Industrials,ALK
2011Q1,2011,Q1,2011-05-04,2011-03-31,74200000.0,965200000.0,133800000.0,0.5025,560300000.0,0.5805014504765852,5111400000.0,1170100000.0,1596000000.0,1484400000.0,3941300000.0,45700000.0,640300000.0,2282739480.0,3667539480.0,8.12704895260321,1.0751818916734035,0.28270141252885705,1.2349371848559951,0.031453171858282614,8.12704895260321,0.06341338347149816,2.365042975549109,7.691170754716981,1.9508926416545598,0.0,8.859956236323852,0.0,0.1888328051023203,0.8109000269469145,0.014516570802519857,-75.33793663366336,0.5805014504765852,0.14204545454545442,1.8721178210134333,0.22022923803711936,0.4475771984027351,-0.22749207224596718,0.14506172839506173,0.12154233025984912,3.125997167896909,0.18263257627843008,0.2575315449636665,Airlines,Industrials,ALK
2010Q4,2010,Q4,2010-12-31,2010-12-31,64800000.0,958500000.0,119300000.0,0.44,725300000.0,0.7567031820552947,5016600000.0,1105400000.0,1662000000.0,1424700000.0,3911200000.0,45100000.0,566100000.0,2040499860.0,3485199860.0,7.677668500305606,1.1665613813434408,0.3058246621217558,1.3879138773294735,0.028296777509108754,7.677668500305606,0.05862131355165551,2.1288470109546167,7.872298842592592,1.8459379952958204,0.0,5.170731707317073,0.0,0.19106566200215286,0.9323366322734611,0.012917115177610334,112.11537692307692,0.7567031820552947,-0.4698795180722891,2.825613359802391,0.21972012216471704,0.24178588059075312,-0.12477374200555086,-0.47058823529411764,-0.44870609981515713,18.604208544561352,0.1638865793730349,0.11038280685669834,Airlines,Industrials,ALK
2010Q3,2010,Q3,2010-09-30,2010-09-30,122400000.0,1067500000.0,216400000.0,0.83,828700000.0,0.7762997658079626,5120100000.0,1073500000.0,1768300000.0,1472000000.0,4046600000.0,41600000.0,501300000.0,1831874940.0,3326574940.0,7.476043233606329,1.2012907608695653,0.31716177418409797,1.512715416860736,0.04954384073701947,7.476043233606329,0.11401956217978575,1.7160420983606557,3.741574632352941,1.7064508057755008,0.0,5.740384615384615,0.0,0.20849202164020234,0.9900135869565218,0.02390578309017402,14.01587559296098,0.7762997658079626,1.0749999999999997,0.03960630507798708,-0.032957463143984844,0.1755639851952044,0.17462792345854003,1.0887372013651877,0.9690627843494085,0.608779654241797,0.20977217862204173,0.17832454049478288,Airlines,Industrials,ALK
2010Q2,2010,Q2,2010-06-30,2010-06-30,58600000.0,976400000.0,109900000.0,0.4,705500000.0,0.7225522326915199,5107000000.0,939900000.0,1739200000.0,1440700000.0,4167100000.0,48500000.0,378900000.0,1604625100.0,3220825100.0,6.5823015294974505,1.2071909488443118,0.337634619150186,1.8345568677518884,0.025715835019733683,6.5823015294974505,0.062347058197680605,1.6434095657517411,6.845670221843004,1.7072295988934996,0.0,5.585567010309278,0.0,0.19118856471509693,0.9841743596862637,0.01147444683767378,8.305512939958593,0.7225522326915199,9.666666666666668,1.5660988767199684,-0.016569083592005582,0.1914064322231287,0.16303989449390044,10.056603773584905,3.226923076923077,0.44036092605733623,0.22332501887114395,0.1382028294033211,Airlines,Industrials,ALK
2010Q1,2010,Q1,2010-03-31,2010-03-31,5300000.0,829900000.0,26000000.0,0.0375,606600000.0,0.730931437522593,5015700000.0,885400000.0,1651600000.0,1339500000.0,4130300000.0,49100000.0,320300000.0,1470550410.0,3168250410.0,6.206016766198447,1.232997387084733,0.36194349741810716,2.0503727128981253,0.005002148963850943,6.206016766198447,0.005985995030494692,1.7719609712013495,69.36558537735849,1.6608881974248926,0.0,4.547861507128309,0.0,0.16546045417389396,0.9768570362075402,0.0010566820184620292,51.417846503496506,0.730931437522593,-0.7794117647058824,1.050111251645004,-0.016876915619938485,0.15294944158760804,-0.09799256505576208,-0.7800829875518672,-0.5075757575757576,1.5823405334293674,0.23678311316735373,0.1305691832002722,Airlines,Industrials,ALK
2009Q4,2009,Q4,2009-12-31,2009-12-31,24100000.0,846100000.0,52800000.0,0.17,672500000.0,0.7948233069377142,4985000000.0,872100000.0,1634300000.0,1258300000.0,4112900000.0,45800000.0,315000000.0,1232651520.0,2923651520.0,6.1127933383800155,1.298815862671859,0.37215646940822467,2.127278981768146,0.011108841292539454,6.1127933383800155,0.02763444559110194,1.4568626876255761,12.786841493775935,1.4134291021671828,0.0,3.7903930131004366,0.0,0.16972918756268807,1.0362393705793531,0.004834503510531595,-13.486340481400438,0.7948233069377142,-0.7235772357723577,1.3661293780510306,-0.013651729047629438,-0.001540308321285982,-0.12080010458883514,-0.7248858447488584,-0.6695869837296621,3.3512425278655145,0.21162461614678268,0.11459244767344703,Airlines,Industrials,ALK
2009Q3,2009,Q3,2009-09-30,2009-09-30,87600000.0,967400000.0,159800000.0,0.615,764900000.0,0.7906760388670664,5006000000.0,773800000.0,1685800000.0,1282500000.0,4232200000.0,47400000.0,290900000.0,945017250.0,2978117250.0,5.484053862508859,1.3144639376218323,0.4400918897323212,2.8471181183768417,0.032929749547707825,5.484053862508859,0.11320754716981132,0.9768629832540832,2.696967037671233,1.2212680925303694,0.0,4.272151898734177,0.0,0.19324810227726727,1.0587914230019493,0.017499001198561726,6.711770241477272,0.7906760388670664,2.113924050632911,-0.15773210489014888,-0.04797428321834926,-0.17425641897582414,0.10057553956834532,2.0103092783505154,1.3958020989505247,6.702274249126322,0.17101564245023007,-0.09177248488008723,Airlines,Industrials,ALK
2009Q2,2009,Q2,2009-06-30,2009-06-30,29100000.0,843900000.0,66700000.0,0.1975,695000000.0,0.8235572935181894,4941300000.0,688400000.0,1593900000.0,1340400000.0,4252900000.0,43600000.0,203300000.0,663824040.0,2759024040.0,4.734004511195467,1.1891226499552372,0.45706595430352337,3.280796048808832,0.013808135657319033,4.734004511195467,0.04227193492155724,0.7866145751866335,5.702955670103093,0.9642998837884951,0.0,3.415137614678899,0.0,0.1707850160888835,0.9536705461056401,0.005889138485823568,23.37408591549296,0.8235572935181894,2.490566037735849,13.627525411881209,-0.10900672276263991,-0.20090301821406745,0.23577524893314367,2.515625,6.605042016806722,-0.4515320073332947,0.011178962425042691,-0.2608305335588536,Airlines,Industrials,ALK
2009Q1,2009,Q1,2009-03-31,2009-03-31,-19200000.0,742400000.0,-11900000.0,-0.1325,562400000.0,0.7575431034482759,4779000000.0,657300000.0,1465900000.0,1285600000.0,4121700000.0,43400000.0,174200000.0,638247820.0,2584447820.0,4.523619446126741,1.1402457996266335,0.45685289809583596,3.3216187433439828,-0.002717355107695177,4.523619446126741,-0.02921040620721132,0.8597088092672414,-8.310518489583334,0.9710144834930778,0.0,4.147465437788019,0.0,0.15534630675873615,0.8995799626633478,-0.004017576898932831,-3.026305452821242,0.7575431034482759,0.743981141554276,0.6685378734671884,-0.08545108893587205,-0.24433261679112997,0.24040582267313632,0.7446808510638298,0.8884723523898782,0.776393194010162,-0.07001785466396664,-0.19426000721125608,Airlines,Industrials,ALK
2008Q4,2008,Q4,2009-02-19,2008-12-31,-75200000.0,827100000.0,-106700000.0,-0.51754,453400000.0,0.5481803893120542,4835600000.0,661900000.0,1508900000.0,1360600000.0,4173700000.0,51900000.0,193400000.0,1062535500.0,2993335500.0,4.555277211914332,1.1089960311627223,0.45783356770617917,3.344765070252304,-0.023251037392493682,4.555277211914332,-0.11361232814624565,1.2846517954298151,-3.532365359042553,1.6052810092158936,0.0,7.200385356454721,0.0,0.1710439242286376,0.8776275172717919,-0.015551327653238481,50.59692857142857,0.5481803893120542,0.1374333333333333,-2.4431228868462713,-0.005864426113442256,-0.2762906367211986,-0.01988759187202767,0.130635838150289,0.11083333333333334,-1.0992500571424761,0.04289029482223651,-0.26322959584581346,Airlines,Industrials,ALK
2008Q3,2008,Q3,2008-11-07,2008-09-30,-86500000.0,1065200000.0,-120000000.0,-0.6,462600000.0,0.4342846413819001,5065900000.0,925700000.0,1678700000.0,1540500000.0,4140200000.0,83500000.0,268600000.0,735446910.0,2805046910.0,6.41617455432643,1.0897111327491074,0.45970113898813636,2.515717835151777,-0.023980676841897336,6.41617455432643,-0.09344280004321054,0.6904308205031919,-2.1255691040462428,0.794476515069677,0.0,7.216766467065868,0.0,0.2102686590734124,0.7857189224277832,-0.017074952130914547,-8.217283910614524,0.4342846413819001,-2.379310344827586,-2.57089711277518,0.12123430250253205,0.0017874882479802716,-0.3783093670205617,-2.370839936608558,-2.1267605633802815,-1.731205999046297,-0.039615807644285156,0.008905846730048425,Airlines,Industrials,ALK
2008Q2,2008,Q2,2008-08-08,2008-06-30,63100000.0,930800000.0,106500000.0,0.435,744100000.0,0.7994198538891276,5095500000.0,1010200000.0,1734000000.0,1649800000.0,4085300000.0,59700000.0,359100000.0,553145060.0,2613345060.0,7.0037993288776725,1.0510364892714268,0.4394661956628398,2.2166897644030885,0.021059639756578562,7.0037993288776725,0.06246287863789349,0.59426843575419,2.191541442155309,0.5475599485250445,0.0,3.1273031825795643,0.0,0.18267098420174663,0.7097830040004849,0.012383475615739378,-7.868350782361309,0.7994198538891276,2.7938144329896906,0.030511082255310722,0.12805303229645137,0.1591924796273333,0.3869524697110904,2.7576601671309193,3.142857142857143,1.7354912909334737,-0.07188312787002321,0.2676981650006502,Airlines,Industrials,ALK
2008Q1,2008,Q1,2008-05-07,2008-03-31,-35900000.0,839500000.0,-49700000.0,-0.2425,536500000.0,0.6390708755211435,4777100000.0,957100000.0,1541800000.0,1482400000.0,3820000000.0,47000000.0,296000000.0,726410880.0,2156210880.0,6.462699870354364,1.0400701565029682,0.34366037972828706,1.7152857590638386,-0.011755481917570037,6.462699870354364,-0.037509142200397035,0.8652899106611078,-5.0585715877437325,0.7589707240622715,0.0,6.446808510638298,0.0,0.17573423206547906,0.728953049109552,-0.007515019572544012,-6.621794712853236,0.6390708755211435,-11.543478260869566,0.5421846287406489,0.16200706581625934,0.14527658635839802,-0.6880088392649454,-11.558823529411764,-6.461538461538462,0.6730080404451435,-0.04195463495757516,0.20063584862624406,Airlines,Industrials,ALK
2007Q4,2007,Q4,2008-02-20,2007-12-31,3400000.0,847100000.0,9100000.0,0.023,1719600000.0,2.029984653523787,4490900000.0,1024000000.0,1390300000.0,1388000000.0,3466900000.0,46600000.0,331900000.0,925970240.0,2386670240.0,6.9144338807260155,1.001657060518732,0.37074973835979425,1.6259765625,0.0034867079121448778,6.9144338807260155,0.0033203125,1.0931061740054302,68.08604705882354,0.9042678125000001,0.0,-18.723175965665234,0.0,0.1886258879066557,0.6922190201729107,0.000757086552806787,-13.924364511278196,2.029984653523787,-0.9563981042654028,1.0269435636045874,0.15340339871700084,0.12124130802171078,3.5588547189819724,-0.9603729603729604,-0.9364968597348221,1.0497599226784116,-0.04868023745001526,0.12939913694385757,Airlines,Industrials,ALK
2007Q3,2007,Q3,2007-11-07,2007-09-30,85800000.0,995100000.0,143300000.0,0.5275,377200000.0,0.37905738116772186,4456900000.0,1027400000.0,1468300000.0,1299600000.0,3429500000.0,51800000.0,328500000.0,945682880.0,2224282880.0,6.3446384902304676,1.1298091720529393,0.30489802328973054,1.3226591395756278,0.03651585074295917,6.3446384902304676,0.0835117773019272,0.9503395437644457,2.755486247086247,0.9204622153007591,0.0,11.928571428571429,0.0,0.22327178083421212,0.8039396737457679,0.01925104893535866,-11.835830788485607,0.37905738116772186,0.8672566371681416,4.308317630647665,0.052399114270414514,-0.19443420718733292,0.23469721767594107,0.8611713665943601,0.8442728442728443,-0.2811674036015117,-0.14669624429751,-0.04467668652146405,Airlines,Industrials,ALK
2007Q2,2007,Q2,2007-08-07,2007-06-30,46100000.0,904400000.0,77700000.0,0.2825,305500000.0,0.33779301194161876,4479400000.0,935700000.0,1629600000.0,1408500000.0,3543700000.0,55100000.0,242700000.0,1126937000.0,2357937000.0,5.783065512978986,1.156975505857295,0.31013082109211054,1.48466388799829,0.0205426469955697,5.783065512978986,0.04926792775462221,1.2460603715170278,6.111372017353578,1.2043785401303837,0.0,10.869328493647913,0.0,0.20190204045184623,0.835498757543486,0.010291556904942626,-69.99608695652174,0.33779301194161876,5.346153846153846,7.72359730806208,0.03391846086172614,-0.25153529195092683,0.1306439674315322,5.475728155339806,5.292817679558011,18.97876536028503,-0.14182141901178652,-0.023822181418911393,Airlines,Industrials,ALK
2007Q1,2007,Q1,2007-05-08,2007-03-31,-10300000.0,759400000.0,-18100000.0,-0.065,270200000.0,0.3558072162233342,4343100000.0,886300000.0,1594100000.0,1380300000.0,3456800000.0,47800000.0,196600000.0,1537906500.0,2775806500.0,5.4892852718939675,1.1548938636528292,0.32209711956897147,1.5783594719620895,-0.00458322926029143,5.4892852718939675,-0.011621347173643236,2.0251599947326837,-37.327827669902916,1.735198578359472,0.0,10.234309623430962,0.0,0.17485206419377863,0.8175034412808809,-0.002371577905182934,-8.09850710900474,0.3558072162233342,0.09521158129175945,0.8031915169427809,0.004538596376688158,-0.2693253890184837,-0.8055695473843275,0.11206896551724138,0.005494505494505495,0.8399769550161568,-0.15811613081434053,-0.083018833370077,Airlines,Industrials,ALK
