Quarters,Year,Quarter,FillingDate,Date,NetIncome,Revenue,OperatingIncome,EPSDiluted,GrossProfit,GrossProfitRatio,TotalAssets,CommonStockEquity,CurrentAssets,CurrentLiability,TotalLiability,Inventory,RetainedEarnings,MarketCap,EnterpriseValue,bookValuePerShare,currentRatio,debtToAssets,debtToEquity,roic,shareholdersEquityPerShare,roe,priceToSalesRatio,peRatio,pbRatio,payoutRatio,inventoryTurnover,dividendYield,assetTurnover,quickRatio,returnOnAssets,priceToFreeCashFlowsRatio,grossProfitMargin,epsdilutedGrowth,fiveYNetIncomeGrowthPerShare,fiveYRevenueGrowthPerShare,fiveYShareholdersEquityGrowthPerShare,grossProfitGrowth,netIncomeGrowth,operatingIncomeGrowth,threeYNetIncomeGrowthPerShare,threeYRevenueGrowthPerShare,threeYShareholdersEquityGrowthPerShare,Industry,Sector,Symbol
2023Q3,2023,Q3,2023-02-14,2022-12-31,46391000.0,214548000.0,127637000.0,0.78,178815000.0,0.8334498574,5368134000.0,690834000.0,5233994000.0,4148154000.0,4685803000.0,0.0,592115000.0,3416275660.6,4047475660.6,11.773158689698976,1.261764630724896,0.24129334327347268,1.8749728588922954,0.05723725577832336,11.773158689698976,0.06715216680128656,15.923129838544288,18.41022860360846,4.945146968157329,0.0,0.0,0.0,0.03996696058630429,0.9214819411236902,0.00864192287301323,-5.693565025065664,0.8334498573745736,-0.06024096385542161,4.168552172930291,89.4351134670974,6.241863006741089,0.23834817656754248,-0.057821195011982615,0.24257204049844236,8.12120561775462,6.191315706576653,3.801772385513064,Capital Markets,Financial Services,FRHC
2023Q2,2023,Q2,2022-11-15,2022-09-30,49238000.0,180312000.0,102720000.0,0.83,144398000.0,0.8008230179,4784365000.0,629370000.0,4651992000.0,3756398000.0,4163034000.0,0.0,529251000.0,2881058530.65,3142429530.65,10.728126614292254,1.2384182932692436,0.21983293498719267,1.6711330377997045,0.048253672294587845,10.728126614292254,0.07823378934490045,15.97818520481166,14.628226830141354,4.577686465274798,0.0,0.0,0.0,0.03768776002667021,0.8242861911863439,0.010291438884784083,8.403826217450785,0.8008230178801189,-0.16161616161616166,-0.03056903236276685,1.8034356471631365,3.105891399120379,-0.21809665628807365,-0.19370527453452765,-0.1421054829414958,4.562777966806929,4.41234606114466,3.657479719959363,Capital Markets,Financial Services,FRHC
2023Q1,2023,Q1,2022-08-10,2022-06-30,61067000.0,226608000.0,119735000.0,0.99,184675000.0,0.8149535762,3797194000.0,615905000.0,3662490000.0,2949348000.0,3190278000.0,0.0,502990000.0,2640697102.2000003,2909889102.2000003,10.344006030545186,1.2417964919704287,0.30940663026434784,1.907562042847517,0.05482175063908219,10.344006030545186,0.09915003125482014,11.653150383922899,10.810655109142418,4.287507167826208,0.0,0.0,0.0,0.05967775151862138,1.1146097374741808,0.0160821385475696,-11.19228742259652,0.8149535762197274,1.6149068322981366,59.02725458695837,136.57731558392507,86.36792765482714,-0.13267175142304297,1.6378553970210366,2.4321169280084205,6.248514569461019,6.5537280419204915,3.7728571613334276,Capital Markets,Financial Services,FRHC
2022Q4,2022,Q4,2022-05-31,2022-03-31,-95738000.0,226608000.0,-83607000.0,-1.61,212924000.0,0.9396137824,2921009000.0,514671000.0,2854566000.0,2260638000.0,2413334000.0,0.0,426563000.0,3538941137.2000003,3806452137.2000003,8.667674993958641,1.2627258322650508,0.3057361343289254,1.7352017113845544,-0.05196138966663486,8.667674993958641,-0.18601786383922933,15.61701765692297,-9.241213356243081,6.876123071243572,0.0,0.0,0.0,0.07757867230124933,1.0122469851431322,-0.0327756607391487,15.279610457143844,0.9396137823907365,-2.8941176470588235,-125.47282683874491,0.0,636.1294036126417,0.7315399128228482,-2.8814212160515664,-2.1479116895955186,-33.72524336953506,8.881176345907646,3.295019916296409,Capital Markets,Financial Services,FRHC
2022Q3,2022,Q3,2022-02-09,2021-12-31,50886000.0,145684000.0,72834000.0,0.85,122968000.0,0.8440734741,2679951000.0,592334000.0,2594036000.0,1927005000.0,2088461000.0,0.0,516149000.0,4127541582.96,4470995582.96,9.949388854018476,1.3461490758975716,0.3122135442028604,1.4125763505049516,0.04956253071744001,9.949388854018476,0.08590761293459433,28.33215440926938,20.27837510788822,6.968267198843895,0.0,0.0,0.0,0.054360695400774116,1.1361247116639552,0.018987660595287004,-9.41086971967177,0.8440734740946157,-0.752906976744186,2409.9562581291575,0.0,21444.39231286493,-0.5757485845980811,-0.7512076349911017,-0.7124345580745268,4.573871512558397,4.381108461674824,4.181583648874261,Capital Markets,Financial Services,FRHC
2022Q2,2022,Q2,2021-11-08,2021-09-30,204532000.0,312815000.0,253278000.0,3.44,289847000.0,0.9265764109777345,2500459000.0,543880000.0,2424509000.0,1841676000.0,1957080000.0,0.0,464920000.0,3736694183.04,3611546183.04,9.139154430940605,1.3164688034160188,0.24606562235173624,1.1312734426711775,0.18666465744003125,9.139154430940605,0.3760608957858351,11.94538044224222,4.567371099681224,6.870438668529823,0.0,0.0,0.0,0.12510303108349308,1.1210880741237872,0.08179778192723816,-48.94740942665147,0.9265764109777345,2.9540229885057467,11275.195125617643,0.0,25467.58398688512,1.834024287697753,2.9515455950540956,2.519901050642059,115.29918631461092,16.49224404609463,3.827686682184902,Capital Markets,Financial Services,FRHC
2022Q1,2022,Q1,2021-08-09,2021-06-30,51760000.0,124137000.0,71956000.0,0.87,102274000.0,0.8238800679893988,2127343000.0,334534000.0,2053322000.0,1682393000.0,1794502000.0,0.0,260388000.0,3874777486.8,3722077486.8,5.624810759907505,1.2204770229072517,0.2450831859272341,1.5585142317372822,0.07425844235243616,5.624810759907505,0.15472268887467341,31.213719413228933,18.71511537287481,11.582611892363706,0.0,0.0,0.0,0.058353072353635495,0.9713996670219146,0.02433082018273499,-52.572859813033396,0.8238800679893988,-0.030010363143424503,975.7360955359418,0.0,26219.01759790394,-0.008598210564069755,-0.011761111959676187,-0.07678885310683722,8.337713635648283,15.364262054267067,1.9076367103691563,Capital Markets,Financial Services,FRHC
2021Q4,2021,Q4,2021-06-15,2021-03-31,52376000.0,126193000.0,77941000.0,0.8969167988427075,103161000.0,0.8174859144326547,2018645000.0,277312000.0,1960457000.0,1630929000.0,1742974000.0,0.0,208628000.0,3115989536.16,2928941536.16,4.748850452891952,1.2020492614945224,0.2535264992111045,1.8455025386568198,0.07770534350664227,4.748850452891952,0.18887029771520886,24.692253422614566,14.873174431800825,11.236403531617816,0.0,0.0,0.0,0.06251371588367445,0.9278883384868378,0.025946117321272437,-23.12491306725246,0.8174859144326547,0.2457177761704271,98.75089180310924,0.0,504.79739501107764,0.29023825902069916,0.23604096851843112,0.3430230554502533,15.682013840928397,12.110303305011135,1.2267198865558528,Capital Markets,Financial Services,FRHC
2021Q3,2021,Q3,2021-02-09,2020-12-31,42374000.0,100233000.0,58034000.0,0.72,79955000.0,0.7976913790867279,1473654000.0,227587000.0,1408967000.0,1134795000.0,1248096000.0,0.0,156252000.0,2996278543.86,2602034543.86,3.8973309053424328,1.2416048713644314,0.1562972040926839,1.0120437459081582,0.1039794133965611,3.8973309053424328,0.18618813904133363,29.8931344353656,17.677576720748572,13.165420449586312,0.0,0.0,0.0,0.06801664434120899,0.9170140862446521,0.028754375178976884,7.472482184325706,0.7976913790867279,0.7999999999999998,1940.0764338467525,0.0,15049.422521160337,0.6091086558393206,0.7886872097931616,0.7158654130447638,3.9082191282635685,42.515620378744906,1.3973121616990425,Capital Markets,Financial Services,FRHC
2021Q2,2021,Q2,2020-11-09,2020-09-30,23690000.0,69710000.0,33822000.0,0.4,49689000.0,0.7127958685984794,1076518000.0,177692000.0,1035023000.0,806876000.0,900802000.0,0.0,113878000.0,1398846341.6399999,1218282341.6399999,3.0448499690155004,1.2827534838066816,0.24419006463431173,1.4793856785899195,0.06234701280042312,3.0448499690155004,0.1333205771784886,20.066652440682827,14.761991785985648,7.872309060846858,0.0,0.0,0.0,0.06475507144330146,1.143506561107283,0.0220061345931977,-3.547391256685373,0.7127958685984794,-0.04761904761904753,722.1089378297976,0.0,2177.5921562037593,0.06523603310037303,-0.006833521988848363,0.049720670391061456,-0.531119992447107,0.08953506870269172,0.16533144591502902,Capital Markets,Financial Services,FRHC
2021Q1,2021,Q1,2020-08-11,2020-06-30,23853000.0,56415000.0,32220000.0,0.42,46646000.0,0.826836834175308,1169556000.0,164391000.0,1128240000.0,910784000.0,1007014000.0,0.0,90188000.0,1090714982.28,1033061982.28,2.8169300320578703,1.2387569390766637,0.12111433740667399,0.8616651763174383,0.08423172435409712,2.8169300320578703,0.14509918426191215,19.333776163786226,11.431633151804805,6.634882580433236,0.0,0.0,0.0,0.04823625375783631,0.536755147213829,0.02039491909750367,1.582493974911424,0.826836834175308,7.69205298013245,2266.714257997115,0.0,3370.6671102360733,1.0988076490438694,7.467518636847711,4.91301156175445,22.92257314733573,33.945332190601114,22.79245898762982,Capital Markets,Financial Services,FRHC
2020Q4,2020,Q4,2020-07-14,2020-03-31,2817000.0,30093000.0,5449000.0,0.04832,22225000.0,0.7385438474063736,453523000.0,131309000.0,425370000.0,227831000.0,324486000.0,0.0,66335000.0,827920918.0,899596918.0,2.252132733286007,1.8670417985261005,0.2974138026075855,1.0272258565673336,0.008124984134370914,2.252132733286007,0.021453213412637367,27.512076496195128,73.47540983315584,6.305134590926745,0.0,0.0,0.0,0.06635385636450632,1.5428058517058696,0.006211371859861573,-32.59916202701106,0.7385438474063736,-0.3097142857142858,7.144484156174473,0.0,132.87312244585118,-0.07569141193595343,-0.4411823050981948,-0.2673120882076106,4.789887254600718,0.0,166.02645989212036,Capital Markets,Financial Services,FRHC
2020Q3,2020,Q3,2020-02-10,2019-12-31,5041000.0,29570000.0,7437000.0,0.07,24045000.0,0.8131552248900913,523241000.0,142596000.0,482999000.0,306924000.0,381330000.0,0.0,62007000.0,845629882.56,866271882.56,2.451836060621817,1.5736762195201417,0.21843662862810828,0.8015301972004825,0.027465476490091588,2.451836060621817,0.03535162276641701,28.59756112817044,41.93760576076175,5.930249674324664,0.0,0.0,0.0,0.056513155505780316,1.4116621704395877,0.009634183865560994,190.71490359945872,0.8131552248900913,-0.5333333333333333,119.87547163911097,0.0,6932.48241077172,-0.15566402134981389,-0.4248716486023959,-0.48911176753451946,245.2877222014495,0.0,5285.312765955269,Capital Markets,Financial Services,FRHC
2020Q2,2020,Q2,2019-11-12,2019-09-30,8765000.0,32990000.0,14557000.0,0.15,28478000.0,0.8632312822067293,425641000.0,133813000.0,388102000.0,232941000.0,291522000.0,0.0,56966000.0,687823630.08,720509630.08,2.303418857266835,1.6660957066381616,0.26679995583132265,0.8486544655601473,0.04150236851991396,2.303418857266835,0.06550185706919358,20.84945832312822,19.61847205019966,5.140185408592589,0.0,0.0,0.0,0.07750663117509826,1.4463962977749731,0.02059247112002838,-13.1661044768577,0.8632312822067293,0.07142857142857129,617.9059684684684,0.0,2152.126900942031,0.1292727416924419,0.06708059410762114,0.16149365674619007,495.9346799300305,0.0,6419.5598600858175,Capital Markets,Financial Services,FRHC
2020Q1,2020,Q1,2019-08-09,2019-06-30,8214000.0,29249000.0,12533000.0,0.14,25218000.0,0.8621833225067523,429101000.0,125815000.0,391167000.0,244911000.0,303286000.0,0.0,48201000.0,635676583.1999999,596062583.1999999,2.1672565678993223,1.5971802001543418,0.23837278402986709,0.812987322656281,0.043548447500219904,2.1672565678993223,0.06528633310813496,21.733275776949636,19.34735157048941,5.0524705575646776,0.0,0.0,0.0,0.06816343937674348,1.42390501039153,0.01914234644058159,5.633183421507376,0.8621833225067523,1.841485691089913,287.3920545991824,0.0,2624.0862797901523,0.2983576172578901,1.8610240334378265,0.657584975532337,159.47389532767625,0.0,10102.881336411701,Capital Markets,Financial Services,FRHC
2019Q4,2019,Q4,2019-06-14,2019-03-31,2871000.0,22506000.0,7561000.0,0.04927,19423000.0,0.8630143072958322,350911000.0,117597000.0,336038000.0,190748000.0,233314000.0,0.0,41498000.0,512792280.00000006,568999280.0,2.0180756231353563,1.7616855746849247,0.302546799615857,0.9028036429500752,0.030034450548656888,2.0180756231353563,0.024413888109390547,22.78469208211144,44.65275862068966,4.360589810964566,0.0,0.0,0.0,0.06413592050405943,1.5461394090632667,0.008181561706529577,43.01948657718121,0.8630143072958322,-0.6715333333333333,4.137709378133392,0.0,234.21286415462737,-0.22217772616234832,-0.6774157303370787,-0.4117784347284892,6.369612630116674,0.0,213.94410136575524,Capital Markets,Financial Services,FRHC
2019Q3,2019,Q3,2019-02-12,2018-12-31,8900000.0,26393000.0,12854000.0,0.15,24971000.0,0.9461220778236654,295361000.0,111443000.0,278247000.0,143210000.0,183918000.0,0.0,38628000.0,479401016.64,536697016.64,1.9201444053074506,1.9429299629914112,0.33423844041698125,0.8858429869978375,0.05763257369532754,1.9201444053074506,0.07986145383738773,18.163945615882998,13.466320692134833,4.301759793257539,0.0,0.0,0.0,0.089358446104936,1.7536764192444663,0.030132617373316045,7.8475833069783425,0.9461220778236654,4.075798592311857,22.96234259818825,0.0,6813.693027475494,0.5160585271082508,4.189504373177843,1.0,410.7762077714293,0.0,7415.085438087745,Capital Markets,Financial Services,FRHC
2019Q2,2019,Q2,2018-11-14,2018-09-30,1715000.0,17439000.0,6427000.0,0.029552,16471000.0,0.944492230059063,317155000.0,109861000.0,300780000.0,169107000.0,207294000.0,0.0,29728000.0,493282302.0,558209302.0,1.8930711607001867,1.7786371942024872,0.330239157509735,0.9533592448639645,0.022053486881325524,1.8930711607001867,0.015610635257279654,28.286157577842765,71.90704110787172,4.490058364660799,0.0,0.0,0.0,0.05498573252825905,1.6038366241492072,0.0054074506156295814,49.46673706377858,0.944492230059063,1.249165289534923,3.730090643293483,0.0,259.6111692196564,1.4813196746007833,1.2491646084556154,3.5988677719369186,53.49589097649592,0.0,1354.2502032761392,Capital Markets,Financial Services,FRHC
2019Q1,2019,Q1,2018-08-14,2018-06-30,-6883000.0,7402000.0,-2473000.0,-0.118604,6638000.0,0.8967846527965415,329229000.0,112265000.0,313213000.0,170716000.0,216964000.0,0.0,27437000.0,417839126.40000004,521300126.40000004,1.9344957160048284,1.83470207830549,0.45110849894754107,1.3229234400748229,-0.009280726865299752,1.9344957160048284,-0.06131029261123235,56.44949019184005,-15.176490135115502,3.721900203981651,0.0,0.0,0.0,0.022482831099326,1.6894198551981068,-0.020906420758803144,-14.16739993896857,0.8967846527965415,-0.9395584627964022,-11.177810197583353,0.0,105.94597168745685,-0.200626204238921,-1.0876554443433424,-2.659731543624161,-656.4538425481113,0.0,2315.081824869457,Capital Markets,Financial Services,FRHC
2018Q4,2018,Q4,2018-06-29,2018-03-31,-3297000.0,8896000.0,1490000.0,-0.06115,8304000.0,0.9334532374100719,330086000.0,115100000.0,323513000.0,193046000.0,214986000.0,0.0,35387000.0,369694500.0,477921500.0,2.1326662960904206,1.6758337391088134,0.5233726968123459,1.5009383145091224,0.005016405122244344,2.1326662960904206,-0.028644656820156385,41.55738534172662,-28.03264331210191,3.211941789748045,0.0,0.0,0.0,0.026950552280314826,1.5912166012245785,-0.009988306077810025,-46.57275132275132,0.9334532374100719,0.7549216069768188,0.7392181458942746,0.0,2.0634414721238645,3.7959595959595958,0.748819137589517,1.1664246621244276,-6.7690089526339206,0.0,125.87779225610856,Capital Markets,Financial Services,FRHC
2018Q3,2018,Q3,2018-02-14,2017-12-31,-13126000.0,-2175000.0,-8953000.0,-0.249512,-2970000.0,-1.3655172413793104,258846000.0,85523000.0,251366000.0,153565000.0,173323000.0,0.0,38684000.0,334577976.0,447791976.0,1.625708561283185,1.6368703806205842,0.5720042032714433,1.7312418881470482,-0.037187090132826825,1.625708561283185,-0.15347918103901875,-153.82895448275863,-6.372428310223984,3.91214031313214,0.0,0.0,0.0,-0.008402679585545074,1.5448051313775926,-0.05070968838614466,-14.5380192926045,1.3655172413793104,-1.2881972999695068,-16.81391657214648,0.0,42.711447841472186,-1.0860520368546098,-1.4755797101449275,-1.28335865299405,-348.9601946853139,0.0,4596.9721690028255,Capital Markets,Financial Services,FRHC
2018Q2,2018,Q2,2017-11-14,2017-09-30,27600000.0,34951000.0,31596000.0,0.865768,34514000.0,0.9874967812079769,245000000.0,83296000.0,240455000.0,144929000.0,161704000.0,0.0,52832000.0,61845690.68,161789690.68,2.6128617567894223,1.659122742860297,0.5625102040816327,1.654521225509028,0.13781343547608924,2.6128617567894223,0.3313484441029581,1.7694970295556636,0.5601964735507245,0.7424809196119861,0.0,0.0,0.0,0.14265714285714284,1.5538643059705097,0.1126530612244898,17.973173693693692,0.9874967812079769,49.671192789418235,2.8670487534165243,0.0,-0.7024062300163154,1.5917248629571226,2.2967032967032965,2.0363251970017298,3540.922948151841,0.0,2441.110792590109,Capital Markets,Financial Services,FRHC
2018Q1,2018,Q1,2017-08-14,2017-06-30,8372000.0,13555000.0,10406000.0,0.017086,13317000.0,0.9824419033566949,164596000.0,58014000.0,159953000.0,93563000.0,106582000.0,0.0,25232000.0,950600000.0,991228000.0,0.11839591836734693,1.7095753663307076,0.4543792072711366,1.289154342055366,0.07864788249693079,0.11839591836734693,0.14430999413934567,70.12910365178901,28.386287625418056,16.385700003447443,0.0,0.0,0.0,0.0823531556052395,1.5541293032502164,0.050863933509927337,149.93690851735016,0.9824419033566949,-0.9675368597051223,1.0508144664767016,0.0,-0.9871916767736645,0.0,59.58191461818894,73.37697791688402,35.58290729143335,0.0,144.2976204352052,Capital Markets,Financial Services,FRHC
2017Q4,2017,Q4,2017-06-30,2017-03-31,-142911.0,0.0,-143775.0,0.52632,0.0,0.0,8586653.0,-152984.0,8584553.0,206071.0,8739637.0,0.0,-1208772.0,21747400.0,81396863.0,-0.013647100802854594,41.65822944519122,0.0,0.0,0.9404622379989465,-0.013647100802854594,0.9341565130994091,0.0,-38.0436075599499,-142.15473513570046,0.0,0.0,0.0,0.0,0.24536203541497834,-0.01664338829110714,-261.8622740791581,0.0,1483.5915492957747,0.9227469010605921,0.0,-1.001423595679192,0.0,-0.4367535287730728,-0.4311238963598539,0.18810778893074395,0.0,-0.5770863237998521,Capital Markets,Financial Services,FRHC
2017Q3,2017,Q3,2017-02-14,2016-12-31,-99468.0,0.0,-100463.0,-0.000355,0.0,0.0,8551010.0,-130073.0,8548087.0,147517.0,8681083.0,0.0,-1065861.0,543858565.98,543844979.98,-0.0004639839027731333,57.94645362907326,0.0,0.0,0.7723585986330753,-0.0004639839027731333,0.7647090479961253,0.0,-1366.918420949451,-4181.179537490486,0.0,0.0,0.0,0.0,0.09209785990767166,-0.011632310101379837,-2775.28418840099,0.0,-0.16393442622950827,0.9973973669315623,0.0,-1.0000476133916203,0.0,-0.1639129417271238,-0.16199960674092323,0.9491832716580088,0.0,-2.6467031637564045,Capital Markets,Financial Services,FRHC
2017Q2,2017,Q2,2016-11-14,2016-09-30,-85460.0,0.0,-86457.0,-0.000305,0.0,0.0,8678875.0,-100605.0,8675123.0,245914.0,8779480.0,0.0,-966393.0,543858565.98,543719014.98,-0.0003588684856848929,35.27706027310361,0.0,0.0,0.8593708066199494,-0.0003588684856848929,0.8494607623875553,0.0,-1590.9740404282707,-5405.880085284031,0.0,0.0,0.0,0.0,0.5674788747285636,-0.009846898359522403,-7298.645453667047,0.0,0.658454647256439,0.9999952385721667,0.0,-1.000010001588427,0.0,0.6585683522507082,0.6559308813346174,0.9718376951221367,0.0,-1.0494039197215572,Capital Markets,Financial Services,FRHC
2017Q1,2017,Q1,2016-08-15,2016-06-30,-250299.0,0.0,-251278.0,-0.000893,0.0,0.0,8710415.0,-60144.0,8705824.0,236993.0,8770559.0,0.0,-880932.0,543858565.98,543689499.98,-0.0002145398956615695,36.73451958496664,0.0,0.0,4.17793961159883,-0.0002145398956615695,4.161662011173185,0.0,-543.2088881497729,-9042.607175778132,0.0,0.0,0.0,0.0,0.7133797200761204,-0.028735599853738313,-34835.931717909305,0.0,0.9,-1.000460641163188,0.0,-1.0000021474401442,0.0,-1.43562073059183,-1.3423505723554197,0.9083266903232793,0.0,-1.0118605471273088,Capital Markets,Financial Services,FRHC
2016Q4,2016,Q4,2016-07-14,2016-03-31,-102766.0,0.0,-107276.0,-0.00893,0.0,0.0,8689050.0,105155.0,8683619.0,50329.0,8583895.0,0.0,-630633.0,21728000.0,21628322.0,0.009388839285714285,172.53708597428917,0.0,0.0,-0.9862634016566416,0.009388839285714285,-0.9772811563881889,0.0,-52.857949127143215,206.62831058913034,0.0,0.0,0.0,0.0,1.9805281249379085,-0.011827069702671753,-161.09970120038852,0.0,-3.7500000000000004,-1.0063881945517035,1.0,-0.9999042274470819,0.0,0.020417889960727496,-0.045626005165943756,0.9608310193306958,0.0,-0.9865135207999068,Capital Markets,Financial Services,FRHC
2016Q3,2016,Q3,2016-02-16,2015-12-31,-104908.0,0.0,-102595.0,-0.00188,0.0,0.0,8641862.0,-72604.0,8635592.0,178320.0,8714466.0,0.0,-527868.0,543858565.98,543756546.98,-0.00025898600998624285,48.42750112157918,0.0,0.0,1.4530780287663063,-0.00025898600998624285,1.4449341634069748,0.0,-1296.0369227799595,-7490.752107046444,0.0,0.0,0.0,0.0,0.5721119336025123,-0.012139513452077805,-1450.8892101535303,0.0,-2.2081911262798632,-1.000589442146741,-1.0,-1.0000025818089369,0.0,-2.207901415772253,-2.0451752693597696,0.9732827587298181,0.0,-1.0069635196226372,Capital Markets,Financial Services,FRHC
2016Q2,2016,Q2,2015-11-16,2015-09-30,-32703.0,0.0,-33691.0,-0.000586,0.0,0.0,8591537.0,-81267.0,8591537.0,139238.0,8672804.0,0.0,-89500374.0,112700831.28,104109294.28,-0.0013989069841757072,61.70396730777517,0.0,0.0,0.4145717203785054,-0.0013989069841757072,0.402414264092436,0.0,-861.5481093477663,-1386.7969936136437,0.0,0.0,0.0,0.0,61.70396730777517,-0.0038064202016472723,-4560.755585771519,0.0,-2.117021276595745,0.9979021015737931,-1.0,-1.0000137209768036,0.0,-2.1205152671755725,-1.9406476389979925,0.9987860061251798,0.0,-1.0001593295176048,Capital Markets,Financial Services,FRHC
2016Q1,2016,Q1,2015-08-13,2015-06-30,-10480.0,0.0,-11457.0,-0.000188,0.0,0.0,8616248.0,-48564.0,8616248.0,131246.0,8664812.0,0.0,-89467671.0,112700831.28,104084583.28,-0.0008359668596048708,65.64960455937705,0.0,0.0,0.23591549295774647,-0.0008359668596048708,0.2157977102380364,0.0,-2688.4740286259544,-2320.6661576476404,-0.4140267175572519,0.0,3.850015967690562e-05,0.0,65.64960455937705,-0.0012163066801234134,-25619.647938167767,0.0,0.9790412486064659,-1.0004292591177126,-1.0,-1.0000081981386695,0.0,0.4023381807812946,0.4113143561812763,0.9994634748018462,0.0,-1.000090436679676,Capital Markets,Financial Services,FRHC
2015Q4,2015,Q4,2015-06-29,2015-03-31,-17535.0,0.0,-19462.0,-0.00897,0.0,0.0,8624986.0,-38084.0,8624986.0,125165.0,8663070.0,0.0,-89457191.0,4326200.0,-4298786.0,-0.017078026905829595,68.90892821475651,0.0,0.0,0.5110282533347338,-0.017078026905829595,0.4604295767251339,0.0,-61.679498146564015,-113.59626089696461,0.0,0.0,0.0,0.0,68.90892821475651,-0.0020330467782788287,-309.19096626643795,0.0,-13.008032128514055,-1.0039356219425826,-1.0,-1.0001754404114862,0.0,-1.4209376575365484,-0.31793864698313806,0.9523506729601279,0.0,-1.0017814923230564,Capital Markets,Financial Services,FRHC
2015Q3,2015,Q3,2015-02-13,2014-12-31,41657.0,0.0,-14767.0,0.000747,0.0,0.0,8638978.0,-20549.0,8638978.0,121622.0,8659527.0,0.0,-89439656.0,112700831.28,104061853.28,-0.00035372463137345545,71.03137590238609,0.0,0.0,-2.276999368032086,-0.00035372463137345545,-2.027203270232128,0.0,676.3619036416449,-5484.49225169108,0.0,0.0,0.0,0.0,71.03137590238609,0.004821982415049558,2020.2350281432618,0.0,3.929411764705882,-0.9976203954559371,-1.0,-1.0000034673791065,0.0,3.9319397522522523,0.06850438402825963,1.0052598868520903,0.0,-1.0000362987364404,Capital Markets,Financial Services,FRHC
2015Q2,2015,Q2,2014-11-13,2014-09-30,-14208.0,0.0,-15853.0,-0.000255,0.0,0.0,8583192.0,-62206.0,8583192.0,107493.0,8645398.0,0.0,-89481313.0,112700831.28,104117639.28,-0.0010707963608553785,79.84884597136558,0.0,0.0,0.2548467993441147,-0.0010707963608553785,0.22840240491270938,0.0,-1983.0523521959458,-1811.7357052374366,-0.17314189189189189,0.0,2.1827700577365254e-05,0.0,79.84884597136558,-0.0016553282275405233,-485779.4451724138,0.0,0.5038910505836576,-1.0001219590565162,-1.0,-1.0000105275585862,0.0,0.5049649837984739,0.477281719862833,0.9999961799757483,0.0,-1.000029842867005,Capital Markets,Financial Services,FRHC
2015Q1,2015,Q1,2014-08-13,2014-06-30,-28701.0,0.0,-30328.0,-0.000514,0.0,0.0,8585884.0,-47998.0,8585884.0,93517.0,8633882.0,0.0,-89467105.0,112700831.28,104114947.28,-0.0008262238968642326,91.81094346482458,0.0,0.0,0.6318596608192008,-0.0008262238968642326,0.5979624151006292,0.0,-981.6803532977946,-2348.0318196591525,0.0,0.0,0.0,0.0,91.81094346482458,-0.0033428124582163,-82807.37052167524,0.0,0.9713489409141582,-1.0290374358796226,-1.0,-1.0000074542235156,0.0,0.18034612748457848,0.4063692771438079,-1.0002548939410376,0.0,-1.000008270099874,Capital Markets,Financial Services,FRHC
2014Q4,2014,Q4,2014-06-30,2014-03-31,-35016.0,0.0,-51089.0,-0.01794,0.0,0.0,8587245.0,-19297.0,8587245.0,66177.0,8606542.0,0.0,-89438404.0,4326200.0,-4261045.0,-0.008653363228699551,129.76177523913142,0.0,0.0,2.6475099756438825,-0.008653363228699551,1.8145825776027362,0.0,-30.88730865889879,-224.1902886459035,-1.9134110121087502,0.0,0.015487032499653275,0.0,129.76177523913142,-0.0040776756689718295,-397.2270682214673,0.0,-1.5694643368662275,-1.0128393923108767,-1.0,-1.0000846760730053,0.0,0.9101047443006778,0.8688606646165852,-1.0109322202966025,1.0,-1.0000882701964025,Capital Markets,Financial Services,FRHC
2014Q3,2014,Q3,2014-02-13,2013-12-31,-389520.0,0.0,-389578.0,-0.006982,0.0,0.0,8676549.0,15719.0,8665136.0,53465.0,8660830.0,0.0,-89403388.0,108227854.75999999,99562718.75999999,0.0002817653557637605,162.07118675769195,0.0,0.0,-24.783892105095745,0.0002817653557637605,-24.78020230294548,0.0,-69.46232206305196,6885.161572619124,0.0,0.0,0.0,0.0,162.07118675769195,-0.04489342479365932,-212.5887206906373,0.0,0.3550115473441108,0.9984044070817049,-1.0,-0.9999971512299441,0.0,0.3549669137372573,0.3550962030303582,-1.0109978872477852,-1.0,-0.9999971911057526,Capital Markets,Financial Services,FRHC
2014Q2,2014,Q2,2013-11-14,2013-09-30,-603876.0,0.0,-604087.0,-0.010825,0.0,0.0,9214624.0,405239.0,9174231.0,202020.0,8809385.0,0.0,-89013868.0,108227854.75999999,99053623.75999999,0.007263967873551151,45.412488862488864,0.0,0.0,-1.490693146513539,0.007263967873551151,-1.4901724661249287,0.0,-44.80549597930701,267.071665757738,0.0,0.0,0.0,0.0,45.412488862488864,-0.06553452425188483,-127.9724714323552,0.0,-0.11151042201458057,-1.0020933331775537,-1.0,-0.99992856824931,0.0,-0.11142072047366551,-0.11056428395465727,0.9596602965061022,-1.0,-0.9999287524218393,Capital Markets,Financial Services,FRHC
2014Q1,2014,Q1,2013-08-13,2013-06-30,-543337.0,0.0,-543946.0,-0.009739,0.0,0.0,10089318.0,1009115.0,10019943.0,472838.0,9080203.0,0.0,-88409992.0,108227854.75999999,98207911.75999999,0.018088532793533126,21.19106966868145,0.0,0.0,-0.5390327167864911,0.018088532793533126,-0.5384292176808392,0.0,-49.79775662250132,107.25026856205685,-0.011595013775980652,0.0,5.8210522734378556e-05,0.0,21.19106966868145,-0.05385269846782508,-247.49788414042916,0.0,0.9582339823312462,-1.001313064614055,-1.0,-0.9998238448657479,0.0,-0.04010038496216421,-0.03626723870232745,-1.0231747787007717,-1.0,-0.9998226098337926,Capital Markets,Financial Services,FRHC
2013Q4,2013,Q4,2013-07-01,2013-03-31,-522389.0,0.0,-524909.0,-0.23318,0.0,0.0,10561887.0,1552452.0,10463531.0,395770.0,9009435.0,0.0,-87866655.0,4326200.0,-6137331.0,0.6961668161434977,26.43841372514339,0.0,0.0,-0.3381160899016524,0.6961668161434977,-0.3364928513087683,0.0,-2.0703919875801367,2.786688412910673,-0.32064227998675315,0.0,0.03871758124913319,0.0,26.43841372514339,-0.049459817170927886,-27.307214048110485,0.0,-15.647390590419077,-1.030061789493537,-1.0,-0.9908951636130908,0.0,0.3314653043151086,0.3346199577632256,-1.1172469695445553,-1.0,-0.9928483663036298,Capital Markets,Financial Services,FRHC
2013Q3,2013,Q3,2013-02-19,2012-12-31,-781394.0,0.0,-788886.0,-0.014007,0.0,0.0,10916796.0,2074841.0,10789458.0,60790.0,8841955.0,0.0,-87344266.0,108227854.75999999,97438396.75999999,0.03719182597609495,177.48738279322257,0.0,0.0,-0.38021515865553074,0.03719182597609495,-0.37660427955684317,0.0,-34.626531160976405,52.1619992857284,-27.103356309365058,0.0,0.19568344994885123,0.0,177.48738279322257,-0.07157722833695894,-20.650706639096224,0.0,0.971986,-1.0038491252822561,-1.0,-0.9995338202452559,0.0,0.24486068374746803,0.2378634680001314,-1.0464809441019198,-1.0,-0.9996354278190157,Capital Markets,Financial Services,FRHC
2013Q2,2013,Q2,2012-11-14,2012-09-30,-1034768.0,0.0,-1035098.0,-0.5,0.0,0.0,37901154.0,19592501.0,37744836.0,18308653.0,18308653.0,0.0,-86562872.0,4329113.88,-32879623.12,8.779961209983231,2.061584541473368,0.0,0.0,,8.779961209983231,-0.05281449264695712,0.0,-1.0459141276112134,0.220957696008284,-0.01005056205835511,0.0,0.002402339205731405,0.0,2.0323033595098448,-0.02730175445317575,-16.676543204169604,0.0,-1.0,-1.1679008223246117,-1.0,-0.8841974199497667,0.0,-0.3791132779076493,-0.36007768133309154,-1.2312342739343474,-1.0,-0.9136796132275693,Capital Markets,Financial Services,FRHC
2013Q1,2013,Q1,2012-08-14,2012-06-30,-750314.0,0.0,-761058.0,-0.25,0.0,0.0,38957102.0,20627269.0,38771802.0,18329833.0,18329833.0,0.0,-85528104.0,4329113.88,2853394.88,9.243670406748459,2.115229418620453,0.0,0.0,,9.243670406748459,-0.03637485893067085,0.0,-1.4424340609398199,0.2098733419339225,-2.376147852765642,0.0,0.4118295451262188,0.0,0.09255916297764415,-0.019260005531212255,-39.109899449819764,0.0,-0.5067502410800384,-1.1494387971803492,-1.0,-0.8773314081650689,0.0,-1.038891198665221,-1.0225197453041788,-20.762068218631256,-1.0,-0.9166032529709207,Capital Markets,Financial Services,FRHC
2012Q4,2012,Q4,2012-06-25,2012-03-31,-368001.0,0.0,-376292.0,-0.16592,0.0,0.0,41424348.0,21377583.0,41210068.0,20046765.0,20046765.0,0.0,-84777790.0,4326200.0,956023.0,9.5863600896861,2.0556966672677612,0.0,0.0,-0.017602177009440216,9.5863600896861,-0.017214340835444306,0.0,-2.9389865788408183,0.202370866715849,0.0,0.0,0.0,0.0,0.17913374053120293,-0.008883688404703436,-1.814544203877224,0.0,0.33631999999999995,-1.1019110062489583,-1.0,-0.8465408157343854,0.0,-0.20966612648208352,-0.2011938773881538,-1.1349357210930693,-1.0,-0.9061942385456694,Capital Markets,Financial Services,FRHC
2012Q3,2012,Q3,2012-02-14,2011-12-31,-304217.0,0.0,-313265.0,-0.25,0.0,0.0,42263830.0,21745584.0,42020567.0,20518246.0,20518246.0,0.0,-84409789.0,4329113.88,-1426154.12,9.744819408631496,2.0479609709328956,0.0,0.0,-0.014405913402923555,9.744819408631496,-0.013989828923426475,0.0,-3.557587084219488,0.19908013875368902,0.0,0.0,0.0,0.0,0.291259935181594,-0.007198046178020307,-1.410690359819225,0.0,0.99609375,-1.622347452504835,-1.0,-0.8606628460981964,0.0,0.9978706612378795,0.9834756757241475,0.9688458535101575,-1.0,-0.9014756457345786,Capital Markets,Financial Services,FRHC
2012Q2,2012,Q2,2011-11-14,2011-09-30,-142869235.0,0.0,-18957810.0,-64.0,0.0,0.0,88388737.0,80068856.0,88116066.0,8319881.0,8319881.0,0.0,-84105572.0,4329113.88,-47498633.12,35.88114910943391,10.591024799513358,0.0,0.0,,35.88114910943391,-1.7843296649573712,0.0,-0.007575308078047734,0.054067387699407124,0.0,0.0,0.0,0.0,6.255933468279173,-1.6163737581180733,0.5980423683015215,0.0,-33.0,-111.08947229600177,-1.0,-0.48715820767489126,0.0,-34.03157726568193,-3.3918740943319516,-13.38138836122483,-1.0,-0.6471551991594019,Capital Markets,Financial Services,FRHC
2012Q1,2012,Q1,2011-08-15,2011-06-30,4325232.0,0.0,-4316565.0,2.0,0.0,0.0,326890851.0,222938091.0,17785190.0,31656192.0,103952760.0,0.0,58763663.0,4329113.88,66191761.88,99.90494787815561,0.5618234183062827,0.19000278781127466,0.278598299291977,,99.90494787815561,0.019401045288398023,0.0,0.2502243740913782,0.01941845765603151,0.0,0.0,0.0,0.0,0.013887172531680375,0.01323142567853635,0.3245471906115443,0.0,0.393747648050844,1.9288213838101909,-1.0,0.24003954936704078,1.0,0.3503652346902553,0.7568415965011405,-0.7386838419807994,-1.0,-0.02707589903474135,Capital Markets,Financial Services,FRHC
2011Q4,2011,Q4,2011-06-29,2011-03-31,3203009.0,-41638143.0,-17752070.0,1.43498,-26067526.0,-0.6260491972468609,320534366.0,218612859.0,18925410.0,30102652.0,101921507.0,0.0,54438431.0,4326200.0,65603883.0,98.03267219730942,0.6286957707247853,0.19250269095950853,0.28225113692877507,-0.0585679582328856,98.03267219730942,0.014651512333956531,-0.1038999265649287,0.33766686262823487,0.019789320810263956,0.0,0.0,0.0,-0.12990227387973743,0.0192929845516601,0.00999271635042091,0.1265627813503765,0.6260491972468609,0.9133066666666666,2.77735965145519,-17.855405838533677,0.4282148714515659,-3.5157933371570844,1.3494252249661853,-14.764036711189748,-0.8156772399420654,-3.05188437204601,0.28212293408712646,Capital Markets,Financial Services,FRHC
2011Q3,2011,Q3,2011-02-22,2010-12-31,1363316.0,16510330.0,1289743.0,0.75,10361553.0,0.6275800059720187,310704351.0,215409850.0,18299566.0,22167756.0,95294501.0,0.0,51235422.0,4165959.88,61033766.88,100.31184193737363,0.8255037632135612,0.20303110592744805,0.29284941241080664,0.004627332710367849,100.31184193737363,0.006328939925449092,0.2523244465737511,0.7639387860187953,0.019339690733733855,0.0,0.0,0.0,0.05313839328886643,0.6745311523638207,0.004387823973536824,-6.439981882545719,0.6275800059720187,4.0,2.3550004512224936,3.9931579353406375,0.17013712584529764,0.0038833611991934097,3.450156356708961,3.657762418757238,-0.8255333294135698,-0.18347863990420166,0.25735557867878645,Capital Markets,Financial Services,FRHC
2011Q2,2011,Q2,2010-11-15,2010-09-30,-556420.0,12339967.0,-485274.0,-0.25,10321471.0,0.8364261427927644,302826393.0,211411590.0,17135608.0,18591893.0,91414803.0,0.0,49872106.0,4022784.0,59874770.0,101.95389178240741,0.9216709670177211,0.2077244898531681,0.2975449832244296,-0.0017671927469475098,101.95389178240741,-0.0026319276062395634,0.3259963337017028,-1.8074404227022753,0.019028209380573695,0.0,0.0,0.0,0.04074931143798949,0.6773619017708418,-0.0018374224072338372,-2.494226946537718,0.8364261427927644,-1.5,0.9063306386531871,4.563197194783504,1.179592446021234,-0.011922065163834341,-1.6381929374630104,-1.5754369072492571,-1.0971594083551037,-0.16657720733262574,0.34471251434920697,Capital Markets,Financial Services,FRHC
2011Q1,2011,Q1,2010-08-13,2010-06-30,871868.0,12787846.0,843314.0,0.5,10446009.0,0.8168700968091108,296846678.0,211547635.0,18854813.0,12793129.0,85299043.0,0.0,50428526.0,4024724.0,56519899.0,101.97032439988432,1.4738234094254814,0.21125383454687002,0.2964344129869379,0.0030714218577638864,101.97032439988432,0.004121379092704109,0.3147304088585365,1.1540519895213495,0.019025142966027486,0.0,0.0,0.0,0.04307895943507914,1.152685398544797,0.0029370987267709966,1.0564924931388904,0.8168700968091108,-0.7494199070849016,1.9924421381243835,10.814044053155712,1.147645613708195,-0.4942807932067726,-0.7979729822103573,-0.6968029838146607,-0.8132184571960088,-0.08162423870825015,0.3532023052177285,Capital Markets,Financial Services,FRHC
2010Q4,2010,Q4,2010-06-24,2010-03-31,4315601.0,15538791.0,2781406.0,1.99537,20655749.0,1.3293021960331406,291880018.0,210262492.0,16947713.0,9392879.0,81617526.0,0.0,49556658.0,4190400.0,65010271.0,97.3437462962963,1.8043150561185766,0.23043805965504635,0.3198871294648215,0.01563015043174432,97.3437462962963,0.020524825702151386,0.2696734900417928,0.24274718631309983,0.01992937475505617,0.0,0.0,0.0,0.053236912572754466,1.369526425284516,0.014785530813555041,5.961596189495219,1.3293021960331406,6.98148,3.5597785885535242,14.175152948571458,1.3467936710543762,1.5471057517986933,6.10877296439849,2.133448994536135,0.233856030016063,1.0059364002213327,0.558286123224243,Capital Markets,Financial Services,FRHC
2010Q3,2010,Q3,2010-02-09,2009-12-31,607081.0,13894712.0,887650.0,0.25,8109498.0,0.5836391571124324,290870400.0,205519391.0,16156492.0,12272375.0,85351009.0,0.0,45241057.0,3908324.0,58630117.0,102.01498610145934,1.3164926919198607,0.21303570593638954,0.301508196859147,0.0033185017074516565,102.01498610145934,0.0029538867210831704,0.28128139683643677,1.6094738593367277,0.01901681384410097,0.0,0.0,0.0,0.04776942583363587,1.039599588506707,0.0020871185242637273,2.775138017588145,0.5836391571124324,-0.875,1.407021386430745,139.71233355477537,1.5350984367514968,-0.28020867607269967,-0.8497327604963256,-0.7795650205584518,6.796446691723033,4.443644109387313,0.45867021467005087,Capital Markets,Financial Services,FRHC
2010Q2,2010,Q2,2009-11-09,2009-09-30,4040009.0,16074217.0,4026811.0,2.0,11266457.0,0.7009023829901014,294050867.0,204912310.0,15797908.0,16393419.0,89138557.0,0.0,44633976.0,3908324.0,59644556.0,101.71364538866275,0.9636737766539122,0.20998399232742274,0.3013287732689168,0.015101015893805813,101.71364538866275,0.019715794526936913,0.24314241869448447,0.2418511938958552,0.01907315377978024,0.0,0.0,0.0,0.05466474955164815,0.794744403226685,0.013739150104257301,3.625434937279053,0.7009023829901014,122.47391332596973,4.484665885811339,47.67808110235978,1.297270471498499,0.29882150505702487,130.2458254824248,19.925890704248772,2.448242927223387,2.4712883441605618,0.4537719526749376,Capital Markets,Financial Services,FRHC
2010Q1,2010,Q1,2009-08-10,2009-06-30,30782.0,11766806.0,192432.0,0.016197753404964356,8674369.0,0.7371897692542904,293059775.0,200529744.0,13480533.0,20101640.0,92530031.0,0.0,40593967.0,3509822.78,58620333.78,110.83969982096932,0.6706185664453248,0.2099916510206834,0.3068876704894213,0.0007342775218133639,110.83969982096932,0.0001535034124413982,0.29828169003551175,28.505480313170036,0.017502754005410785,0.0,0.0,0.0,0.04015155611171817,0.6209762487040859,0.00010503659193760045,-10.897430994976371,0.7371897692542904,-0.9867600511648157,1.023087871697989,43.68172617262922,7.294550194104629,-0.33923836940656016,-0.9866118125897326,1.1560604057706796,1.0081533005882808,3.1726050405464807,0.37576380686972544,Capital Markets,Financial Services,FRHC
2009Q4,2009,Q4,2009-06-15,2009-03-31,2299191.0,7147701.0,-1233061.0,1.2234,13127834.0,1.8366512533190742,288346061.0,192124201.0,12891196.0,24109901.0,96221860.0,0.0,40563185.0,3647200.0,58223176.0,102.19372393617022,0.5346847338775883,0.21270108836340235,0.3192285026080603,-0.0048649957091913675,102.19372393617022,0.0119672117725554,0.510261970947022,0.39657427329873857,0.018983553248453067,0.0,0.0,0.0,0.024788620226721254,0.4080115467915028,0.007973720854816879,0.2943208630011916,1.8366512533190742,1.2718666666666667,5.66217855197849,44.88978415233889,13.190810980872676,9.408589890981169,1.2772453865207956,0.8529074979467117,2.513349447196216,2.4321104227999504,0.4888362524780793,Capital Markets,Financial Services,FRHC
2009Q3,2009,Q3,2009-02-06,2008-12-31,-8292982.0,4883790.0,-8382895.0,-4.5,1261250.0,0.2582522999555673,295415952.0,187443584.0,11477691.0,34398033.0,107972368.0,0.0,38263994.0,3676563.84,57335012.84,98.90772166219206,0.3336728876328481,0.2069357073852261,0.3261360442190435,-0.03372371167441541,98.90772166219206,-0.04424254926751721,0.7528095679789671,-0.1108335891721458,0.019614242117777687,0.0,0.0,0.0,0.016531910233473106,0.23805608303242223,-0.028072221367382355,-0.3975141917076076,0.2582522999555673,-1.8571428571428572,-14.01538553920723,3.5038013786586806,1.9828266572816906,-0.9216435563046573,-1.8436378499914445,-1.869944970595533,-24.124893734322445,0.6735916575456707,0.1537580699790139,Capital Markets,Financial Services,FRHC
2009Q2,2009,Q2,2008-11-10,2008-09-30,9830026.0,22758160.0,9636121.0,5.25,16096315.0,0.7072766427514351,293415739.0,193314840.0,18829813.0,27248549.0,100100899.0,0.0,46556976.0,3687943.88,52653167.88,101.69102399681852,0.6910391081741637,0.20764111771113955,0.31516034671730325,0.03790166985989601,101.69102399681852,0.05084982611785003,0.16204929924036038,0.09379283127023266,0.01907739664476871,0.0,0.0,0.0,0.0775628467564925,0.4668595747979094,0.033502040597760845,-0.30777742179576334,0.7072766427514351,-0.3,3.2786151041497673,0.0,407.97103742804904,-0.4829899107918091,-0.2620833531324179,-0.167535735429661,2.8050610880819806,10.191544163785714,1.1739728013980086,Capital Markets,Financial Services,FRHC
2009Q1,2009,Q1,2008-08-11,2008-06-30,13321323.0,34827224.0,11575417.0,7.5,31133464.0,0.8939404415350474,288540562.0,184420643.0,33851524.0,31953471.0,104119919.0,0.0,36726950.0,3484201.1999999997,40751778.2,102.68524315415539,1.0594005264717563,0.21047936754209276,0.3293114806025267,0.04721721393328115,102.68524315415539,0.0722333616416249,0.10004246103565417,0.06538767208031815,0.018892685457126402,0.0,0.0,0.0,0.120701310618505,0.8721973271698714,0.04616793877319751,2.739800220020618,0.8939404415350474,0.8311932787881894,6.656892413662677,0.0,49.84620787263622,0.8025637096003311,-0.182050028514883,0.4244291567375533,18.515990209598144,36.16660782462471,1.1627028584095733,Capital Markets,Financial Services,FRHC
2008Q4,2008,Q4,2008-06-16,2008-03-31,16286232.0,19018659.0,8126355.0,4.09569,17271769.0,0.9081486239382072,254838093.0,159803931.0,26519810.0,23225460.0,95034162.0,0.0,23405627.0,4054600.0,47351218.0,76.46121100478469,1.1418421852570413,0.23754476533459226,0.3788108003425773,0.07099240163458952,76.46121100478469,0.10191383840238573,0.2131906355753053,0.06223968809973971,0.025372342060847052,0.0,0.0,0.0,0.07463036148210385,0.9947940320665338,0.06390815363698393,-1.5485490325483267,0.9081486239382072,0.17019714285714294,1.1696515040100977,0.0,34.019332694322934,0.12928202999398017,1.503647885680571,-0.14063525282525233,10.98364659154654,18.195667044736275,0.8433509382411054,Capital Markets,Financial Services,FRHC
2008Q3,2008,Q3,2008-02-11,2007-12-31,6505001.0,16832612.0,9456235.0,3.5,15294469.0,0.9086212526017946,241979412.0,142616822.0,63164157.0,20804716.0,99362590.0,9985056.0,7119395.0,3467994.44,31629262.44,79.78001103139023,3.036049951366796,0.2493939319102073,0.4231492200828876,0.030749708533541295,79.78001103139023,0.045611737162394486,0.20602830030181887,0.13328185652853858,0.024316868033982697,0.0,0.1540445041069374,0.0,0.06956216589203051,1.8491880879316016,0.02688245642980569,-0.22816203214537129,0.9086212526017946,0.2727272727272727,2.039523718533714,0.0,10.636754438950453,0.321460169574412,0.31758250283113093,0.43145179907191067,5.915074704943114,191.1083738322352,0.9825536323510935,Capital Markets,Financial Services,FRHC
2008Q2,2008,Q2,2007-11-09,2007-09-30,4937073.0,12764397.0,6606045.0,2.75,11573916.0,0.9067342546616186,222830745.0,135534864.0,72641398.0,12548463.0,87295881.0,8219408.0,614394.0,3467994.44,15915725.439999998,75.81835574107784,5.788868166563507,0.26995089928007915,0.4438220412424658,0.022280288418924897,75.81835574107784,0.036426590578199865,0.27169277483299836,0.17560984210685157,0.02558747127971442,0.0,0.1448378034038461,0.0,0.05728292565731897,4.215231060568932,0.02215615713172794,-0.22973948176704923,0.9067342546616186,0.2222222222222222,1.1230563572954109,-0.0226275404049681,6.320907746482475,0.09798313624547947,0.2717017446294771,0.11974626715648594,5.7991080380269215,42.5628307889641,0.7124080960425474,Capital Markets,Financial Services,FRHC
2008Q1,2008,Q1,2007-08-09,2007-06-30,3882257.0,11580958.0,5899591.0,2.25,10541069.0,0.910206996692329,154028651.0,130020834.0,24917073.0,12337592.0,24007817.0,9971140.0,-4322679.0,3347369.12,-3242831.88,75.35482610892939,2.019605851773993,0.0,0.0,0.03256274591676667,75.35482610892939,0.029858730178580456,0.28904077883712215,0.21555561107881316,0.025744867318725245,0.0,0.10428988059539832,0.0,0.07518703776740861,0.8746110262034925,0.025204771805733727,-0.599592622904277,0.910206996692329,0.39153452242535197,3.101901440450867,5.888885503214335,-0.8192694073465916,0.6764626408606665,0.19279326500471156,0.7151943319072975,4.05318367202881,45.11024385588908,4.639084087543632,Capital Markets,Financial Services,FRHC
2007Q4,2007,Q4,2007-06-14,2007-03-31,3254761.0,7208458.0,3439605.0,1.61692,6287685.0,0.872264914354776,144796045.0,125561620.0,29971535.0,9120299.0,19234425.0,10334696.0,-8204936.0,3899400.0,-8273540.0,62.46846766169154,3.286244782106376,0.0,0.0,0.022672475494505625,62.46846766169154,0.025921623183899668,0.5409478698495573,0.2995150796018509,0.031055668125339574,0.0,0.08909531543066192,0.0,0.04978352827247457,1.7727052588955692,0.02247824517582645,-0.09388446278592429,0.872264914354776,32.10230442412036,1.4300430444579566,-0.9538079814057411,-0.8043029113696578,2.3923728214593436,36.821320478533146,13.477979641144334,7.172978247698247,42.28663261844069,7.674487852165097,Capital Markets,Financial Services,FRHC
2007Q3,2007,Q3,2007-02-09,2006-12-31,-90861.0,2214382.0,-275654.0,-0.05198714468070254,1853477.0,0.8370177322611907,139273633.0,122232982.0,35670610.0,7657576.0,17040651.0,9111593.0,-11459697.0,,,,,,,,,,,,,,,,,,,,,,,,,,,,,,,Capital Markets,Financial Services,FRHC
2007Q2,2007,Q2,2006-11-09,2006-09-30,1016352.0,4016972.0,992732.0,0.5,3441274.0,0.8566835915211757,137715243.0,122273243.0,53095177.0,7058618.0,15442000.0,7438115.0,-11368836.0,,,,,,,,,,,,,,,,,,,,,,,,,,,,,,,Capital Markets,Financial Services,FRHC
2007Q1,2007,Q1,2006-08-09,2006-06-30,-3140761.0,2345972.0,-3751840.0,-2.0,1931097.0,0.8231543257975799,134153913.0,121256891.0,59909668.0,5527540.0,12897022.0,4748779.0,-12385188.0,,,,,,,,,,,,,,,,,,,,,,,,,,,,,,,Capital Markets,Financial Services,FRHC
