Quarters,Year,Quarter,FillingDate,Date,NetIncome,Revenue,OperatingIncome,EPSDiluted,GrossProfit,GrossProfitRatio,TotalAssets,CommonStockEquity,CurrentAssets,CurrentLiability,TotalLiability,Inventory,RetainedEarnings,MarketCap,EnterpriseValue,bookValuePerShare,currentRatio,debtToAssets,debtToEquity,roic,shareholdersEquityPerShare,roe,priceToSalesRatio,peRatio,pbRatio,payoutRatio,inventoryTurnover,dividendYield,assetTurnover,quickRatio,returnOnAssets,priceToFreeCashFlowsRatio,grossProfitMargin,epsdilutedGrowth,fiveYNetIncomeGrowthPerShare,fiveYRevenueGrowthPerShare,fiveYShareholdersEquityGrowthPerShare,grossProfitGrowth,netIncomeGrowth,operatingIncomeGrowth,threeYNetIncomeGrowthPerShare,threeYRevenueGrowthPerShare,threeYShareholdersEquityGrowthPerShare,Industry,Sector,Symbol
2023Q1,2023,Q1,2023-04-25,2023-03-31,1130000000.0,38889000000.0,1218000000.0,2.04,4574000000.0,0.1176168068,82982000000.0,25042000000.0,35009000000.0,32857000000.0,57796000000.0,0.0,10471000000.0,34814740590.0,40602740590.0,45.46651197667304,1.0654959369388564,0.260791496951146,0.8641881638846738,0.019787633380415115,45.46651197667304,0.04512419135851769,0.895233628789632,7.702376236725663,1.3902539968852328,0.0,0.0,0.0,0.4686438022703719,1.0103783059926348,0.01361741100479622,8.608986298219584,0.1176168068091234,6.230769230769231,1.104245731793995,0.8661529020076483,1.1131532459935172,0.18897842474655577,6.159817351598173,3.101010101010101,23.282314132623384,0.4770850376328131,0.051153166356616576,Healthcare Plans,Healthcare,CNC
2022Q4,2022,Q4,2023-02-21,2022-12-31,-219000000.0,35561000000.0,297000000.0,-0.39,3847000000.0,0.1081803099,76870000000.0,24057000000.0,30128000000.0,28464000000.0,52633000000.0,0.0,9341000000.0,45920187340.0,51866187340.0,42.963992184793206,1.0584598088813941,0.23442175100819565,0.7490543293012428,-0.034950752019086616,42.963992184793206,-0.009103379473749845,1.2913075374708247,-52.420305182648406,1.9088077208296963,0.0,0.0,0.0,0.46261220241966955,0.9719997189432266,-0.002848965786392611,-25.384293720287452,0.10818030989004809,-1.3070866141732285,-1.588146654069944,0.7152594453219681,1.169303158418123,-0.03147029204431017,-1.2967479674796747,-0.611764705882353,-1.7748318867997823,0.39403236454439317,0.41733592384355966,Healthcare Plans,Healthcare,CNC
2022Q3,2022,Q3,2022-10-25,2022-09-30,738000000.0,35865000000.0,765000000.0,1.27,3972000000.0,0.1107486407,81172000000.0,25378000000.0,33275000000.0,31330000000.0,55572000000.0,0.0,9554000000.0,44659905410.0,51236905410.0,44.21554774627544,1.0620810724545164,0.26565810870743606,0.8497123492789029,0.011182320074425541,44.21554774627544,0.029080305776656948,1.2452225124773455,15.128694244579945,1.7597882185357399,0.0,0.0,0.0,0.4418395505839452,0.9878072135333547,0.009091805055930616,14.476468528363046,0.11074864073609368,5.379310344827587,1.164010446702825,0.8119813477287688,1.2974505152453266,-0.11418376449598573,5.315789473684211,-0.42089326267978805,4.598190891202126,0.3620125528503556,0.4855217282611861,Healthcare Plans,Healthcare,CNC
2022Q2,2022,Q2,2022-07-26,2022-06-30,-171000000.0,35936000000.0,1321000000.0,-0.29,4484000000.0,0.124777382,81060000000.0,26289000000.0,32406000000.0,29086000000.0,54497000000.0,0.0,8816000000.0,49382118840.0,58175118840.0,45.04286859798096,1.1141442618441861,0.2742166296570442,0.845524744189585,0.018410918737373064,45.04286859798096,-0.006504621704895584,1.3741684895369546,-72.1960801754386,1.8784327604701585,0.0,0.0,0.0,0.443325931408833,1.0101767173210479,-0.0021095484826054774,16.0749084765625,0.1247773820124666,-1.2013888888888888,-1.3976246414260618,0.7755274042841065,1.4344476961248682,0.03009418791637951,-1.2007042253521127,0.05426975259377494,-1.2446706304777322,0.38657260418686534,0.5319541379255711,Healthcare Plans,Healthcare,CNC
2022Q1,2022,Q1,2022-04-26,2022-03-31,852000000.0,37185000000.0,1253000000.0,1.44,4353000000.0,0.117063332,82901000000.0,27169000000.0,31110000000.0,29685000000.0,55471000000.0,0.0,8988000000.0,49102133700.0,60534133700.0,46.58368053769525,1.0480040424456796,0.27344664117441286,0.8343700541057824,0.01735747698120938,46.58368053769525,0.03135926975597188,1.320482283178701,14.407903080985916,1.8072852773381427,0.0,0.0,0.0,0.44854706215847817,0.9794172140811858,0.010277318729569005,54.01774884488449,0.11706333198870512,0.43999999999999995,2.6168467598885243,0.8715321426992598,1.641133032674002,0.19785360484314804,0.43676222596964587,0.45359628770301624,0.15557825908471273,0.427390963462166,0.6668561267198678,Healthcare Plans,Healthcare,CNC
2021Q4,2021,Q4,2022-02-22,2021-12-31,593000000.0,32568000000.0,862000000.0,1.0,3634000000.0,0.1115819209,78375000000.0,26795000000.0,28497000000.0,25765000000.0,51353000000.0,0.0,8139000000.0,48073808000.0,53793808000.0,45.927462205615164,1.1060353192315155,0.2403572567783094,0.7030416122410897,0.016140740961073284,45.927462205615164,0.02213099458854264,1.476105625153525,20.26720404721754,1.7941335323754433,0.0,0.0,0.0,0.4155406698564593,1.043857946827091,0.007566188197767145,112.58503044496487,0.1115819209039548,0.01010101010101011,0.3128594246418162,0.604176948902744,1.6667319161974594,-0.006017505470459519,0.015410958904109588,0.581651376146789,0.7336842663755042,0.38576420887807056,0.7293496412876995,Healthcare Plans,Healthcare,CNC
2021Q3,2021,Q3,2021-10-26,2021-09-30,584000000.0,32406000000.0,545000000.0,0.99,3656000000.0,0.11281861383694378,77743000000.0,26466000000.0,28056000000.0,25042000000.0,51069000000.0,0.0,7540000000.0,36341933640.0,45617933640.0,45.37723491368964,1.1203577988978517,0.291974840178537,0.8576664399607044,0.008293912724605794,45.37723491368964,0.022066047003702863,1.1214569413071653,15.557334606164385,1.3731555066878258,0.0,0.0,0.0,0.4168349562018445,1.056465138567207,0.0075119303345638835,23.044980114140774,0.11281861383694378,2.0760869565217392,1.3585647553670683,0.749680642957137,1.7142832054596597,0.11023382933495293,2.091588785046729,2.3038277511961724,20.638010849661548,0.40977991488603405,0.7489382223985571,Healthcare Plans,Healthcare,CNC
2021Q2,2021,Q2,2021-07-27,2021-06-30,-535000000.0,31025000000.0,-418000000.0,-0.92,3293000000.0,0.10614020950846093,71539000000.0,25911000000.0,25464000000.0,23642000000.0,45411000000.0,0.0,6956000000.0,42503895720.00001,49798895720.00001,44.45920069182778,1.0770662380509264,0.2559862452648206,0.7067654664042299,-0.009019005771066716,44.45920069182778,-0.020647601404808768,1.369988580821918,-19.861633514018695,1.6403803681833973,0.0,0.0,0.0,0.433679531444387,1.0060908552575925,-0.007478438334335118,29.61943952613241,0.10614020950846093,-1.773109243697479,-2.85288568052698,0.666427358002344,1.7429578371694343,-0.08932522123893805,-1.765379113018598,-1.396584440227704,-2.196538687677733,0.46790906030782226,0.6385624883816746,Healthcare Plans,Healthcare,CNC
2021Q1,2021,Q1,2021-04-27,2021-03-31,699000000.0,29983000000.0,1054000000.0,1.19,3616000000.0,0.12060167428209319,70285000000.0,26342000000.0,24440000000.0,22279000000.0,43749000000.0,0.0,7491000000.0,37187247790.0,45888247790.0,45.27135832979588,1.0969971722249652,0.2607668777121719,0.6957710120719763,0.016883269308849737,45.27135832979588,0.026535570571710576,1.2402777503918887,13.30016015379113,1.41170935350391,0.0,0.0,0.0,0.42659173365582986,1.0274249293056241,0.009945223020559151,-258.24477631944444,0.12060167428209319,60.5,18.74294863499193,0.8608029945782236,1.145933766064111,0.09443099273607748,59.25,69.26666666666667,0.23210392288116607,0.3619077354831856,1.1040830634693437,Healthcare Plans,Healthcare,CNC
2020Q4,2020,Q4,2021-02-22,2020-12-31,-12000000.0,28288000000.0,15000000.0,-0.02,3304000000.0,0.11679864253393665,68719000000.0,25773000000.0,23393000000.0,21585000000.0,42757000000.0,0.0,6792000000.0,34825143870.0,42342143870.0,44.42632586890157,1.0837618716701414,0.2665492804027998,0.7107050013580103,8.440763021283756e-05,44.42632586890157,-0.00046560353858689327,1.2310924727799775,-725.523830625,1.3512258514724713,0.0,0.0,0.0,0.41164743375194635,1.0227472782024554,-0.00017462419418210392,12.549601394594594,0.11679864253393665,-1.0206185567010309,-1.0445329407396948,0.8490427492401601,3.9219583706900387,-0.15455475946775846,-1.0211267605633803,-0.9825783972125436,-1.0311053451904664,0.3169532581863918,1.243138128547372,Healthcare Plans,Healthcare,CNC
2020Q3,2020,Q3,2020-10-27,2020-09-30,568000000.0,29090000000.0,861000000.0,0.97,3908000000.0,0.13434169817806807,68364000000.0,25725000000.0,27275000000.0,21795000000.0,42485000000.0,0.0,6804000000.0,33802818300.0,39667818300.0,44.3909509758244,1.2514338150952053,0.26421800947867297,0.7021574344023324,0.013995247315107035,44.3909509758244,0.022079689018464528,1.1620081918184944,14.878001012323944,1.3140065422740526,0.0,0.0,0.0,0.4255163536364168,1.163799036476256,0.008308466444327424,-28.09876832917706,0.13434169817806807,-0.526829268292683,1.5108726683629459,1.0544965867902587,4.156428797707937,-0.1940606310579501,-0.5290215588723052,-0.5733399405351833,0.6495776962118123,0.45562014690513897,1.3065645093185292,Healthcare Plans,Healthcare,CNC
2020Q2,2020,Q2,2020-07-28,2020-06-30,1206000000.0,27712000000.0,2018000000.0,2.05,4849000000.0,0.17497834872979215,68347000000.0,25056000000.0,26822000000.0,21918000000.0,43142000000.0,0.0,6236000000.0,36807460950.0,40823460950.0,43.26049009908682,1.2237430422483804,0.24600933471842218,0.6710568326947637,0.02980069606001724,43.26049009908682,0.048132183908045974,1.32821380448903,7.630070677860696,1.4690078603927204,0.0,0.0,0.0,0.40546037134036605,1.1266995163792317,0.017645251437517374,10.579896795056051,0.17497834872979215,24.624999999999996,4.631632578013865,1.0682419384143846,4.30737393657783,0.5369255150554675,25.217391304347824,9.73404255319149,1.8258701894094296,0.37972723043253603,1.3381148610875848,Healthcare Plans,Healthcare,CNC
2020Q1,2020,Q1,2020-04-28,2020-03-31,46000000.0,26025000000.0,188000000.0,0.08,3155000000.0,0.1212295869356388,66431000000.0,23549000000.0,24696000000.0,21651000000.0,42739000000.0,0.0,5030000000.0,32344942760.0,40315942760.0,43.25393618349999,1.1406401551891368,0.26010446929897185,0.7337466559089558,0.0016169116090813296,43.25393618349999,0.001953373816297932,1.2428412203650336,175.78773239130433,1.373516614718247,0.0,0.0,0.0,0.3917598711444958,1.0160269733499607,0.0006924478029835468,-77.56580997601918,0.1212295869356388,-0.836734693877551,-0.6813914005896534,1.2132421613645061,4.593756078831245,0.5212150433944069,-0.7799043062200957,-0.3212996389891697,-0.7908097850691079,0.4031796032611078,1.4523480826074529,Healthcare Plans,Healthcare,CNC
2019Q4,2019,Q4,2020-02-18,2019-12-31,209000000.0,18863000000.0,277000000.0,0.49,2074000000.0,0.10995069713195144,40994000000.0,12551000000.0,20323000000.0,12932000000.0,28302000000.0,0.0,4984000000.0,26030946280.0,27633946280.0,30.313203427655033,1.5715279925765542,0.33482948724203543,1.0936180384033145,0.008189964315092755,30.313203427655033,0.016652059596844872,1.380000332926894,31.137495550239233,2.074013726396303,0.0,0.0,0.0,0.4601405083670781,1.4872409526755335,0.005098307069327218,-30.588656028202116,0.10995069713195144,1.1304347826086956,0.11472329749532416,1.2686069005026661,3.0892237492664654,-0.025833724753405354,1.2,0.5738636363636364,-0.3480044429513735,0.30920231390837083,0.7601056792733176,Healthcare Plans,Healthcare,CNC
2019Q3,2019,Q3,2019-10-22,2019-09-30,95000000.0,18976000000.0,176000000.0,0.23,2129000000.0,0.11219435075885328,34252000000.0,12311000000.0,13457000000.0,13280000000.0,21816000000.0,0.0,4775000000.0,17893028160.0,18719028160.0,29.764322463347646,1.013328313253012,0.2055646385612519,0.571927544472423,0.004989074588082443,29.764322463347646,0.007716676143286492,0.9429293929173693,47.08691621052632,1.4534179319307936,0.0,0.0,0.0,0.5540114445871774,0.9506777108433735,0.0027735606679901905,-61.06835549488055,0.11219435075885328,-0.8050847457627118,-0.34822362819023167,1.4716664013211913,3.2735928306243984,-0.06663743971942131,-0.8080808080808081,-0.7262830482115086,-0.4589822522372909,0.444744269848743,0.7803817429117397,Healthcare Plans,Healthcare,CNC
2019Q2,2019,Q2,2019-07-23,2019-06-30,495000000.0,18356000000.0,643000000.0,1.18,2281000000.0,0.12426454565264763,34368000000.0,12154000000.0,13596000000.0,12653000000.0,22098000000.0,0.0,4680000000.0,21226549500.0,21485549500.0,29.40223044729903,1.074527779973129,0.2075768156424581,0.5869672535790686,0.024775982687606276,29.40223044729903,0.040727332565410564,1.1563820821529744,10.720479545454547,1.7464661428336352,0.0,0.0,0.0,0.5341014897579144,1.014304907926974,0.014402932960893854,28.040356010568033,0.12426454565264763,-0.04838709677419359,4.661915583267933,1.5497099248074733,3.601746032180665,-0.03306485799067401,-0.05172413793103448,-0.061313868613138686,1.417038737878712,0.39006854064231855,0.8140019879058477,Healthcare Plans,Healthcare,CNC
2019Q1,2019,Q1,2019-04-23,2019-03-31,522000000.0,18444000000.0,685000000.0,1.24,2359000000.0,0.12790067230535676,33569000000.0,11540000000.0,13616000000.0,13143000000.0,21925000000.0,0.0,4185000000.0,22363963840.0,22833963840.0,27.947031414981932,1.0359887392528342,0.20301468616878668,0.5905545927209706,0.028275674203214383,27.947031414981932,0.04523396880415945,1.2125332812838863,10.710710651340996,1.9379518058925476,0.0,0.0,0.0,0.549435491078078,0.978543711481397,0.01555006106824749,19.617512140350875,0.12790067230535676,1.1754385964912282,7.812847554930803,1.9684448355798374,3.5488563848126193,0.08062299587723316,1.16597510373444,0.7654639175257731,19.671285378822027,0.6130042788550405,0.3247333543158258,Healthcare Plans,Healthcare,CNC
2018Q4,2018,Q4,2019-02-19,2018-12-31,241000000.0,16559000000.0,388000000.0,0.57,2183000000.0,0.13183163234494838,30901000000.0,10917000000.0,11998000000.0,11971000000.0,19878000000.0,0.0,3663000000.0,23698070200.0,25042070200.0,26.557649829225333,1.0022554506724584,0.21636840231707713,0.6124393148300815,0.014879689306842433,26.557649829225333,0.022075661811853074,1.4311293073253215,24.58306037344398,2.170749308418064,0.0,0.0,0.0,0.535872625481376,0.9367638459610725,0.007799100352739394,-28.900085609756097,0.13183163234494838,10.399999999999997,1.4185066735363374,2.2915388673744417,3.726525612421303,-0.015779981965734897,11.68421052631579,8.463414634146341,0.26219971334612713,0.5275299028538233,1.942301536898226,Healthcare Plans,Healthcare,CNC
2018Q3,2018,Q3,2018-10-23,2018-09-30,19000000.0,16182000000.0,41000000.0,0.05,2218000000.0,0.13706587566431838,31157000000.0,10653000000.0,13088000000.0,12741000000.0,20396000000.0,0.0,3422000000.0,29839628250.0,29375628250.0,25.945590491731412,1.0272349109175103,0.20486568026446705,0.5991739416126912,0.0016044454879862253,25.945590491731412,0.0017835351544165962,1.8440012513904338,392.62668749999995,2.8010539988735563,0.0,0.0,0.0,0.5193696440607247,0.9487481359390942,0.0006098148088712007,70.87797684085511,0.13706587566431838,-0.9333333333333332,-0.7950058284333014,2.0745780293282996,3.8110187677969325,0.13510747185261002,-0.9366666666666666,-0.9161554192229039,-0.8814551964691774,0.6130449371009382,2.0138257244806974,Healthcare Plans,Healthcare,CNC
2018Q2,2018,Q2,2018-07-24,2018-06-30,300000000.0,14181000000.0,489000000.0,0.75,1954000000.0,0.1377900007051689,28743000000.0,10610000000.0,12377000000.0,9862000000.0,18035000000.0,0.0,3403000000.0,24089772780.0,23661772780.0,27.133051688335602,1.255019265868992,0.21845318860244234,0.5918001885014138,0.018264078709009157,27.133051688335602,0.02827521206409048,1.698735828220859,20.07481065,2.270478113100848,0.0,0.0,0.0,0.4933722993424486,1.1535185560738186,0.010437323870159691,-35.954884746268654,0.1377900007051689,-0.21874999999999997,3.238099816482137,1.9017556422410093,4.292541192473711,-0.05421103581800581,-0.11764705882352941,-0.09444444444444444,1.0749700039243073,0.5676311702731885,2.3287938028591877,Healthcare Plans,Healthcare,CNC
2018Q1,2018,Q1,2018-04-24,2018-03-31,340000000.0,13194000000.0,540000000.0,0.96,2066000000.0,0.15658632711838716,25170000000.0,7503000000.0,10976000000.0,10890000000.0,17582000000.0,0.0,3104000000.0,18633743604.815002,18141743604.815002,21.515955864950328,1.0078971533516987,0.20564163686928882,0.6898573903771824,0.028061319795268595,21.515955864950328,0.045315207250433163,1.4122891924219343,13.701282062363973,2.4835057450106626,0.0,0.0,0.0,0.5241954707985698,0.902020202020202,0.013508144616607072,11.44578845504607,0.15658632711838716,0.47692307692307684,7.877174329834105,1.9947860209628543,3.5713881255704623,0.39594594594594595,0.4782608695652174,1.9834254143646408,2.6766400327405324,0.7518108391293126,1.782521535169377,Healthcare Plans,Healthcare,CNC
2017Q4,2017,Q4,2018-02-20,2017-12-31,230000000.0,12806000000.0,181000000.0,0.65,1480000000.0,0.11557082617523036,21855000000.0,6850000000.0,8703000000.0,9332000000.0,14979000000.0,0.0,2748000000.0,17445413551.28,18072413551.28,19.805434762803262,0.9325975139305616,0.2150080073209792,0.685985401459854,0.020803182299848677,19.805434762803262,0.033576642335766425,1.3622843628986412,18.962406034,2.546775700916788,0.0,0.0,0.0,0.5859528711965225,0.858979854264895,0.01052390757263784,53.02557310419453,0.11557082617523036,0.12068965517241391,14.211720055420662,2.202175312267072,3.3072370155074666,0.05113636363636364,0.12195121951219512,-0.4676470588235294,0.4685506580392121,0.8437510723841721,1.6717352519303792,Healthcare Plans,Healthcare,CNC
2017Q3,2017,Q3,2017-10-24,2017-09-30,205000000.0,11898000000.0,340000000.0,0.58,1408000000.0,0.11833921667507144,22000000000.0,6640000000.0,9660000000.0,9709000000.0,15327000000.0,0.0,2518000000.0,16693599160.0,17133599160.0,19.245484267396293,0.9949531362653208,0.21459090909090908,0.7109939759036145,0.018451888200025596,19.245484267396293,0.030873493975903613,1.403059267103715,20.358047756097562,2.514096259036145,0.0,0.0,0.0,0.5408181818181819,0.9095684416520754,0.009318181818181817,-725.8086591304348,0.11833921667507144,-0.19444444444444448,31.103117950355585,1.9065921549704015,3.119490617807402,-0.08690012970168612,-0.19291338582677164,-0.2237442922374429,0.686114109719585,0.8578782112065327,1.7632869415495824,Healthcare Plans,Healthcare,CNC
2017Q2,2017,Q2,2017-07-25,2017-06-30,254000000.0,11954000000.0,438000000.0,0.72,1542000000.0,0.12899447883553622,21840000000.0,6378000000.0,9648000000.0,8966000000.0,15312000000.0,0.0,2313000000.0,13767877160.0,14062877160.0,18.50229465585964,1.0760651349542716,0.21611721611721613,0.740043900909376,0.02362369543805158,18.50229465585964,0.03982439636249608,1.1517380926886398,13.551060196850393,2.158651169645657,0.0,0.0,0.0,0.5473443223443224,0.9939772473789873,0.01163003663003663,-34.07890386138614,0.12899447883553622,0.7999999999999998,5.338308178918141,2.3854748768892375,3.007291224350456,0.12472647702407003,0.8273381294964028,0.825,2.4839502162178198,0.9911593151595725,1.8957959897447536,Healthcare Plans,Healthcare,CNC
2017Q1,2017,Q1,2017-04-25,2017-03-31,139000000.0,11724000000.0,240000000.0,0.4,1371000000.0,0.1169396110542477,21362000000.0,6070000000.0,9408000000.0,9202000000.0,15140000000.0,0.0,2059000000.0,12261990959.68,12069990959.68,17.637763778423473,1.022386437730928,0.21753581125362795,0.7655683690280066,0.013497950382250193,17.637763778423473,0.022899505766062603,1.0458880040668714,22.05394057496403,2.0200973574431633,0.0,0.0,0.0,0.5488250163842336,0.9438165616170398,0.0065068813781481135,10.525314128480687,0.1169396110542477,-0.4666666666666666,2.4447341689363378,3.0690064232323953,2.6816751138335433,-0.22366930917327293,-0.47547169811320755,-0.5393474088291746,1.8156943634017233,1.2639906829126086,1.8708471102332367,Healthcare Plans,Healthcare,CNC
2016Q4,2016,Q4,2017-02-21,2016-12-31,265000000.0,11911000000.0,521000000.0,0.75,1766000000.0,0.14826630845436992,20197000000.0,5895000000.0,8365000000.0,8623000000.0,14143000000.0,0.0,1920000000.0,9671326192.24,10396326192.24,17.222376920100746,0.9700800185550272,0.23047977422389465,0.7896522476675149,0.02644095576619273,17.222376920100746,0.04495335029686175,0.8119659300008395,9.12389263418868,1.6405981666225613,0.0,0.0,0.0,0.5897410506510868,0.8735938768410066,0.013120760508986484,6.443255291299134,0.14826630845436992,0.7857142857142858,4.19591836513292,3.665952375111482,2.7199222354167283,0.21458046767537828,0.8275862068965517,0.5233918128654971,2.193736427019253,1.8433875437859193,2.065105765874319,Healthcare Plans,Healthcare,CNC
2016Q3,2016,Q3,2016-10-25,2016-09-30,145000000.0,10846000000.0,342000000.0,0.42,1454000000.0,0.13405863912963303,19634000000.0,5710000000.0,7755000000.0,9023000000.0,13762000000.0,0.0,1655000000.0,11435066345.519999,13042066345.519999,16.717944104880196,0.8594702427130666,0.23372720790465518,0.803677758318739,0.015350455347377561,16.717944104880196,0.025394045534150613,1.0543118518827217,19.715631630206897,2.002638589408056,0.0,0.0,0.0,0.552409086278904,0.7572869333924416,0.007385148212284812,31.501560180495865,0.13405863912963303,-0.14285714285714288,1.9493902859986905,3.9115034705474554,2.7295408516470414,-0.030020013342228154,-0.14201183431952663,-0.09283819628647215,0.8806632713322612,1.4772968541111675,2.099961932768153,Healthcare Plans,Healthcare,CNC
2016Q2,2016,Q2,2016-07-26,2016-06-30,169000000.0,10897000000.0,377000000.0,0.49,1499000000.0,0.13756079654950903,19496000000.0,5529000000.0,7853000000.0,8814000000.0,13809000000.0,0.0,1510000000.0,12172779985.86,13956779985.86,16.208488548153177,0.8909689130928069,0.2305088223225277,0.812805208898535,0.017805825313264086,16.208488548153177,0.030566105986616025,1.1170762582233642,18.007070985000002,2.201624160944113,0.0,0.0,0.0,0.558935166187936,0.7534604039028818,0.00866844480919163,-25.954754767292112,0.13756079654950903,8.0,2.503810753215202,3.874735715770235,2.7451418378456034,0.816969696969697,10.941176470588236,17.85,1.7368393236319448,1.5560750533711112,2.1616087380881437,Healthcare Plans,Healthcare,CNC
2016Q1,2016,Q1,2016-04-26,2016-03-31,-17000000.0,6953000000.0,20000000.0,-0.07,825000000.0,0.1186538184956134,18652000000.0,5297000000.0,7551000000.0,7871000000.0,13199000000.0,0.0,1341000000.0,7729687189.32,8573687189.32,21.096344652253062,0.9593444289162749,0.22946600900707698,0.8080045308665282,-0.015662524798997598,21.096344652253062,-0.003209363790824995,1.1117053342902343,-113.67187043117649,1.459257539988673,0.0,0.0,0.0,0.37277503752948743,0.792021344174819,-0.0009114304096075488,51.5312479288,0.1186538184956134,-1.1555555555555557,-1.5674280706905952,3.530490662910814,4.064172187173447,0.04298356510745891,-1.1531531531531531,-0.9090909090909091,-1.6164477810817697,1.1918613952954737,3.482235418290314,Healthcare Plans,Healthcare,CNC
2015Q4,2015,Q4,2016-02-22,2015-12-31,111000000.0,6302000000.0,220000000.0,0.45,791000000.0,0.12551570929863534,7339000000.0,2157000000.0,3605000000.0,3629000000.0,5015000000.0,0.0,1358000000.0,7863385703.2300005,7324385703.2300005,9.026148236737967,0.9933866078809589,0.16637144025071535,0.5660639777468707,0.03361408735842931,9.026148236737967,0.05146036161335188,1.2477603464344653,17.710328160427927,3.6455195657070005,0.0,0.0,0.0,0.858700095380842,0.8859189859465417,0.015124676386428669,51.73280067914474,0.12551570929863534,0.1842105263157895,2.5664599981049516,3.3548269079733952,1.2171445357706474,0.12838801711840228,0.1935483870967742,0.20218579234972678,9.625074279966391,1.2807018455939514,0.962984416063001,Healthcare Plans,Healthcare,CNC
2015Q3,2015,Q3,2015-10-27,2015-09-30,93000000.0,5821000000.0,183000000.0,0.38,701000000.0,0.12042604363511424,7322000000.0,2051000000.0,3596000000.0,3563000000.0,5113000000.0,0.0,1247000000.0,6459960246.5199995,6075960246.5199995,8.608855608663973,1.0092618579848442,0.17495219885277247,0.6245733788395904,0.028376350540216082,8.608855608663973,0.045343734763529986,1.1097681234358356,17.365484533655913,3.1496636989371036,0.0,0.0,0.0,0.7950013657470636,0.8722986247544204,0.012701447691887462,339.99790771157893,0.12042604363511424,0.05555555555555561,2.3925671540137374,3.289456701715605,1.1454614493075936,0.050974512743628186,0.056818181818181816,0.057803468208092484,20.090909155616647,1.0593337203938942,0.8427231768872385,Healthcare Plans,Healthcare,CNC
2015Q2,2015,Q2,2015-07-28,2015-06-30,88000000.0,5506000000.0,173000000.0,0.36,667000000.0,0.1211405739193607,7022000000.0,1940000000.0,3838000000.0,3458000000.0,4927000000.0,0.0,1154000000.0,9567886947.6,8744886947.6,8.151016042216348,1.10989010989011,0.16291654799202507,0.5896907216494846,0.02870026845232709,8.151016042216348,0.04536082474226804,1.737720113984744,27.181497010227275,4.931900488453608,0.0,0.0,0.0,0.7841070919965821,0.970213996529786,0.012532042153232698,29.993376011285267,0.1211405739193607,0.3846153846153845,2.1910108043820826,3.222584040532845,1.0989985854599822,0.1362862010221465,0.3968253968253968,0.34108527131782945,3.176899075969104,1.258455255563747,0.7653753581947682,Healthcare Plans,Healthcare,CNC
2015Q1,2015,Q1,2015-04-28,2015-03-31,63000000.0,5131000000.0,129000000.0,0.26,587000000.0,0.11440265055544728,6696000000.0,1837000000.0,3590000000.0,3343000000.0,4704000000.0,0.0,1066000000.0,8396823640.95,7858823640.95,7.7325388475890495,1.073885731379001,0.16845878136200718,0.6140446379967338,0.022093697301854974,7.7325388475890495,0.03429504627109418,1.6364887236308712,33.32072873392857,4.57094373486663,0.0,0.0,0.0,0.7662783751493429,0.9159437630870476,0.009408602150537635,466.490202275,0.11440265055544728,-0.40909090909090906,1.0886532309113166,2.820418113887577,0.9934313668492424,-0.0021927960699654934,-0.4086394953723694,-0.33285754181276567,1.2617238910475528,1.5797207907417086,0.6140762627032045,Healthcare Plans,Healthcare,CNC
2014Q4,2014,Q4,2015-02-23,2014-12-31,106534000.0,4724551000.0,193362000.0,0.44,588290000.0,0.1245176525769327,5838000000.0,1744000000.0,3034000000.0,2900000000.0,3947000000.0,0.0,1003000000.0,6108042223.099999,5391042223.099999,7.4129481012362515,1.0462068965517242,0.15296334361082561,0.5120412844036697,0.03928945600980629,7.4129481012362515,0.06108600917431193,1.292830201875268,14.333551314838454,3.5023177884747705,0.0,0.0,0.0,0.8092756080849606,0.9306896551724138,0.018248372730387118,18.244180669605786,0.1245176525769327,0.29411764705882343,2.2869210532769007,2.1635407512649754,1.1237735005237552,0.2416551462130246,0.2894456548051319,0.7915168809991476,2.0390642202113276,1.6926990501213244,0.6011489354639928,Healthcare Plans,Healthcare,CNC
2014Q3,2014,Q3,2014-10-28,2014-09-30,82620000.0,4351861000.0,107932000.0,0.34,473795000.0,0.10887181369074059,5446345000.0,1632903000.0,2767711000.0,2634293000.0,3664795000.0,0.0,896385000.0,4847921261.639999,4219800261.6399994,6.964707131212333,1.0506466061292348,0.17531959506788497,0.5847567185558481,0.031035894437239576,6.964707131212333,0.05059700423111477,1.1139880758231937,14.669333277777778,2.9688972716934194,0.0,0.0,0.0,0.7990424771107963,0.9244047643902937,0.015169806539982318,11.684975985248922,0.10887181369074059,0.7000000000000001,1.850022864682635,2.075173146442567,1.0861276015224137,0.06460738537036954,0.6908499273478911,0.1646667817679558,1.4481901443796852,1.870883583489529,0.5537293104139139,Healthcare Plans,Healthcare,CNC
2014Q2,2014,Q2,2014-07-22,2014-06-30,48863000.0,4023700000.0,92672000.0,0.2,445042000.0,0.11060516440092452,4682567000.0,1476165000.0,2324886000.0,2117707000.0,3076945000.0,0.0,813765000.0,4367134021.63,3999362021.63,6.389364002638357,1.0978317585954998,0.19028558480850355,0.6036079977509289,0.019911218277236936,6.389364002638357,0.033101313200082645,1.0853527901260034,22.3437673783333,2.9584321682400003,0.0,0.0,0.0,0.859293631036139,0.9430549174177542,0.01043508827529857,32.113168580725336,0.11060516440092452,0.4285714285714285,0.7982377218572136,1.8818867486915303,1.0140233517272246,0.12137132029641724,0.48146014613588817,0.3232429962589599,0.49575637364573694,1.6576422268699393,0.4763297868530793,Healthcare Plans,Healthcare,CNC
2014Q1,2014,Q1,2014-04-22,2014-03-31,32983000.0,3459888000.0,70034000.0,0.14,396873000.0,0.114706892246223,4446447000.0,1412666000.0,2281849000.0,2021443000.0,2903588000.0,0.0,764902000.0,3578371281.0,3124659281.0,6.143748900996168,1.1288218366780562,0.18376020224687262,0.5783957425180475,0.015385683166556289,6.143748900996168,0.02334805254745283,1.0342448313355808,27.122845715974897,2.533062508052151,0.0,0.0,0.0,0.7781241966900764,0.9600038190540124,0.00741783271002668,15.270714597851738,0.114706892246223,-0.3913043478260869,0.3387950345737541,1.7800464569722958,1.0113943634976188,0.22118902485930292,-0.3804845980465815,-0.2046652130462433,0.20217799908393982,1.4617943837115337,0.47480536662920864,Healthcare Plans,Healthcare,CNC
2013Q4,2013,Q4,2014-02-21,2013-12-31,53240000.0,2687840000.0,88056000.0,0.23,324989000.0,0.12091084290731591,3529300000.0,1234041000.0,1800173000.0,1559121000.0,2285861000.0,0.0,731919000.0,3236724852.3,2867413852.3,5.618852410199971,1.1546076282725972,0.18948856713795936,0.5419285096686415,0.027407539891360386,5.618852410199971,0.04314281292112661,1.2042103891228646,15.19874554986852,2.6228665435751326,0.0,0.0,0.0,0.7615787833281388,1.0061881021421686,0.015085144362904826,21.664244948595755,0.12091084290731591,0.0454545454545455,0.9587307404156028,1.679316592032833,0.9403189388340418,-0.03230714717468787,0.07832215988495736,0.07083703226277195,0.8613075731919677,1.0209782085872836,0.38019092882512057,Healthcare Plans,Healthcare,CNC
2013Q3,2013,Q3,2013-10-22,2013-09-30,49373000.0,2803652000.0,82231000.0,0.22,335839000.0,0.11978626448646265,3139037000.0,1179539000.0,1368435000.0,1386972000.0,1953946000.0,0.0,678679000.0,3497311053.6,3277007053.6,5.392951419229746,0.9866349140429655,0.16596714215219507,0.4416784862560712,0.029355744840702122,5.392951419229746,0.0418578783745175,1.2474126794623583,17.708621380106536,2.964981279635519,0.0,0.0,0.0,0.8931567229057829,0.879512347761887,0.015728709155068896,30.569564735807,0.11978626448646265,0.29411764705882343,1.1392582676995031,1.4708951262904237,0.9528127621974889,0.1297288023843323,0.2504558808631344,0.22685226628472532,0.9618665431510893,1.2504182198711844,0.3440078326208245,Healthcare Plans,Healthcare,CNC
2013Q2,2013,Q2,2013-07-23,2013-06-30,39484000.0,2725945000.0,67026000.0,0.17,297274000.0,0.10905355757361208,3045235000.0,1118207000.0,1342360000.0,1320572000.0,1922961000.0,0.0,629306000.0,2864955551.44,2727745551.44,5.1266585750754885,1.0164989110779268,0.1811032646084785,0.49320206366084274,0.02436242333298469,5.1266585750754885,0.03531009911402808,1.050995361769955,18.13997791155911,2.5620976719337296,0.0,0.0,0.0,0.8951509489415431,0.8919998303765339,0.012965830223283261,154.50334635388018,0.10905355757361208,0.5454545454545455,0.7254377426940575,1.5211920214324093,0.9346597001930902,0.18694999441010654,0.7165463872706721,0.6713046080191503,0.5623161293985782,1.2811894511990078,0.32018499797894506,Healthcare Plans,Healthcare,CNC
2013Q1,2013,Q1,2013-04-23,2013-03-31,23002000.0,2645892000.0,40104000.0,0.11,250452000.0,0.09465692477243969,2887157000.0,985708000.0,1375271000.0,1307094000.0,1900627000.0,0.0,589822000.0,2334080365.02,2139442365.02,4.706656987753662,1.0521592173171936,0.18570275187667315,0.5439268018520698,0.015909076455702963,4.706656987753662,0.023335511124998477,0.8821525462944065,25.368232816928963,2.367922716483989,0.0,0.0,0.0,0.9164350951472331,0.9159777338125643,0.007967006989921227,72.17540322891864,0.09465692477243969,1.7500000000000002,-0.2534989527595419,1.6942431999908751,0.8493070827963981,2.948709170414404,1.5385719015561197,2.068870523415978,-0.134947022784793,1.2347672972516632,0.2133657337284098,Healthcare Plans,Healthcare,CNC
2012Q4,2012,Q4,2013-02-19,2012-12-31,9061000.0,2396597000.0,13068000.0,0.04,-128522000.0,-0.05362687176859522,2741682000.0,953056000.0,1373602000.0,1197090000.0,1787915000.0,0.0,566820000.0,2124499706.0,1819401706.0,4.598176207043448,1.147450901770126,0.19654139320315048,0.5653959473525165,0.003915409651301611,4.598176207043448,0.009507311217808817,0.8864651445361903,58.61659049773756,2.229144673555384,0.0,0.0,0.0,0.8741338346314416,1.0412934699980787,0.003304905528795827,-52.93515986445408,-0.05362687176859522,1.0,4.168785276533895,1.6126745573382484,0.9294620816038797,-1.3300700090914228,1.3726106310552502,1.472775948771752,-0.6826782206005272,0.8215060338299661,0.317355071948922,Healthcare Plans,Healthcare,CNC
2012Q3,2012,Q3,2012-10-23,2012-09-30,3819000.0,2448121000.0,-27641000.0,0.02,389378000.0,0.15905177889491573,2690936000.0,963979000.0,1376505000.0,1280114000.0,1733872000.0,0.0,557759000.0,1910187365.8,1508876365.8,4.671811651713313,1.075298762453969,0.14690427420050123,0.41008154741960146,0.000648378104471233,4.671811651713313,0.003961704559954107,0.7802667293814317,125.04499645195077,1.981565330572554,0.0,0.0,0.0,0.9097655982899631,0.9785565973030527,0.0014192087808851642,6.283035710456117,0.15905177889491573,1.1176470588235294,-0.7977609568211358,1.7548364050753449,0.9912146819077088,0.9613549930739201,1.1091174033543816,0.4086980704231378,-0.850311618560041,0.9656342822962243,0.39934028124118576,Healthcare Plans,Healthcare,CNC
2012Q2,2012,Q2,2012-07-24,2012-06-30,-34999000.0,2110746000.0,-46746000.0,-0.17,198525000.0,0.09405442435991825,2449550000.0,951428000.0,1073438000.0,1034236000.0,1501563000.0,0.0,553940000.0,1553719393.2,1540589393.2,4.617157481200705,1.0379043081076273,0.16687309914065848,0.42963208986912305,-0.028131268582338418,4.617157481200705,-0.036785757829283984,0.7360996506448432,-11.098312760364582,1.633039382065695,0.0,0.0,0.0,0.8616872486783287,0.9423700199954362,-0.014287930436202568,-76.66630776670286,0.09405442435991825,-2.545454545454546,-2.6664533329995574,1.455721137794973,1.0600636778402268,-0.19343043451764275,-2.4596296605221455,-2.3669220422246915,-2.444104577521691,0.6949751079425347,0.4553972792754359,Healthcare Plans,Healthcare,CNC
2012Q1,2012,Q1,2012-04-24,2012-03-31,23978000.0,1712148000.0,34198000.0,0.11,246135000.0,0.14375801624625908,2283147000.0,979709000.0,920377000.0,888322000.0,1304028000.0,0.0,588939000.0,2503624255.7799997,2421023255.7799997,4.790689898777667,1.0360848881374096,0.15347106428101212,0.3576541605721699,0.01675236938972732,4.790689898777667,0.024474614400806772,1.4622709343935218,26.103347399491202,2.555477448691397,0.0,0.0,0.0,0.7499070362092323,0.9427347290734666,0.010502170907085702,-53.18260378494349,0.14375801624625908,-0.21428571428571436,-0.46690019513164316,1.16825102708328,1.252728954417081,0.3202330059592454,-0.20370616365568545,-0.2781729531207126,0.09431887853439805,0.5468147803142491,0.5684180481568785,Healthcare Plans,Healthcare,CNC
2011Q4,2011,Q4,2012-02-21,2011-12-31,30112000.0,1507176000.0,47377000.0,0.14,186433000.0,0.12369690069374778,2190336000.0,935634000.0,940010000.0,837613000.0,1253917000.0,0.0,564961000.0,2000194722.3400002,1778074722.3400002,4.629767997870899,1.1222485801915683,0.16051327284946237,0.375764454904375,0.023128364722123144,4.629767997870899,0.0321835247543377,1.3271142337324906,16.606292527397716,2.13779610653311,0.0,0.0,0.0,0.6881026472650772,1.0286934419594729,0.013747662459093033,12.88345295962075,0.12369690069374778,0.0,0.8596299804710068,0.8462280338495031,1.448660399403059,-0.26375088855540635,0.03881050125918515,-0.02410035635569654,0.20395842982565282,0.6327503607370348,0.5987653479506435,Healthcare Plans,Healthcare,CNC
2011Q3,2011,Q3,2011-10-25,2011-09-30,28987000.0,1302035000.0,48547000.0,0.14,253220000.0,0.19448017910424836,2037498000.0,902710000.0,766376000.0,730380000.0,1133399000.0,0.0,534849000.0,1443405829.0400002,1343044829.0400002,4.482574335523691,1.0492839343903173,0.17241538396602107,0.38915709364026096,0.0234021436109783,4.482574335523691,0.03211108772473995,1.108576827074541,12.448734165660468,1.5989695794219627,0.0,0.0,0.0,0.6390362100968934,0.9549385251512911,0.014226762431177847,98.13079264667891,0.19448017910424836,0.0,1.3495267840820024,0.7706651522765066,1.533238983127941,-0.022173137371506245,0.021604285613589905,-0.12216335461005733,0.36408683213453824,0.24628655154255574,0.6231609909736288,Healthcare Plans,Healthcare,CNC
2011Q2,2011,Q2,2011-07-26,2011-06-30,28374000.0,1315014000.0,55303000.0,0.14,258962000.0,0.19692718100339615,2010444000.0,868466000.0,774536000.0,749773000.0,1140140000.0,0.0,505862000.0,1782435357.56,1647625357.56,4.327870411839228,1.0330273296050938,0.16893780677303122,0.39108036468900337,0.02887325971985189,4.327870411839228,0.03267139991663462,1.355449719592339,15.704829752237965,2.0523950938321134,0.0,0.0,0.0,0.6540913350483774,0.9408087514487719,0.014113300345595301,-30.168328581148554,0.19692718100339615,0.2727272727272728,3.917684408445337,1.284691307260597,0.997999045577928,0.08303813773749827,0.19494630448515476,0.41450750696984423,0.34774569669624966,0.32199085375922204,0.6332190550294523,Healthcare Plans,Healthcare,CNC
2011Q1,2011,Q1,2011-04-26,2011-03-31,23745000.0,1216357000.0,39097000.0,0.11,239107000.0,0.19657633408612768,2003685000.0,829002000.0,743829000.0,817047000.0,1172489000.0,0.0,477488000.0,1640769181.3999999,1454087181.3999999,4.165803190042779,0.9103870401580325,0.15240070170710465,0.3683501366703579,0.021173509012360366,4.165803190042779,0.028642874202957292,1.3489207374150844,17.274891360286375,1.9792101604097456,0.0,0.0,0.0,0.6070599919648049,0.828308530598607,0.011850665149462116,21.27856905678974,0.19657633408612768,-0.15384615384615388,1.3405612893926329,1.3095348947516023,0.9665569171288265,-0.33092593110781543,-0.06512067404228512,-0.14074415946902266,-0.18900925435970894,0.30348081454893716,0.6367985525451992,Healthcare Plans,Healthcare,CNC
2010Q4,2010,Q4,2011-02-22,2010-12-31,25399000.0,1180969000.0,45501000.0,0.13,357370000.0,0.3026074350808531,1943882000.0,793939000.0,656821000.0,765246000.0,1146827000.0,0.0,453743000.0,1235450356.98,1131925356.98,4.071068931733225,0.8583135357780374,0.17009314351385527,0.41645642801273147,0.024629878894962494,4.071068931733225,0.03199112274368686,1.0461327579132051,12.160423215284066,1.556102366781327,0.0,0.0,0.0,0.6075312184587336,0.7732872827822687,0.013066122326355201,6.9898576907365815,0.3026074350808531,0.18181818181818185,0.5897017246036994,1.4217236908825666,0.9572012195777689,1.0735974191002826,0.12077486541346748,0.13051580202742993,14.39866633287643,0.3683050579915511,0.708280148843076,Healthcare Plans,Healthcare,CNC
2010Q3,2010,Q3,2010-10-26,2010-09-30,22662000.0,1121861000.0,40248000.0,0.11,172343000.0,0.15362241846360644,1795177000.0,790294000.0,675988000.0,661092000.0,991245000.0,0.0,428344000.0,1161533997.54,1028043997.54,4.012589278377533,1.0225324160631197,0.14715874813458507,0.33427559870124285,0.024252705774313224,4.012589278377533,0.028675404343193798,1.0353635588900942,12.813674847100874,1.4697492294513184,0.0,0.0,0.0,0.6249305778761649,0.9240801582835672,0.012623824837328018,26.276077311163895,0.15362241846360644,0.0,0.6189034623482154,1.4216198154796211,1.0509924800471624,-0.016189155092790803,-0.004874193123435648,-0.03502841113428756,0.2572795448891458,0.3225748381773698,0.7102416105838991,Healthcare Plans,Healthcare,CNC
2010Q2,2010,Q2,2010-07-27,2010-06-30,22773000.0,1076772000.0,41709000.0,0.11,175179000.0,0.16268903723350905,1733537000.0,763230000.0,545837000.0,636819000.0,954369000.0,0.0,405682000.0,1056414368.0,1498988368.0,3.8832880110922536,0.8571305190328806,0.4085139226910069,0.9278644707362133,0.016696433532410054,3.8832880110922536,0.029837663613851657,0.9810938323061893,11.597224432441926,1.3841363258781756,0.0,0.0,0.0,0.6211416312429443,0.7218377592377112,0.013136725665503534,-10.536853230133953,0.16268903723350905,-0.0833333333333333,0.28273250777544967,1.6452989966866405,1.0568598360635528,0.06093218183359779,-0.05120406632780602,0.4085643848569788,0.13685002751184686,0.3134460455053911,0.7326289204593455,Healthcare Plans,Healthcare,CNC
2010Q1,2010,Q1,2010-04-27,2010-03-31,24002000.0,1068721000.0,29611000.0,0.12,165118000.0,0.15450056656508107,1730671000.0,733299000.0,571902000.0,685113000.0,981137000.0,0.0,382909000.0,1136147564.56,1463608564.56,3.8790093183949783,0.8347557264276112,0.3914955528809346,0.9239750770149694,0.012986988223866035,3.8790093183949783,0.032731532430836534,1.063090895154114,11.83388430714107,1.549364671927822,0.0,0.0,0.0,0.6175182920381748,0.7304327899193271,0.013868609342850259,-18.444253389827757,0.15450056656508107,-0.07692307692307698,0.4646528721926982,1.82758767900734,1.2236477263847831,-0.22438300310964554,0.012102045119122919,-0.21618402244692678,-0.42272630653127996,0.4641021185039853,0.8240288540136159,Healthcare Plans,Healthcare,CNC
2009Q4,2009,Q4,2010-02-22,2009-12-31,23715000.0,1092726000.0,37778000.0,0.13,212886000.0,0.19482102558189335,1702364000.0,600845000.0,616134000.0,715908000.0,1082937000.0,0.0,358907000.0,911046525.47,815025525.47,3.490460776258911,0.860632930488275,0.18076686302106953,0.5121637027852441,0.02633174464077124,3.490460776258911,0.039469413908745185,0.8337373920543668,9.604116861374658,1.5162754545182202,0.0,0.0,0.0,0.641887398934658,0.763732211401465,0.013930628232269949,29.578472305119966,0.19482102558189335,0.08333333333333341,0.8730229328298481,2.5981996996436276,1.1006631732578636,-0.02937596031532538,0.11505548241489562,-0.006103656932386214,0.7194008754324722,0.571446952616645,0.8460866899648882,Healthcare Plans,Healthcare,CNC
2009Q3,2009,Q3,2009-10-27,2009-09-30,21268000.0,1038234000.0,38010000.0,0.12,219329000.0,0.21125199136225553,1635014000.0,574261000.0,614058000.0,707923000.0,1041757000.0,0.0,335192000.0,814455417.8000001,697805417.8000001,3.3385815547091324,0.867407896056492,0.16962056594010816,0.4829372010288005,0.029920976278119835,3.3385815547091324,0.03703542465882238,0.784462286729196,9.573718941602408,1.418266986265827,0.0,0.0,0.0,0.6350000672777114,0.7691118949377262,0.013007839688222854,7.985248471003481,0.21125199136225553,0.09090909090909087,0.785259877435848,2.8986127020981436,1.1380060090342252,0.3652088935365003,0.051309935739001486,0.2091617623667886,1.300246022089922,0.6530365203690001,0.8867338965730719,Healthcare Plans,Healthcare,CNC
2009Q2,2009,Q2,2009-07-28,2009-06-30,20230000.0,1039469000.0,31435000.0,0.11,160656000.0,0.15455583571996856,1586209000.0,545674000.0,685764000.0,663444000.0,1001192000.0,0.0,313924000.0,859163116.86,1158207116.8600001,3.1724378951012877,1.0336426284660047,0.4309287111597526,1.2526581805253687,0.016060605670181343,3.1724378951012877,0.037073417461707905,0.8265403940473454,10.617438418932279,1.5744989075162092,0.0,0.0,0.0,0.6553165440367569,0.9097663103442039,0.012753678739686889,42.90452518651686,0.15455583571996856,0.09999999999999995,0.7717112518234357,3.2137337836879736,1.1335390338186657,0.04873001677644248,0.09600173366561925,0.016918995859213252,3.0904813129564874,1.1069155810148612,0.46458356729630446,Healthcare Plans,Healthcare,CNC
2009Q1,2009,Q1,2009-04-28,2009-03-31,18458000.0,932435000.0,30912000.0,0.1,153191000.0,0.16429134470499285,1552830000.0,526200000.0,637251000.0,681463000.0,1003308000.0,0.0,293694000.0,776085215.84,1096697215.8400002,3.0544725651476856,0.9351219361872911,0.42685999111300016,1.2596750285062714,0.016765225386029967,3.0544725651476856,0.03507791714177119,0.8323209830604814,10.511502002383791,1.4748863851007221,0.0,0.0,0.0,0.6004746173116181,0.8298733753703429,0.011886684311869298,63.297056996982306,0.16429134470499285,-0.1666666666666666,0.7072112260154608,2.8768480408698944,1.1210150979491775,-0.3472985006582788,-0.13840265135601923,-0.09383519479377364,1.1017192437610217,1.0451456912261095,0.44192941364321314,Healthcare Plans,Healthcare,CNC
2008Q4,2008,Q4,2009-02-23,2008-12-31,21423000.0,790672000.0,34113000.0,0.12,234703000.0,0.2968399032721533,1451152000.0,501272000.0,666343000.0,640978000.0,949880000.0,0.0,275236000.0,852953935.77,738746935.77,2.8958395951009988,1.0395723410163844,0.18253911375238432,0.5284396495315916,0.02758118700293048,2.8958395951009988,0.04273727636891747,1.078770888269725,9.953717217126453,1.7015790544255414,0.0,0.0,0.0,0.5448581540734534,0.9064632483486172,0.014762754005093885,10.289446243123914,0.2968399032721533,0.1999999999999999,0.8227453312975382,2.1414697798160183,0.8789140318679523,0.5093925849705778,0.17399167032003507,0.03787878787878788,0.5106332882146803,0.8266787960208545,0.3921996611391868,Healthcare Plans,Healthcare,CNC
2008Q3,2008,Q3,2008-10-28,2008-09-30,18248000.0,897137000.0,32868000.0,0.1,155495000.0,0.17332358380046747,1358053000.0,477574000.0,634120000.0,596765000.0,880479000.0,0.0,253813000.0,886707619.9100001,861396619.9100001,2.7616326171286842,1.06259582917899,0.1840671903084784,0.523422548128667,0.02691047063132579,2.7616326171286842,0.03820978528981896,0.9883748189072573,12.148011013672733,1.8566915701231643,0.0,0.0,0.0,0.6606052930187555,0.9819795061707708,0.013436883538418603,40.61690348174614,0.17332358380046747,0.0,0.7875316566804247,2.855308446313875,0.9524855690333315,-0.046282836832453184,0.00247211998022304,0.18871609403254974,0.48466063557060846,1.2055397237915366,0.4115792415898934,Healthcare Plans,Healthcare,CNC
2008Q2,2008,Q2,2008-07-22,2008-06-30,18203000.0,860067000.0,27650000.0,0.1,163041000.0,0.18956778948616793,1215065000.0,459768000.0,578847000.0,518047000.0,755297000.0,0.0,235565000.0,728282099.76,592889099.76,2.64990198253668,1.1173638685293033,0.18278446009061244,0.4830588470706965,0.025064022494232098,2.64990198253668,0.03959170712185276,0.8467736813062238,10.00222627808603,1.584020853473926,0.0,0.0,0.0,0.7078362062934904,1.0428493939739059,0.014981091546542778,16.09178708206284,0.18956778948616793,-0.28571428571428575,0.7950221902217575,2.5103186045604517,1.9659911521329518,0.026422150033995617,-0.28958357725481015,-0.2512862171676144,0.16146392130754114,1.3934821763716503,0.4035726790843468,Healthcare Plans,Healthcare,CNC
2008Q1,2008,Q1,2008-04-22,2008-03-31,25623000.0,816639000.0,36930000.0,0.14,158844000.0,0.19450944664655986,1139275000.0,443235000.0,443610000.0,466762000.0,696040000.0,0.0,217362000.0,606922605.5799999,559376605.5799999,2.545092176166097,0.9503987042647002,0.18979965328827544,0.4878540728958679,0.03513233698501687,2.545092176166097,0.057809062912450505,0.7431957150956542,5.921658330211138,1.3693020758288492,0.0,0.0,0.0,0.7168058633780255,0.8703300611446518,0.022490619034034803,88.77030943103699,0.19450944664655986,16.073170731707314,1.6871236627138764,2.45640499291114,2.0353808904659663,0.19298825367260491,16.39511201629328,13.38430583501006,0.6972545884037843,1.34537122527719,0.4589777869657537,Healthcare Plans,Healthcare,CNC
2007Q4,2007,Q4,2008-02-25,2007-12-31,1473000.0,770770000.0,-2982000.0,0.0082,133148000.0,0.17274673378569483,1119122000.0,415047000.0,446339000.0,486800000.0,704075000.0,0.0,191739000.0,1194736228.0,1133529228.0,2.3831389333244526,0.9168837304847987,0.18530330026574404,0.49964702792695764,0.11511788051463634,2.3831389333244526,0.0035489956559136677,1.5500554354736173,202.77261167684998,2.8785564719176384,0.0,0.0,0.0,0.6887274130970529,0.8318097781429745,0.0013162103863564472,47.17615905231984,0.17274673378569483,-0.9088888888888889,-0.843942080495555,2.9260919606242,1.9322691094749171,-0.07663714727563992,-0.9075677710843374,-1.1293148308759757,-0.8850114798538993,1.5085950507755914,0.43424393364973973,Healthcare Plans,Healthcare,CNC
2007Q3,2007,Q3,2007-10-23,2007-09-30,15936000.0,749949000.0,23060000.0,0.09,144199000.0,0.19227840826509535,1086240000.0,408549000.0,450452000.0,464839000.0,677691000.0,0.0,190266000.0,942050484.48,869140484.48,2.3462119349368313,0.9690494988587447,0.1860896302842834,0.49477051712279313,0.023840392003717167,2.3462119349368313,0.03900633706116035,1.2561527310257097,14.77865343373494,2.3058445485853594,0.0,0.0,0.0,0.6904081970835174,0.8776285982888699,0.014670790985417587,10.189176305269534,0.19227840826509535,-0.10000000000000009,0.26658966722809535,3.748572703226242,2.1730891769502754,0.058683171079100774,-0.10381284444944326,0.36740986717267554,0.3213702819327814,1.7817429617676472,0.5024989305075671,Healthcare Plans,Healthcare,CNC
2007Q2,2007,Q2,2007-07-24,2007-06-30,17782000.0,727738000.0,16864000.0,0.1,136206000.0,0.18716351214310645,1050002000.0,391033000.0,439551000.0,450028000.0,658969000.0,0.0,174330000.0,934283851.2,898974851.2,2.241269301947665,0.9767192263592488,0.19155582560795123,0.5143657952142147,0.027227477225347716,2.241269301947665,0.045474422874795736,1.283818972212527,13.135247036328872,2.389271113179706,0.0,0.0,0.0,0.6930824893666869,0.8739322886575946,0.016935205837703166,100.07324884318767,0.18716351214310645,-0.5238095238095237,1.4121165366724318,3.801465580471753,2.293345040423913,0.13695439861768463,-0.5346366229619743,-0.016733718150545158,0.5353183183351631,1.9083814790390605,0.5073062733201859,Healthcare Plans,Healthcare,CNC
2007Q1,2007,Q1,2007-04-24,2007-03-31,38211000.0,670835000.0,17151000.0,0.21,119799000.0,0.17858191656666692,971377000.0,369464000.0,481534000.0,391385000.0,601913000.0,0.0,0.0,911665365.81,801129365.81,2.1266162044857775,1.2303333035246624,0.20730262297748453,0.5450300976549812,0.061990879256864424,2.1266162044857775,0.10342279626702466,1.359000895615166,5.964678795438486,2.4675350394355062,0.0,0.0,0.0,0.6906021040234636,1.1064169551720173,0.03933694126997036,43.031500321438685,0.17858191656666692,1.6217228464419473,5.193945333867269,3.8832700721750713,2.782405672069644,1.1052837411720868,1.7623075254825418,-0.08508481809452684,2.504472253063221,1.7657156739442257,0.47671487664503537,Healthcare Plans,Healthcare,CNC
