Quarters,Year,Quarter,FillingDate,Date,NetIncome,Revenue,OperatingIncome,EPSDiluted,GrossProfit,GrossProfitRatio,TotalAssets,CommonStockEquity,CurrentAssets,CurrentLiability,TotalLiability,Inventory,RetainedEarnings,MarketCap,EnterpriseValue,bookValuePerShare,currentRatio,debtToAssets,debtToEquity,roic,shareholdersEquityPerShare,roe,priceToSalesRatio,peRatio,pbRatio,payoutRatio,inventoryTurnover,dividendYield,assetTurnover,quickRatio,returnOnAssets,priceToFreeCashFlowsRatio,grossProfitMargin,epsdilutedGrowth,fiveYNetIncomeGrowthPerShare,fiveYRevenueGrowthPerShare,fiveYShareholdersEquityGrowthPerShare,grossProfitGrowth,netIncomeGrowth,operatingIncomeGrowth,threeYNetIncomeGrowthPerShare,threeYRevenueGrowthPerShare,threeYShareholdersEquityGrowthPerShare,Industry,Sector,Symbol
2023Q1,2023,Q1,2023-05-10,2023-03-31,-2969000.0,107642000.0,-3978000.0,-0.0226,81035000.0,0.7528195314,446107000.0,263701000.0,216822000.0,76076000.0,182406000.0,25539000.0,-48885000.0,279208581.33,312868581.33,2.0116972312399666,2.850070981649929,0.27427052254279805,0.4639876223450044,-0.005820580025697584,2.0116972312399666,-0.011258963750611488,2.593862816837294,-23.510321769114178,1.0588074422546747,0.0,1.0418183953952778,0.0,0.24129188737231202,2.3754534938745464,-0.006655353984582175,-22.091034206028958,0.7528195314096728,-1.3766666666666667,-0.6169218066338522,0.0,-0.9345994210825374,-0.083376693889555,-1.3966069997328345,-1.955560893586356,0.8549261465225158,0.38990205325081956,4.216430219917628,Drug Manufacturers—Specialty & Generic,Healthcare,ORGO
2022Q4,2022,Q4,2023-03-01,2022-12-31,7486000.0,115516000.0,4163000.0,0.06,88406000.0,0.7653138959,449359000.0,265669000.0,222609000.0,75023000.0,183690000.0,24783000.0,-45301000.0,352166595.5,373479595.5,2.029294144111973,2.9672100555829544,0.2754835220836792,0.46595952105815885,0.008045519336070504,2.029294144111973,0.028177920645615407,3.0486391105993973,11.760840084825006,1.3255840745438874,0.0,1.0938950086753016,0.0,0.25706840187912117,2.5582554683230474,0.016659285782637045,-123.30763147759103,0.7653138959105232,36.5,2.0715959390781946,0.0,-0.9364363799142033,-0.02509869654396683,33.818604651162794,1.3400786958965711,2.2710528863464035,0.15560774302130945,2.569175647032309,Drug Manufacturers—Specialty & Generic,Healthcare,ORGO
2022Q3,2022,Q3,2022-11-09,2022-09-30,215000.0,116859000.0,1779000.0,0.0016,90682000.0,0.7759950025,457272000.0,256328000.0,230526000.0,89273000.0,200944000.0,24683000.0,-52787000.0,424126238.40000004,447589238.40000004,1.958149826176847,2.5822589136693064,0.28585393376371176,0.5099442901282731,0.0007089333554269726,1.958149826176847,0.00083876907711994,3.6293844581932073,493.1700446511628,1.654623132861022,0.0,1.0605274885548759,0.0,0.255556867684879,2.2444076036427587,0.0004701796742420266,-85.69938136997374,0.7759950025244098,-0.9771428571428571,1.007198582202243,0.0,-0.9391354230645994,-0.04292393587267412,-0.9754117108874657,-0.8509426057813154,1.0141103053244465,0.28182967552578003,13.10773840200231,Drug Manufacturers—Specialty & Generic,Healthcare,ORGO
2022Q2,2022,Q2,2022-08-09,2022-06-30,8744000.0,121401000.0,11935000.0,0.07,94749000.0,0.7804630934,456357000.0,254385000.0,231543000.0,88230000.0,201972000.0,23235000.0,-53002000.0,632622128.16,651955128.16,1.9623069518776475,2.6243114586875214,0.28839702250650256,0.5173732727951726,0.02096681501547117,1.9623069518776475,0.03437309589794996,5.211012497096399,18.087320681610247,2.4868688333038502,0.0,1.1470626210458361,0.0,0.2660219959373911,2.279304091578828,0.01916043799043293,157.09513984603922,0.7804630933847332,99.0,0.6421068426467814,0.0,-0.9395609813804706,0.2972739844188562,99.50574712643679,12.686926605504587,1.6336630854604548,0.30703448810902173,6.667813130394869,Drug Manufacturers—Specialty & Generic,Healthcare,ORGO
2022Q1,2022,Q1,2022-05-10,2022-03-31,87000.0,98117000.0,872000.0,0.0007,73037000.0,0.7443868035,436272000.0,243228000.0,217851000.0,76792000.0,193044000.0,22737000.0,-60046000.0,981370054.02,1003667054.02,1.8885815319184667,2.8368970726117304,0.2984239190229948,0.5352755439340865,0.0013346475734515334,1.8885815319184667,0.0003576890818491292,10.002038933314308,2820.028890862069,4.034774179041887,0.0,1.1030478955007257,0.0,0.22489868705761543,2.4400197937285135,0.0001994168775442843,-186.5367903478426,0.7443868035100951,-0.9982051282051283,-0.9556921198287168,0.0,-0.9418845640401284,-0.2388887152072196,-0.9983170519392591,-0.9573427257606888,1.0039068900070893,0.20837938379989826,4.255482146139767,Drug Manufacturers—Specialty & Generic,Healthcare,ORGO
2021Q4,2021,Q4,2022-03-01,2021-12-31,51695000.0,128558000.0,20442000.0,0.39,95961000.0,0.746441295,443259000.0,242035000.0,226979000.0,82005000.0,201224000.0,25022000.0,-60133000.0,1188831659.4,1207205659.4,1.881177526117286,2.7678678129382357,0.2984778650856497,0.5466275538661763,0.12452460399630187,1.881177526117286,0.21358481211395047,9.247434305138537,5.749258436018957,4.911817131406615,0.0,1.3027335944368956,0.0,0.2900290800638002,2.3948417779403695,0.11662481754459582,93.4542614102665,0.7464412949796979,3.333333333333334,18.86157380903993,0.0,-0.9503553005363686,0.09562030461489279,3.110280671066232,0.25688637481554355,1.4417665706353953,-0.6025292986181155,2.0773304205834684,Drug Manufacturers—Specialty & Generic,Healthcare,ORGO
2021Q3,2021,Q3,2021-11-09,2021-09-30,12577000.0,113753000.0,16264000.0,0.09,87586000.0,0.7699665063778538,370423000.0,189174000.0,211835000.0,81000000.0,181249000.0,29495000.0,-111828000.0,1830499326.24,1840348326.24,1.471640945934337,2.615246913580247,0.3025892020743852,0.5925021408861683,0.04677973308865231,1.471640945934337,0.06648376626809181,16.091877367981503,36.38584969070526,9.676273305211076,0.0,0.8871673164943211,0.0,0.30708946258736636,2.182962962962963,0.033953075268004416,164.21452644119495,0.7699665063778538,-0.4,59.23019644393102,0.0,414.3957516507183,-0.060800377455606076,-0.39203364431768745,-0.3104676304744139,-0.8047590260433529,0.0,-0.9521834448673689,Drug Manufacturers—Specialty & Generic,Healthcare,ORGO
2021Q2,2021,Q2,2021-08-09,2021-06-30,20687000.0,123196000.0,23587000.0,0.15,93256000.0,0.7569726289814604,355564000.0,178922000.0,201763000.0,84545000.0,176642000.0,28106000.0,-120129000.0,2131269422.88,2153684422.88,1.395264065667324,2.3864569164350344,0.31556906773464133,0.6271168442114441,0.06909025318526912,1.395264065667324,0.11562021439509954,17.299826478781778,25.756144231643063,11.911723672214707,0.0,1.0652529708958942,0.0,0.34648052108762417,1.9700396238689455,0.05818080570586449,159.9331699594777,0.7569726289814604,1.1428571428571426,2783.7825995765406,0.0,743.2990726857063,0.21022100522989476,1.0805591873679976,0.8696100190234622,3.4249703169194925,0.0,-0.9541888030842246,Drug Manufacturers—Specialty & Generic,Healthcare,ORGO
2021Q1,2021,Q1,2021-05-11,2021-03-31,9943000.0,102552000.0,12616000.0,0.07,77057000.0,0.7513944145409158,319181000.0,157292000.0,185239000.0,74009000.0,161889000.0,29721000.0,-140816000.0,2329792584.2999997,2351506584.2999997,1.2300924379760032,2.5029253198935266,0.310707717564642,0.6304961472929329,0.043259483031697396,1.2300924379760032,0.06321364087175445,22.718158439620872,58.57871327315699,14.811894974315285,0.0,0.857810975404596,0.0,0.3212973203292176,2.019497628666784,0.031151603635554748,-361.9938757458048,0.7513944145409158,-0.5333333333333333,188.5207916718873,0.0,0.0,-0.05203784122922484,-0.4623661728128042,-0.42051352716917,6.551067810538784,0.0,-0.9600095102203641,Drug Manufacturers—Specialty & Generic,Healthcare,ORGO
2020Q4,2020,Q4,2021-03-16,2020-12-31,18494000.0,106807000.0,21771000.0,0.15,81287000.0,0.7610643497149063,294494000.0,146084000.0,174344000.0,68217000.0,148410000.0,27799000.0,-153058000.0,878313220.86,878690220.86,1.252414849138811,2.555726578418869,0.2878530632203033,0.5802894225240273,0.08667432877504919,1.252414849138811,0.12659839544371732,8.22336757759323,11.87294826511301,6.012384798198297,0.0,0.9180186337638044,0.0,0.3626797150366391,2.0698359646422446,0.06279924208982186,50.50389401759531,0.7610643497149063,-0.21052631578947373,8.04848830110482,0.0,-0.966948489482747,0.04435022804650864,-0.11655679755421802,-0.052610966057441255,3.9713480409374546,0.0,-0.9607705852345488,Drug Manufacturers—Specialty & Generic,Healthcare,ORGO
2020Q3,2020,Q3,2020-11-09,2020-09-30,20934000.0,100799000.0,22980000.0,0.19,77835000.0,0.7721802795662656,246428000.0,65474000.0,129010000.0,66245000.0,180954000.0,29882000.0,-171552000.0,403353734.4,481572734.4,0.6233242401337737,1.9474677334138426,0.46557615206064246,1.7523138955921433,0.11689253067963451,0.6233242401337737,0.3197299691480588,4.0015648409210405,4.8169692175408425,6.160517677245929,0.0,0.7684893916069875,0.0,0.409040368789261,1.4103253075703828,0.08494976220234714,311.71076846986085,0.7721802795662656,4.8,119.61186658706009,0.0,176.09678123872456,0.5911320986140071,5.052264808362369,11.204262877442273,1.8734861053270113,0.0,-0.9806254017633603,Drug Manufacturers—Specialty & Generic,Healthcare,ORGO
2020Q2,2020,Q2,2020-08-10,2020-06-30,-5166000.0,68960000.0,-2252000.0,-0.05,48918000.0,0.7093677494199536,216487000.0,35750000.0,117706000.0,66058000.0,180737000.0,28562000.0,-192486000.0,402104544.0,476961544.0,0.34140375195561085,1.781858366889703,0.5326509213024339,3.2255104895104894,-0.01352348789668715,0.34140375195561085,-0.1445034965034965,5.8309823665893274,-19.459182346109177,11.24767955244755,0.0,0.7017015615153,0.0,0.31854106713105174,1.278861000938569,-0.023862864744765275,-34.956493436494824,0.7093677494199536,0.6875,-850.012118878219,0.0,182.631344721018,0.13924404387619646,0.6833200514926746,0.8507027313709892,-2.2010538064912475,0.0,-0.9894847706157905,Drug Manufacturers—Specialty & Generic,Healthcare,ORGO
2020Q1,2020,Q1,2020-05-11,2020-03-31,-16313000.0,61732000.0,-15084000.0,-0.16,42939000.0,0.6955711786431672,208340000.0,40295000.0,111398000.0,54825000.0,168045000.0,26436000.0,-187320000.0,337492764.52,400599764.52,0.3856463417374599,2.0318832649338807,0.5280071037726792,2.7299913140588163,-0.09038550101225616,0.3856463417374599,-0.40483931008810026,5.467063508715091,-5.172144371360265,8.375549435910163,0.0,0.7108866696928431,0.0,0.2963041182682154,1.4522936616507067,-0.07829989440337909,-15.678377985691721,0.6955711786431672,-3.0,-375.50674982393815,0.0,0.0,-0.20855605116673426,-2.70918599363347,-7.599771949828963,-11.240270815347008,0.0,-0.9881328897388743,Drug Manufacturers—Specialty & Generic,Healthcare,ORGO
2019Q4,2019,Q4,2020-03-09,2019-12-31,-4398000.0,74645000.0,-1754000.0,-0.04,54254000.0,0.7268269810436064,220687000.0,55583000.0,125600000.0,59894000.0,165104000.0,22918000.0,-171007000.0,470229616.34999996,510661616.34999996,0.5685610193489039,2.097038100644472,0.45587642226320535,1.8100138531565406,-0.010196582424443233,0.5685610193489039,-0.07912491229332709,6.299546069395136,-26.729741720668486,8.459953877084718,0.0,0.8897373243738547,0.0,0.3382392256906841,1.6618192139446355,-0.019928677266898367,-47.6954677299929,0.7268269810436064,0.6666666666666666,-0.9999074420278194,0.0,-0.9849955463849441,0.2020649621128196,0.5905409179778419,0.7877797943133696,-0.9999074420278194,0.0,-0.9849955463849441,Drug Manufacturers—Specialty & Generic,Healthcare,ORGO
2019Q3,2019,Q3,2019-11-12,2019-09-30,-10741000.0,64265000.0,-8265000.0,-0.12,45134000.0,0.7023107445732514,174640000.0,12808000.0,80843000.0,56729000.0,161832000.0,20184000.0,-166609000.0,606258957.0600001,684132957.0600001,0.13879969775303794,1.4250735955155212,0.5774622079706826,7.873828856964397,-0.06317179832093432,0.13879969775303794,-0.8386164896939413,9.433734646541664,-14.110859255655898,47.33439702217364,0.0,0.9478299643281808,0.0,0.3679855703160788,1.0110701757478537,-0.061503664681630786,-90.10983309453033,0.7023107445732514,-0.09090909090909087,-68.27598291916279,0.0,39.98994896821105,-0.00808755659091908,-0.11317234946626593,-0.1292526301407296,-68.27598291916279,0.0,39.98994896821105,Drug Manufacturers—Specialty & Generic,Healthcare,ORGO
2019Q2,2019,Q2,2019-08-09,2019-06-30,-9649000.0,64948000.0,-7319000.0,-0.11,45502000.0,0.7005912422245488,168074000.0,23198000.0,76146000.0,50399000.0,144876000.0,18717000.0,-155223000.0,725178816.0,795381816.0,0.25591481149940265,1.5108633107799758,0.5369242119542582,3.890119837917062,-0.05620193155658389,0.25591481149940265,-0.4159410293990861,11.165529592905093,-18.788963001347287,31.26040244848694,0.0,1.0389485494470267,0.0,0.386425027071409,1.0753586380682156,-0.05740923640777277,-54.524723007518794,0.7005912422245488,0.35294117647058826,-1835.1843598034723,0.0,137.15008938948606,0.13349774555962435,0.38408017362440955,0.39617193300882764,-1835.1843598034723,0.0,137.15008938948606,Drug Manufacturers—Specialty & Generic,Healthcare,ORGO
2019Q1,2019,Q1,2019-05-10,2019-03-31,-15666000.0,57123000.0,-12121000.0,-0.17,40143000.0,0.7027467044798067,176453000.0,32559000.0,85062000.0,52307000.0,143894000.0,17972000.0,-145574000.0,698557664.97,756061664.97,0.35935457097987844,1.626206817443172,0.49908474211263054,2.7047820879019624,-0.08799663346152965,0.35935457097987844,-0.4811572837003594,12.229008717504334,-11.147671150421294,21.45513268128628,0.0,0.9448030269307812,0.0,0.32372926501674665,1.2057659586671,-0.08878284869058616,-70.74001670582278,0.7027467044798067,0.8131868131868132,-415.97605126524024,0.0,0.0,-0.6887930543738763,0.776164003974182,0.7432299595071888,-415.97605126524024,0.0,0.0,Drug Manufacturers—Specialty & Generic,Healthcare,ORGO
2018Q4,2018,Q4,2019-03-18,2018-12-31,-69988743.0,193449000.0,-47205663.0,-0.91,128991337.0,0.6667976417557082,163678000.0,47041000.0,71131000.0,66388000.0,116637000.0,13321000.0,-130240000.0,781064566.1,819035566.1,0.6113017677707195,1.0714436343917575,0.3620645413555884,1.2597946472226356,-0.38083071339570684,0.6113017677707195,-1.48782430220446,4.03757355220239,-2.7899649737244174,16.603910760825663,0.0,4.838800615569402,0.0,1.181887608597368,0.8340061456889799,-0.42760018450860837,-12.62371068142216,0.6667976417557082,-2.8200000000000003,-39.43215353155747,0.0,-0.983867608388241,58.35530574431955,-15.17806810578297,-19.98974471617666,-39.43215353155747,0.0,-0.983867608388241,Drug Manufacturers—Specialty & Generic,Healthcare,ORGO
2018Q3,2018,Q3,2018-11-09,2018-09-30,4936409.0,0.0,-2248987.0,0.5,-2248987.0,0.0,316309217.0,303171381.0,25011.0,8009631.0,13137836.0,0.0,2829970.0,99688517.27999999,100385812.27999999,30.77680819649964,0.0031226157609507855,0.002213024352053579,0.0023089250630817294,-0.007401114881562341,30.77680819649964,0.01628256923103174,0.0,5.048635418985744,0.3288190229274972,0.0,0.0,0.0,0.0,0.00033771842922601555,0.015606276183852082,-347.7029335974831,0.0,11.5,299.2478281267996,0.0,8646.452406683475,-1.386124747619962,12.827940995215526,-1.386124747619962,299.2478281267996,0.0,8646.452406683475,Drug Manufacturers—Specialty & Generic,Healthcare,ORGO
2018Q2,2018,Q2,2018-08-07,2018-06-30,356988.0,0.0,-942527.0,0.04,-942527.0,0.0,314981071.0,298234973.0,160466.0,5896098.0,16746098.0,0.0,-2106438.0,98214301.61999999,98624890.61999999,30.456835001114168,0.027215626334569067,0.0015080271283984554,0.0015927038845306718,-0.0031553248474901104,30.456835001114168,0.001197002472275443,0.0,68.77983407005277,0.32931852569819164,0.0,0.0,0.0,0.0,0.010924343523462466,0.0011333633442372796,-467.5046011557391,0.0,5.0,629.8816421968261,0.0,16204.442011140492,0.18665075395530978,3.631626281763028,0.18665075395530978,629.8816421968261,0.0,16204.442011140492,Drug Manufacturers—Specialty & Generic,Healthcare,ORGO
2018Q1,2018,Q1,2018-05-10,2018-03-31,-135653.0,0.0,-1158822.0,-0.01,-1158822.0,0.0,313790387.0,297877985.0,269297.0,5062402.0,15912402.0,0.0,-2463426.0,96840580.0,97041087.0,30.75962421951624,0.05319549889558356,0.0009560522324095289,0.0010071237725070552,-0.003886343252336352,30.75962421951624,-0.0004553978703729985,0.0,-178.47113591295437,0.32510150087123757,0.0,0.0,0.0,0.0,0.019653318721034006,-0.00043230451161016607,-427.75430335743596,0.0,0.8127340823970037,-32.781030618267046,0.0,0.0,0.10739481778120805,0.7276629318600221,0.10739481778120805,-32.781030618267046,0.0,0.0,Drug Manufacturers—Specialty & Generic,Healthcare,ORGO
2017Q4,2017,Q4,2018-03-14,2017-12-31,-498107.0,0.0,-1298247.0,-0.0534,-1298247.0,0.0,312792360.0,298013638.0,294439.0,3928722.0,14778722.0,0.0,-2327773.0,92600095.04,92574209.04,31.9254023193279,0.07494523664438461,0.0003197009031806276,0.0003355551130851267,-0.0043548728891094875,31.9254023193279,-0.001671423507134932,0.0,-46.476005677494996,0.3107243536284068,0.0,0.0,0.0,0.0,0.03204248099000133,-0.0015924525778059286,-1008.2543394089851,0.0,0.7678260869565218,-1.3721516981501212,0.0,-0.15748142777900656,0.5449746261212681,0.7647112450950707,0.5449746261212681,-1.3721516981501212,0.0,-0.15748142777900656,Drug Manufacturers—Specialty & Generic,Healthcare,ORGO
2017Q3,2017,Q3,2017-11-14,2017-09-30,-2117003.0,0.0,-2853131.0,-0.23,-2853131.0,0.0,312057811.0,298511745.0,360030.0,2696066.0,13546066.0,0.0,-1829666.0,92785500.0,92667772.0,32.172240813489175,0.13353901573626165,0.0,0.0,-0.009557851735448467,32.172240813489175,-0.007091858311973621,0.0,-10.957176253411072,0.3108269659540532,0.0,0.0,0.0,0.0,0.05840806567791738,-0.006784009005305751,-170.6462766446582,0.0,-6.75,-134.79136046205883,0.0,9038.440627160766,-11.863066255500252,-6.5661681574615995,-11.863066255500252,-134.79136046205883,0.0,9038.440627160766,Drug Manufacturers—Specialty & Generic,Healthcare,ORGO
2017Q2,2017,Q2,2017-08-11,2017-06-30,380334.0,0.0,-221808.0,0.04,-221808.0,0.0,311564573.0,300628748.0,602920.0,85825.0,10935825.0,0.0,287337.0,91204696.0,90918238.0,32.46755153703928,7.024992717739586,0.0,0.0,-0.0007378136704344722,32.46755153703928,0.001265128509932124,0.0,59.950396230681456,0.3033798218126498,0.0,0.0,0.0,0.0,10.173154675211185,0.0012207228708252399,520.4024695021054,0.0,1.0,709.5545329266818,0.0,17274.169997962235,-0.014452453258204968,1.7000276864755117,-0.014452453258204968,709.5545329266818,0.0,17274.169997962235,Drug Manufacturers—Specialty & Generic,Healthcare,ORGO
2017Q1,2017,Q1,2017-05-12,2017-03-31,140863.0,0.0,-218648.0,0.02,-218648.0,0.0,311239237.0,300248414.0,879726.0,140823.0,10990823.0,0.0,-92997.0,91283740.60000001,90797540.60000001,32.49707243394888,6.247033510151041,0.0,0.0,-0.0007282236634895264,32.49707243394888,0.0004691548512226279,0.0,162.00801594457027,0.304027386469392,0.0,0.0,0.0,0.0,6.005489160151396,0.00045258753799091214,-722.8105202312139,0.0,1.8888888888888888,37.76726491057938,0.0,0.0,-0.22728395338916454,1.7906722198522642,-2.2272839533891644,37.76726491057938,0.0,0.0,Drug Manufacturers—Specialty & Generic,Healthcare,ORGO
2016Q4,2016,Q4,2017-03-28,2016-12-31,-178156.0,0.0,178156.0,-0.0225,-178156.0,0.0,311435911.0,300107551.0,1435911.0,478360.0,11328360.0,0.0,-233860.0,77219875.4906,76179807.4906,37.89281728848802,3.0017371853833934,0.0,0.0,0.0005936405112312552,37.89281728848802,-0.0005936405112312552,0.0,-108.35991419121444,0.25730733942978995,0.0,0.0,0.0,0.0,2.174236976335814,-0.0005720470687787832,-143.59889593173,0.0,0.0,0.0,0.0,0.0,-11.293403256969363,-11.293403256969363,13.293403256969363,0.0,0.0,0.0,Drug Manufacturers—Specialty & Generic,Healthcare,ORGO
2016Q3,2016,Q3,2016-11-18,2016-09-30,-14492.0,0.0,-14492.0,0.0,-14492.0,0.0,821880.0,-30704.0,171834.0,852584.0,852584.0,0.0,-55704.0,84094612.5,84222778.5,-0.0035598840579710144,0.2015449504095784,0.36501679077237553,-9.770713913496612,-0.053814390113481075,-0.0035598840579710144,0.47199062011464304,0.0,-1450.7075024151254,-2738.8813346795205,0.0,0.0,0.0,0.0,0.2015449504095784,-0.017632744439577554,-3434.3956750796374,0.0,0.0,0.0,0.0,0.0,-27.984,-27.984,-27.984,0.0,0.0,0.0,Drug Manufacturers—Specialty & Generic,Healthcare,ORGO
2016Q2,2016,Q2,2016-06-30,2016-06-30,-500.0,0.0,-500.0,0.0,-500.0,0.0,593501.0,-16212.0,106062.0,609713.0,609713.0,0.0,-41212.0,84094612.5,84163550.5,-0.0018796521739130436,0.17395397506695773,0.294860497286441,-10.79447322970639,-0.0031488525581278184,-0.0018796521739130436,0.0308413520848754,0.0,-42047.30625,-5187.183105107328,0.0,0.0,0.0,0.0,0.17395397506695773,-0.0008424585636755456,348940.3008298755,0.0,0.0,0.0,0.0,0.0,0.9678456591639871,0.9678456591639871,0.9678456591639871,0.0,0.0,0.0,Drug Manufacturers—Specialty & Generic,Healthcare,ORGO
2016Q1,2016,Q1,2016-03-31,2016-03-31,-15550.0,0.0,-15550.0,0.0,-15550.0,0.0,,,,,,,,365628750.0,,,0.0,0.0,0.0,0.0,,0.0,0.0,-5878.275723472669,0.0,0.0,0.0,0.0,0.0,0.0,0.0,-1517131.7427385892,0.0,0.0,0.0,0.0,0.0,0.0,0.0,0.0,0.0,0.0,0.0,Drug Manufacturers—Specialty & Generic,Healthcare,ORGO
