Year,Date,FillingDate,NetIncome,Revenue,OperatingIncome,EPSDiluted,GrossProfit,GrossProfitRatio,TotalAssets,CommonStockEquity,CurrentAssets,CurrentLiability,TotalLiability,Inventory,RetainedEarnings,EnterpriseValue,bookValuePerShare,currentRatio,debtToAssets,debtToEquity,roic,shareholdersEquityPerShare,roe,priceToSalesRatio,peRatio,pbRatio,payoutRatio,inventoryTurnover,dividendYield,assetTurnover,quickRatio,returnOnAssets,priceToFreeCashFlowsRatio,grossProfitMargin,epsdilutedGrowth,fiveYNetIncomeGrowthPerShare,fiveYRevenueGrowthPerShare,fiveYShareholdersEquityGrowthPerShare,grossProfitGrowth,netIncomeGrowth,operatingIncomeGrowth,threeYNetIncomeGrowthPerShare,threeYRevenueGrowthPerShare,threeYShareholdersEquityGrowthPerShare,Industry,Sector,Price,MarketCap,AvgVolume,Symbol
2022,2022-12-31,2023-03-01,15532000.0,450893000.0,22304000.0,0.12,345874000.0,0.7670866481,449359000.0,265669000.0,222609000.0,75023000.0,183690000.0,24783000.0,-45301000.0,371201921.39,2.0425042529523916,2.9672100555829544,0.2754835220836792,0.46595952105815885,0.038601461814101755,2.0425042529523916,0.058463727420210866,0.7759910253430414,22.526971503347927,1.317010721574591,0.0,4.237541863374087,0.0,1.0034137515883736,2.5582554683230474,0.03456479118032575,-38.70880865029317,0.7670866480517551,-0.8285714285714285,1.5323418351165439,0.0,-0.9360225994171468,-0.022568247329452326,-0.8363364312659375,-0.6941221646232755,1.2740469719953946,0.23317212216073574,2.4115991200242064,Drug Manufacturers—Specialty & Generic,Healthcare,3.465,454822830,1029973,ORGO
2021,2021-12-31,2022-03-01,94902000.0,468059000.0,72918000.0,0.7,353860000.0,0.7560158014,443259000.0,242035000.0,226979000.0,82005000.0,201224000.0,25022000.0,-60133000.0,1204152643.28,1.8860209809596935,2.7678678129382357,0.2984778650856497,0.5466275538661763,0.250426484370982,1.8860209809596935,0.39210031606998985,2.5333956686657024,12.494769797053802,4.8992031866465595,0.0,4.563943729518024,0.0,1.0559492305852787,2.3948417779403695,0.2141005597179076,38.551877341829766,0.7560158014267432,3.6666666666666665,29.063733788947534,0.0,-0.9502274806699931,0.4099187581431116,4.287314056493398,1.6597847893488966,1.7906966016628922,0.30692702684792295,1.7791939453610968,Drug Manufacturers—Specialty & Generic,Healthcare,3.465,454822830,1029973,ORGO
2020,2020-12-31,2021-03-16,17949000.0,338298000.0,27415000.0,0.15,250979000.0,0.7418873301,294494000.0,146084000.0,174344000.0,68217000.0,148410000.0,27799000.0,-153058000.0,811643658.08,1.3559197941196868,2.555726578418869,0.2878530632203033,0.5802894225240273,0.10828374219622884,1.3559197941196868,0.12286766517893814,2.398082927123424,45.19843211766672,5.55342582404644,0.0,3.14108421166229,0.0,1.1487432681141212,2.0698359646422446,0.06094861015844126,-56.55790979364195,0.74188733010541,1.3409090909090908,0.0,0.0,0.0,0.35640129058059916,1.4436891283927424,1.9306154316168234,1.7426988190647108,0.0,-0.9575284978226006,Drug Manufacturers—Specialty & Generic,Healthcare,3.465,454822830,1029973,ORGO
2019,2019-12-31,2020-03-09,-40454000.0,260981000.0,-29459000.0,-0.44,185033000.0,0.7089903096,220687000.0,55583000.0,125600000.0,59894000.0,165104000.0,22918000.0,-171007000.0,486994328.80999994,0.598694096549626,2.097038100644472,0.45587642226320535,1.8100138531565406,-0.17025074132551202,0.598694096549626,-0.7278124606444416,1.7110913392545815,-11.038768201166757,8.034153046974794,-1.4311810945765562,3.3139017366262324,0.12965043458610587,1.1825843842183725,1.6618192139446355,-0.18330939294113383,-11.230881967959357,0.708990309639399,0.5319148936170213,0.0,0.0,0.0,0.48452756316139955,0.37600839104749273,0.4286019086042362,-15.535837753585612,0.0,-0.9842003276771001,Drug Manufacturers—Specialty & Generic,Healthcare,3.465,454822830,1029973,ORGO
2018,2018-12-31,2019-03-18,-64831000.0,193449000.0,-51556000.0,-0.94,124641000.0,0.6443093528526899,163678000.0,47041000.0,71131000.0,66388000.0,116637000.0,13321000.0,-130240000.0,741553328.4,0.6786215780686171,1.0714436343917575,0.3620645413555884,1.2597946472226356,-0.4164546585008679,0.6786215780686171,-1.3781807359537426,3.6370429849727834,-10.852560170288905,14.956789362471037,0.0,5.165377974626529,0.0,1.181887608597368,0.8340061456889799,-0.39608866188492037,-11.240052533708225,0.6443093528526899,-3.2727272727272725,0.0,0.0,0.0,28.14405616579345,-29.961649313987735,-10.227757797864644,0.0,0.0,0.0,Drug Manufacturers—Specialty & Generic,Healthcare,3.465,454822830,1029973,ORGO
2017,2017-12-31,2018-03-14,-2093913.0,0.0,-4591834.0,-0.22,-4591834.0,0.0,312792360.0,298013638.0,294439.0,3928722.0,14778722.0,0.0,-2327773.0,92574209.04,31.9254023193279,0.07494523664438461,0.0003197009031806276,0.0003355551130851267,-0.015402965227642488,31.9254023193279,-0.007026232135054168,0.0,-44.223468233876005,0.3107243536284068,0.0,0.0,0.0,0.0,0.03204248099000133,-0.0066942587728165736,-157.85793318831784,0.0,-6.333333333333334,0.0,0.0,0.0,-21.00229039089977,-9.033220251272173,-23.00229039089977,0.0,0.0,0.0,Drug Manufacturers—Specialty & Generic,Healthcare,3.465,454822830,1029973,ORGO
2016,2016-12-31,2017-03-28,-208698.0,0.0,208698.0,-0.03,-208698.0,0.0,311435911.0,300107551.0,1435911.0,478360.0,11328360.0,0.0,-233860.0,76179807.4906,37.89281728848802,3.0017371853833934,0.0,0.0,0.0006954106929485423,37.89281728848802,-0.0006954106929485423,0.0,-370.0077408053743,0.25730733942978995,0.0,0.0,0.0,0.0,2.174236976335814,-0.0006701153997619755,-137.34497172987,0.0,0.0,0.0,0.0,0.0,0.0,0.0,0.0,0.0,0.0,0.0,Drug Manufacturers—Specialty & Generic,Healthcare,3.465,454822830,1029973,ORGO
2015,,,,,,,,,416271.0,-162.0,126062.0,416433.0,416433.0,0.0,-25162.0,48938.0,0.0,0.30271856457101143,0.4203992110908519,-1080.2469135802469,,0.0,,0.0,0.0,0.0,0.0,0.0,,,0.30271856457101143,,0.0,0.0,0.0,0.0,0.0,0.0,0.0,0.0,0.0,0.0,0.0,0.0,Drug Manufacturers—Specialty & Generic,Healthcare,3.465,454822830,1029973,ORGO
TTM,,,,,,,,,,,,,,,,488482830.0,2.0116972312399666,2.850070981649929,0.27427052254279805,0.4639876223450044,0.025849160438862043,2.0116972312399666,0.051826633066784096,0.9857067344576935,33.70477211821015,1.7224261912734498,0.0,4.171893966091076,0.0,1.034321362363738,2.3754534938745464,0.03020799942614664,-27.70438143387951,0.7690900658405178,,,,,,,,,,,Drug Manufacturers—Specialty & Generic,Healthcare,3.465,454822830,1029973,ORGO
