Quarters,Year,Quarter,FillingDate,Date,NetIncome,Revenue,OperatingIncome,EPSDiluted,GrossProfit,GrossProfitRatio,TotalAssets,CommonStockEquity,CurrentAssets,CurrentLiability,TotalLiability,Inventory,RetainedEarnings,MarketCap,EnterpriseValue,bookValuePerShare,currentRatio,debtToAssets,debtToEquity,roic,shareholdersEquityPerShare,roe,priceToSalesRatio,peRatio,pbRatio,payoutRatio,inventoryTurnover,dividendYield,assetTurnover,quickRatio,returnOnAssets,priceToFreeCashFlowsRatio,grossProfitMargin,epsdilutedGrowth,fiveYNetIncomeGrowthPerShare,fiveYRevenueGrowthPerShare,fiveYShareholdersEquityGrowthPerShare,grossProfitGrowth,netIncomeGrowth,operatingIncomeGrowth,threeYNetIncomeGrowthPerShare,threeYRevenueGrowthPerShare,threeYShareholdersEquityGrowthPerShare,Industry,Sector,Symbol
2023Q1,2023,Q1,2023-05-22,2023-03-31,4470547.0,0.0,-314409.0,0.13,0.0,0.0,48310623.0,31245312.0,207346.0,5687050.0,17065311.0,0.0,-16858739.0,343003825.135,342850479.135,0.912298279929793,0.03645932425422671,0.0,0.0,-0.0216476523600491,0.912298279929793,0.14307896813448368,0.0,19.181311880570767,10.977769245351112,0.0,0.0,0.0,0.0,8.329550118251115,0.09253755638796048,-3139.2782956105507,0.0,-0.7045454545454546,4.5909989438782866,0.0,-0.875952223213331,1.0,-0.7401342138469776,0.6185449313060822,4.5909989438782866,0.0,-0.875952223213331,Shell Companies,Financial Services,DHCA
2022Q4,2022,Q4,2023-03-30,2022-12-31,17203292.0,0.0,-824236.0,0.44,-5390808.0,0.0,314188855.0,297752737.0,275638.0,5440933.0,16436118.0,0.0,-16161254.0,389524569.2001,389311961.2001,7.697588480801098,0.050660061426964824,0.0,0.0,-0.014549261131804131,7.697588480801098,0.05777710785577094,0.0,5.660610905170068,1.308214907190257,0.0,0.0,0.0,0.0,57.734091744926836,0.05475462202502377,-2846.5902937035494,0.0,24.91304347826087,1.6665766365744819,0.0,-0.11560513504559106,-1.057374984543377,25.185501036122286,0.6854344417831065,1.6665766365744819,0.0,-0.11560513504559106,Shell Companies,Financial Services,DHCA
2022Q3,2022,Q3,2022-11-14,2022-09-30,-711306.0,0.0,-2620236.0,-0.0184,-2620236.0,0.0,312332597.0,294479583.0,1037077.0,5378136.0,17853014.0,0.0,-16816711.0,382558452.6,382209005.6,7.612962296549189,0.19283205184844712,0.0,0.0,-0.003799499527185039,7.612962296549189,-0.002415467968113769,0.0,-134.45635654697134,1.2991000893939735,0.0,0.0,0.0,0.0,57.946929382224624,-0.0022773991790552683,-6807.332157728033,0.0,-1.1226666666666667,-1.1490233428128114,0.0,0.02183230322951243,-9.757453587000255,-1.1230432687267924,-9.757453587000255,-1.1490233428128114,0.0,0.02183230322951243,Shell Companies,Financial Services,DHCA
2022Q2,2022,Q2,2022-08-15,2022-06-30,5780942.0,0.0,-243574.0,0.15,-243574.0,0.0,310575138.0,296145354.0,676347.0,2397170.0,14429784.0,0.0,-13754211.0,75815426.4,75409781.4,38.28013119504133,0.2821439447348332,0.0,0.0,-0.0017173199917345854,38.28013119504133,0.019520623646184232,0.0,3.278679599276381,0.2560074820555855,0.0,0.0,0.0,0.0,0.1698440244121193,0.018613666365013416,-288.2343210383449,0.0,-0.21052631578947373,9.901343606704792,0.0,0.04491896047354094,0.0,-0.2149783257971764,0.8569535848227762,9.901343606704792,0.0,0.04491896047354094,Shell Companies,Financial Services,DHCA
2022Q1,2022,Q1,2022-05-13,2022-03-31,7364054.0,0.0,-1702762.0,0.19,0.0,0.0,310523480.0,293376670.0,1042551.0,2519800.0,17146810.0,0.0,-16074824.0,379077132.0,378408453.0,7.584449504593171,0.41374355107548216,0.0,0.0,-0.015099403098663648,7.584449504593171,0.0251010211548178,0.0,12.869172740992937,1.292117508866673,0.0,0.0,0.0,0.0,0.2653698706246527,0.023714966739391174,-1966.2186882439896,0.0,0.11764705882352934,6.23742812353936,0.0,0.03127904534462066,0.0,0.32267786779568836,-1.0007872664932331,6.23742812353936,0.0,0.03127904534462066,Shell Companies,Financial Services,DHCA
2021Q4,2021,Q4,2022-03-11,2021-12-31,5567534.0,0.0,-851046.0,0.17,0.0,0.0,310700860.0,290546024.0,1250140.0,1024627.0,20154836.0,0.0,-18905470.0,324802452.31,323940978.31,8.70379146898135,1.2200927752245452,0.0,0.0,-0.006915319305629271,8.70379146898135,0.019162313506654628,0.0,14.584664068059576,1.117903621045594,0.0,0.0,0.0,0.0,0.840768396694602,0.01791927450731871,61110.52724553151,0.0,0.4166666666666668,0.0,0.0,0.0,0.0,0.16643544115188436,-0.5494072153687062,0.0,0.0,0.0,Shell Companies,Financial Services,DHCA
2021Q3,2021,Q3,2021-11-12,2021-09-30,4773118.0,0.0,-549272.0,0.12,0.0,0.0,310985656.0,288187780.0,1534936.0,458377.0,22797876.0,0.0,-21263714.0,377916691.8,376936752.8,7.4503049790932785,3.3486322394011916,0.0,0.0,-0.0019059517374400816,7.4503049790932785,0.01656252739099486,0.0,19.79401576705206,1.3113557132783353,0.0,0.0,0.0,0.0,2.137845048944428,0.015348354201905699,-4490.134873939595,0.0,6.999999999999999,0.0,0.0,0.0,0.0,8.349522516113733,0.2701645103554758,0.0,0.0,0.0,Shell Companies,Financial Services,DHCA
2021Q2,2021,Q2,2021-08-16,2021-06-30,-649446.0,0.0,-752597.0,-0.02,0.0,0.0,311276736.0,283414662.0,1826016.0,200185.0,27862074.0,0.0,-2058442.0,75047988.6144,73966883.6144,36.634545494028906,9.121642480705347,0.0,0.0,-0.002655462475685185,36.634545494028906,-0.002291504594070719,0.0,-28.8892335214937,0.2647992453347385,0.0,0.0,0.0,0.0,5.400529510203063,-0.00208639427522139,-121.7396479827662,0.0,0.5,0.0,0.0,0.0,0.0,0.537430306069248,-3.7032609239076093,0.0,0.0,0.0,Shell Companies,Financial Services,DHCA
2021Q1,2021,Q1,2021-07-21,2021-03-31,-1403996.0,0.0,-160016.0,-0.04,0.0,0.0,311896886.0,284064108.0,2446166.0,67738.0,27832778.0,0.0,-1408996.0,374662500.0,373088712.0,7.354410563106796,36.11216746877676,0.0,0.0,-0.0005633094625245651,7.354410563106796,-0.004942532197696726,0.0,-66.71359818688943,1.3189364282516112,0.0,0.0,0.0,0.0,23.23345832472172,-0.004501474888082082,-392.3759184630981,0.0,0.0,0.0,0.0,0.0,0.0,0.0,0.0,0.0,0.0,0.0,Shell Companies,Financial Services,DHCA
