Quarters,Year,Quarter,FillingDate,Date,NetIncome,Revenue,OperatingIncome,EPSDiluted,GrossProfit,GrossProfitRatio,TotalAssets,CommonStockEquity,CurrentAssets,CurrentLiability,TotalLiability,Inventory,RetainedEarnings,MarketCap,EnterpriseValue,bookValuePerShare,currentRatio,debtToAssets,debtToEquity,roic,shareholdersEquityPerShare,roe,priceToSalesRatio,peRatio,pbRatio,payoutRatio,inventoryTurnover,dividendYield,assetTurnover,quickRatio,returnOnAssets,priceToFreeCashFlowsRatio,grossProfitMargin,epsdilutedGrowth,fiveYNetIncomeGrowthPerShare,fiveYRevenueGrowthPerShare,fiveYShareholdersEquityGrowthPerShare,grossProfitGrowth,netIncomeGrowth,operatingIncomeGrowth,threeYNetIncomeGrowthPerShare,threeYRevenueGrowthPerShare,threeYShareholdersEquityGrowthPerShare,Industry,Sector,Symbol
2023Q1,2023,Q1,2023-05-15,2023-03-31,1071496.0,0.0,1074285.0,0.03,0.0,0.0,22717320.0,10574003.0,1249495.0,1351651.0,12143317.0,0.0,-11009133.0,243925653.24,243105424.24,0.4178871207929372,0.9244213188167656,0.007581660160617538,0.016288533301910355,0.0668744516830875,0.4178871207929372,0.10133305239274096,0.0,56.91240406870394,23.06843049316328,0.0,0.0,0.0,0.0,0.7342605450667369,0.04716647914454698,-404.6288608879998,0.0,-0.8965517241379312,0.0,0.0,0.0,0.0,-0.5443486691869687,3.504657099891587,0.0,0.0,0.0,Shell Companies,Financial Services,GAMCU
2022Q4,2022,Q4,2023-03-31,2022-12-31,2351570.0,0.0,-428915.0,0.29,0.0,0.0,291067513.0,280272194.0,421046.0,586986.0,10795319.0,0.0,-10086295.0,287787500.0,287527601.0,9.748598052173913,0.7173016051490155,0.00030525564012360255,0.00031701325319485673,-0.0012624162647890658,9.748598052173913,0.008390307887624415,0.0,30.59525125767041,1.0268143118043311,0.0,0.0,0.0,0.0,0.5941351241767265,0.00807912217946494,-390.7883730656629,0.0,6.249999999999999,0.0,0.0,13.670270733331435,0.0,0.5857475111956578,-0.04112658141815463,0.0,0.0,13.670270733331435,Shell Companies,Financial Services,GAMCU
2022Q3,2022,Q3,2022-11-14,2022-09-30,1482941.0,0.0,-411972.0,0.04,0.0,0.0,289611894.0,277920624.0,516829.0,756681.0,11691270.0,0.0,-10563707.0,281750000.0,281754693.0,9.666804313043478,0.6830209824219189,0.0012438612068881398,0.0012961866406862989,-0.0012585302244559134,9.666804313043478,0.005335843661606056,0.0,47.498518147384154,1.0137786679696,0.0,0.0,0.0,0.0,0.4698730376473045,0.005120442325479906,-988.2774683260141,0.0,-0.9420289855072463,-0.6704453986524836,0.0,0.026208858267999263,0.0,-0.6991206588363237,-0.7294633261687264,-0.6704453986524836,0.0,0.026208858267999263,Shell Companies,Financial Services,GAMCU
2022Q2,2022,Q2,2022-08-15,2022-06-30,4928690.0,0.0,-238208.0,0.69,0.0,0.0,288143966.0,276437683.0,489596.0,533753.0,11706283.0,0.0,-11063036.0,280887500.0,281084831.0,9.61522375652174,0.917270722600154,0.001519958949964616,0.0015843245220659732,-0.0018080715175312551,9.61522375652174,0.017829298619899084,0.0,14.247573898946778,1.016096998613608,0.0,0.0,0.0,0.0,0.4508377470477918,0.017104956485536817,-951.4546827948066,0.0,-0.349056603773585,3.0008919441963102,0.0,-0.050022979841273324,0.0,-0.35197519969202096,0.10009671179883946,3.0008919441963102,0.0,-0.050022979841273324,Shell Companies,Financial Services,GAMCU
2022Q1,2022,Q1,2022-05-16,2022-03-31,7605712.0,0.0,-264704.0,1.06,0.0,0.0,288397895.0,274092442.0,873802.0,750851.0,14305453.0,0.0,-13408277.0,282037500.0,282010712.0,9.53365015652174,1.163748866286387,0.0017651550473348635,0.0018572821500857,-0.001999361876106056,9.53365015652174,0.027748711144687455,0.0,9.270581768018564,1.028986782495812,0.0,0.0,0.0,0.0,0.7136635630770952,0.026372286801885293,-852.7030418101507,0.0,0.0,0.0,0.0,0.0,0.0,0.0,0.0,0.0,0.0,0.0,Shell Companies,Financial Services,GAMCU
2021Q4,2021,Q4,2022-03-31,2021-12-31,0.0,0.0,0.0,0.0,0.0,0.0,288235799.0,-17074517.0,718796.0,463441.0,17810316.0,0.0,-17075236.0,217701371.61,217334759.61,-0.7694072413566085,1.5509978616479767,0.0,0.0,,-0.7694072413566085,0.0,0.0,0.0,-12.750074957317974,0.0,0.0,0.0,0.0,0.7910650978225923,0.0,-237.3641424415752,0.0,-1.0,0.0,0.0,0.0,0.0,-1.0,1.0,0.0,0.0,0.0,Shell Companies,Financial Services,GAMCU
2021Q3,2021,Q3,2022-02-17,2021-09-30,4499834.0,0.0,-172751.0,0.13,0.0,0.0,288634938.0,270822671.0,1125081.0,312267.0,17812267.0,0.0,-16678048.0,284625000.0,284060810.0,9.419918991304348,3.602945556206708,0.0004897778521878041,0.0005219910116018316,-0.0006375421671269897,9.419918991304348,0.016615425818616195,0.0,15.813083327073844,1.0509644519383683,0.0,0.0,0.0,0.0,2.259467058638921,0.015590053065578638,-7738.791157997771,0.0,1.393939393939394,0.0,0.0,0.0,0.0,2.9960175762484664,0.20272939569314835,0.0,0.0,0.0,Shell Companies,Financial Services,GAMCU
2021Q2,2021,Q2,2021-08-16,2021-06-30,-2254406.0,0.0,-216678.0,-0.33,0.0,0.0,288755871.0,266322837.0,1251932.0,266367.0,22433034.0,0.0,1166315.0,261546250.0,260940281.0,10.121532997624703,4.700026654953504,0.0004895727297610514,0.0005308106566918255,-0.0008131598794410674,10.121532997624703,-0.008464936861573008,0.0,-29.00389836613281,0.982064673635179,0.0,0.0,0.0,0.0,2.8056628636430188,-0.007807307924831769,-1928.4658320061346,0.0,0.0,0.0,0.0,0.0,0.0,-1.6590441021059594,-1.859001425027709,0.0,0.0,0.0,Shell Companies,Financial Services,GAMCU
2021Q1,2021,Q1,2021-03-31,2021-03-31,3420721.0,0.0,-75788.0,0.0,0.0,0.0,251428610.0,233597243.0,1428610.0,226367.0,17831367.0,0.0,3420721.0,0.0,-741593.0,0.0,6.311034735628426,0.000562255027381331,0.0006051740944562433,-0.00032424253742246523,0.0,0.014643670259413122,0.0,0.0,0.0,0.0,0.0,,0.0,3.900568545768597,0.0136051382537572,0.0,0.0,0.0,0.0,0.0,0.0,0.0,0.0,0.0,0.0,0.0,0.0,Shell Companies,Financial Services,GAMCU
