Quarters,Year,Quarter,FillingDate,Date,NetIncome,Revenue,OperatingIncome,EPSDiluted,GrossProfit,GrossProfitRatio,TotalAssets,CommonStockEquity,CurrentAssets,CurrentLiability,TotalLiability,Inventory,RetainedEarnings,MarketCap,EnterpriseValue,bookValuePerShare,currentRatio,debtToAssets,debtToEquity,roic,shareholdersEquityPerShare,roe,priceToSalesRatio,peRatio,pbRatio,payoutRatio,inventoryTurnover,dividendYield,assetTurnover,quickRatio,returnOnAssets,priceToFreeCashFlowsRatio,grossProfitMargin,epsdilutedGrowth,fiveYNetIncomeGrowthPerShare,fiveYRevenueGrowthPerShare,fiveYShareholdersEquityGrowthPerShare,grossProfitGrowth,netIncomeGrowth,operatingIncomeGrowth,threeYNetIncomeGrowthPerShare,threeYRevenueGrowthPerShare,threeYShareholdersEquityGrowthPerShare,Industry,Sector,Symbol
2023Q1,2023,Q1,2023-05-11,2023-03-31,-13714000.0,37703000.0,-12885000.0,-0.32,14039000.0,0.3723576373,446470000.0,-260629000.0,132789000.0,47319000.0,88363000.0,41329000.0,-260629000.0,935850561.0,959963561.0,-6.057249935227639,2.8062511887402524,0.0967993370215244,-0.16582191544302438,0.0651418508231186,-6.057249935227639,0.05261885668901005,24.821647110309524,-17.06013127096398,-3.59073840977021,0.0,0.5725761571777687,0.0,0.08444688332922705,1.8011369640102284,-0.030716509507917666,-155.79333460962212,0.3723576373232899,0.7217391304347825,-1741.3514546427684,2.238350499207711,-9.155383479263238,0.004795304895505296,0.7212034966456596,-0.2618744491234943,-1.3001920632126047,0.5137933930258332,-2.8796285562086252,Medical Instruments & Supplies,Healthcare,BLFS
2022Q4,2022,Q4,2023-03-31,2022-12-31,-49190000.0,44259000.0,-10211000.0,-1.15,13972000.0,0.3156872049,450229000.0,-246915000.0,138452000.0,44582000.0,86041000.0,34904000.0,-246915000.0,778796928.0,803067928.0,-5.770250033651905,3.1055582970705666,0.09709059167668009,-0.17703663203936576,0.05506968833680356,-5.770250033651905,0.19921835449446165,17.596351657290043,-3.958105956495223,-3.1541094222708215,0.0,0.8677228970891588,0.0,0.09830330787221614,2.16764613521152,-0.10925551219490526,228.52022535211267,0.3156872048622879,-3.9999999999999996,-16.603412396356404,3.5352516156590172,-8.85787869060633,0.01703304702285631,-3.940243045093904,-0.12729079266946347,-0.9362539643050981,1.569974416196243,-3.737244931046137,Medical Instruments & Supplies,Healthcare,BLFS
2022Q3,2022,Q3,2022-11-09,2022-09-30,-9957000.0,40747000.0,-9058000.0,-0.23,13738000.0,0.3371536555,487679000.0,408249000.0,135874000.0,36948000.0,79430000.0,33747000.0,-194597000.0,970241249.25,987044249.25,9.572531323708818,3.677438562303778,0.0898931469265644,0.10738299420206786,-0.018192163105058078,9.572531323708818,-0.02438952697985788,23.811354191719637,-24.360782596414584,2.3765918575428233,0.0,0.8003378078051382,0.0,0.08355291082863933,2.545604633539028,-0.0204171186374644,-1021.3065781578947,0.3371536554838393,0.8654970760233919,-4.107871852101398,3.268113205473038,16.5650132865,-0.041913662040588606,0.8627642859111834,-0.038999770589584766,-1.4945905734428462,1.855192421401135,1.4546840008679,Medical Instruments & Supplies,Healthcare,BLFS
2022Q2,2022,Q2,2022-08-09,2022-06-30,-72554000.0,40533000.0,-8718000.0,-1.71,14339000.0,0.3537611329,470379000.0,412313000.0,118057000.0,33298000.0,58066000.0,33335000.0,-184640000.0,586375210.09,588229210.09,9.71057853746247,3.5454681962880654,0.054966314397539004,0.06270721514965573,-0.01816265734677999,9.71057853746247,-0.1759682571250482,14.466612638837491,-2.020478574889048,1.422160373526908,0.0,0.7857807109644518,0.0,0.08617093875364334,2.3365967926001563,-0.15424583155285418,-49.06084421770415,0.3537611329040535,-9.058823529411764,-28.140488677472987,3.8895024165927303,17.65083196746836,0.21785289621199252,-9.268044155108973,0.20434425481427398,-39.37448443567851,1.6809847427856082,2.9499380679560563,Medical Instruments & Supplies,Healthcare,BLFS
2022Q1,2022,Q1,2022-05-10,2022-03-31,-7066000.0,36220000.0,-10957000.0,-0.17,11774000.0,0.3250690226,544012000.0,478520000.0,118701000.0,35040000.0,65492000.0,30200000.0,-112086000.0,954979470.15,921502470.15,11.389521911179486,3.387585616438356,0.04776732866186775,0.05430494023238318,-0.01929013426158993,11.389521911179486,-0.01476636295243668,26.36608145085588,-33.78783859857062,1.9956939524993729,0.0,0.8094701986754967,0.0,0.06657941368940391,2.3896689497716896,-0.012988684073145445,-101.810178054371,0.3250690226394257,0.5142857142857142,-0.708066180403807,3.7234860941277024,51.666753681058466,0.9098134630981346,0.511746821448314,0.29016584607411244,-15.32110156631108,1.7862465219551982,3.787367043228458,Medical Instruments & Supplies,Healthcare,BLFS
2021Q4,2021,Q4,2022-03-31,2021-12-31,-14472000.0,37305000.0,-15436000.0,-0.35,6165000.0,0.1652593486,554057000.0,480137000.0,125859000.0,40381000.0,73920000.0,28345000.0,-105020000.0,1553236791.1200001,1510245791.1200001,11.520913032903746,3.1167875981278326,0.048513059125685626,0.055981938488389775,-0.02487666246394445,11.520913032903746,-0.030141397142898797,41.63615577322075,-26.831757723880603,3.2349866623901096,0.0,1.0986064561651085,0.0,0.06733061760793564,2.304970159233303,-0.02612005623970097,-663.7764064615385,0.1652593486127865,-195.44444444444446,0.27257085892086114,4.092005825398902,45.569212035823476,-0.3100940017905103,-184.18987341772151,-0.409165601606719,-8.164390155428455,2.0211416317963606,3.9169744484315028,Medical Instruments & Supplies,Healthcare,BLFS
2021Q3,2021,Q3,2021-11-15,2021-09-30,79000.0,33800000.0,-10954000.0,0.0018,8936000.0,0.2643786982,559391000.0,489259000.0,130505000.0,35793000.0,70132000.0,29696000.0,-90548000.0,1732618041.6,1685744041.6,11.950378203888143,3.646103986813064,0.05045486967076696,0.0576872372301787,0.0003290964929383781,11.950378203888143,0.00016146866996825812,51.260888804733725,5482.96848607595,3.5413105156982296,0.0,0.8372844827586207,0.0,0.0604228527094644,2.663369932668399,0.00014122501077064165,-5266.316235866261,0.26437869822485205,-0.9905263157894737,1.025257259901373,3.9102706275573262,23.63072222513071,-0.293596837944664,-0.9899695276790249,-18.050434782608697,-0.9729185757453612,1.6941986302208925,3.6989638925947994,Medical Instruments & Supplies,Healthcare,BLFS
2021Q2,2021,Q2,2021-08-16,2021-06-30,7876000.0,31204000.0,-575000.0,0.19,12650000.0,0.405396744,520969000.0,452281000.0,127414000.0,31275000.0,68688000.0,25866000.0,-90627000.0,1694616411.12,1647893411.12,11.87940065840332,4.073988808952838,0.05666939875501229,0.06527579093528138,0.0019369509468812954,11.87940065840332,0.017413952830209536,54.30766604025125,53.790515843067546,3.7468220224152686,0.0,0.7173123018634501,0.0,0.05989607826953235,3.1123581135091927,0.01511798206803092,-174.03886321454246,0.40539674400717857,3.6243093922651934,2.9172255632305726,4.176230254872298,20.883785920290375,0.3606539744003442,8.044722719141324,-4.733766233766234,1.7566200535960663,1.402831195607537,8.174784641811728,Medical Instruments & Supplies,Healthcare,BLFS
2021Q1,2021,Q1,2021-05-17,2021-03-31,-1118000.0,16847000.0,154000.0,-0.0724,9297000.0,0.5518489939,240024000.0,208777000.0,116543000.0,16381000.0,31247000.0,11666000.0,-98503000.0,1196525448.0,1120967448.0,6.281497825694385,7.11452292289848,0.05605272806052728,0.06444196439262946,0.0014198608304624688,6.281497825694385,-0.005354996000517299,71.02305739894344,-267.55935778175314,5.73111716328906,0.0,0.6471798388479342,0.0,0.07018881445188814,6.085159636163849,-0.004657867546578675,-2091.8277062937063,0.5518489938861518,-0.12074303405572756,0.6573562338677109,2.4095851774662944,9.514323327409256,0.16606045403235922,0.47462406015037595,1.1108711303095753,-184.671775316513,0.873261144032829,7.457307217053232,Medical Instruments & Supplies,Healthcare,BLFS
2020Q4,2020,Q4,2021-03-31,2020-12-31,-2128000.0,14726000.0,-1389000.0,-0.0646,7973000.0,0.5414233329,234829000.0,205246000.0,114712000.0,15573000.0,29583000.0,11602000.0,-97385000.0,1314791831.93,1235488831.93,6.227041225211911,7.366082321967508,0.0474941340294427,0.05433967044424739,-0.0024225461431131683,6.227041225211911,-0.01036804614949865,89.2837044635339,-154.46332611959588,6.40593157445212,0.0,0.5820548181348043,0.0,0.06270946092688723,6.322609644898221,-0.009061913136793156,-655.4296270837488,0.5414233328806193,-0.6955380577427822,0.2740676730380874,2.021373679079354,8.005246399414062,0.23554935688826903,-0.8781994704324801,-0.31285444234404536,0.011329570005365925,0.9590452453778794,7.479933150860693,Medical Instruments & Supplies,Healthcare,BLFS
2020Q3,2020,Q3,2020-11-09,2020-09-30,-1133000.0,11279000.0,-1058000.0,-0.0381,6453000.0,0.5721251884,195887000.0,186851000.0,127784000.0,8362000.0,9036000.0,11037000.0,-95257000.0,915644814.8000001,822415814.8000001,5.905639231060493,15.281511600095671,0.0038542629168857555,0.004040652712589176,-0.005973815664183514,5.905639231060493,-0.006063654997832498,81.181382640305,-202.0398973521624,4.9004009333640175,0.0,0.43725650086074114,0.0,0.05757911448947608,11.968309016981584,-0.005783946867326571,-1474.4683008051531,0.5721251884032272,0.9717777777777777,0.5908114609540275,1.6557584915252608,6.84518214591501,0.19037078029883786,0.9308302808302809,0.24751066856330015,0.21655012497552703,0.5925046428120737,9.836489121945508,Medical Instruments & Supplies,Healthcare,BLFS
2020Q2,2020,Q2,2020-08-10,2020-06-30,-16380000.0,9920000.0,-1406000.0,-1.35,5421000.0,0.5464717742,113970000.0,105843000.0,46254000.0,7490000.0,8127000.0,10890000.0,-94124000.0,380834582.25000006,351915582.25000006,4.544054375986229,6.17543391188251,0.008423269281389839,0.00907003769734418,-0.024974379346473664,4.544054375986229,-0.15475751821093506,38.390582888104845,-5.81249362408425,3.598108351520649,0.0,0.4131313131313131,0.0,0.08704044924102834,4.570093457943925,-0.14372203211371415,92.93181606881407,0.5464717741935484,-1.6428571428571428,-7.636419430084063,2.4556574196183485,4.50680491272801,-0.28614695812483537,-1.7342657342657342,-3.5242369838420107,-10.992581234788487,1.181377806506647,7.727635978700926,Medical Instruments & Supplies,Healthcare,BLFS
2020Q1,2020,Q1,2020-05-29,2020-03-31,22308000.0,12162000.0,557000.0,2.1,7594000.0,0.6244038809,94987000.0,67709000.0,26450000.0,25460000.0,27278000.0,10829000.0,-77744000.0,199602761.5,194360761.5,3.2225781605731942,1.0388845247446976,0.012191141945739944,0.01710260083593023,0.015710352683411758,3.2225781605731942,0.3294687559999409,16.412001438908074,2.2368966458221267,2.947950220797826,0.0,0.42183027056976635,0.0,0.1280385736995589,0.5736449332285939,0.23485319043658606,368.9515,0.6244038809406348,4.962264150943396,13.555804324782429,3.667327589208043,2.5985158792409417,0.4531190202831994,2.822846870403661,2.102970297029703,11.78309312702397,2.1715448237979036,13.901655356953489,Medical Instruments & Supplies,Healthcare,BLFS
2019Q4,2019,Q4,2020-05-15,2019-12-31,-12238000.0,8296000.0,-505000.0,-0.53,5226000.0,0.6299421408,92816000.0,43454000.0,24113000.0,7669000.0,49362000.0,10972000.0,-100052000.0,333524164.8,328430164.8,2.1080503130008887,3.144216977441648,0.01458800206860886,0.031159386937911353,-0.009716268557317677,2.1080503130008887,-0.28163115018180146,40.20300925747348,-6.81328985128289,7.67533862935518,0.0,0.2798031352533722,0.0,0.08938114118255473,1.5377493806232885,-0.13185226685054302,-252.28756792738275,0.6299421407907425,-1.7066666666666668,-6.9322711974298565,1.9098154255336726,1.1568380929844875,0.1561946902654867,-2.3136539287247744,-0.03696098562628337,-0.24366117991477068,1.289391568942434,7.52104704965206,Medical Instruments & Supplies,Healthcare,BLFS
2019Q3,2019,Q3,2019-11-12,2019-09-30,9316000.0,6604000.0,-487000.0,0.75,4520000.0,0.6844336766,84228000.0,76962000.0,32067000.0,4944000.0,7266000.0,5694000.0,-60450000.0,328100426.5,308439426.5,3.8997000511366298,6.486043689320389,0.01833119627677257,0.020061848704555494,-0.012486077695643744,3.8997000511366298,0.12104675034432577,49.682075484554815,8.804755970910263,4.263148391413944,0.0,0.36599929750614685,0.0,0.07840623070712827,5.161407766990291,0.11060454955596713,313.07292604961833,0.6844336765596608,24.0,7.684791922922212,2.24105286298386,2.707452628991149,-0.047016656124815516,10.116945107398568,-1.529923830250272,7.178750436822093,0.990250883747754,7.037605762939201,Medical Instruments & Supplies,Healthcare,BLFS
2019Q2,2019,Q2,2019-08-09,2019-06-30,838000.0,6701000.0,919000.0,0.03,4743000.0,0.7078048053,51742000.0,46266000.0,29139000.0,3093000.0,5476000.0,5306000.0,-69766000.0,327270392.01,309148392.01,2.4584128587330807,9.420950533462658,0.028893355494569208,0.032313145722560846,0.017789311155240576,2.4584128587330807,0.018112652920070894,48.83903775705119,97.63436515811456,7.073669476721566,0.0,0.36901620806634,0.0,0.1295079432569286,7.581312641448432,0.01619574040431371,-1838.5977079213483,0.7078048052529473,2.3333333333333335,1.6085322848290375,2.5287570525982015,1.2037251209714868,0.15037593984962405,2.82648401826484,0.8716904276985743,1.4126845414188154,1.2487936927669725,3.5287958754170714,Medical Instruments & Supplies,Healthcare,BLFS
2019Q1,2019,Q1,2019-05-09,2019-03-31,219000.0,5770000.0,491000.0,0.009,4123000.0,0.7145580589,48073000.0,44366000.0,39157000.0,2701000.0,3707000.0,4060000.0,-70604000.0,328398271.17,298232271.17,2.379078480579323,14.497223250647908,0.0344892143198885,0.037370959743948065,0.005281329557734511,2.379078480579323,0.00493621241491232,56.914778365684576,374.8838711986301,7.402025676644277,0.0,0.4056650246305419,0.0,0.12002579410479895,12.865975564605701,0.004555571734653548,331.7154254242424,0.7145580589254766,-0.775,1.0872320934876736,-0.1656087936735672,-0.05885651982463961,0.1006113024211847,-0.7546413674654453,-0.5290217561253551,1.1196253107624958,1.081290560089612,2.9822349796526972,Medical Instruments & Supplies,Healthcare,BLFS
2018Q4,2018,Q4,2019-03-15,2018-12-31,892571.0,5456189.0,1042511.0,0.04,3746100.0,0.6865781226,45467000.0,43148000.0,37564000.0,1939000.0,2319000.0,3509000.0,-71031000.0,221532450.0,190875450.0,2.343089872386641,19.37287261474987,0.0,0.0,0.020102509588963532,2.343089872386641,0.020686265875590987,40.602048426108404,62.048971454371696,5.134246083248355,0.14591780373774188,0.48734368766030206,0.000587913869954492,0.12000327710207404,17.381124290871583,0.0196311830558427,521.807781452274,0.6865781225687013,-0.20000000000000004,1.394395856421002,-0.2791308585903188,1.9831731847108158,0.016092126120085537,-0.2747859265223612,-0.12760439766426387,1.5449899871700687,1.0036888844698193,2.3884634569920165,Medical Instruments & Supplies,Healthcare,BLFS
2018Q3,2018,Q3,2018-11-08,2018-09-30,1230769.0,5293075.0,1194998.0,0.05,3686772.0,0.6965274439,46448976.0,43929643.0,38288948.0,2095365.0,2519333.0,2910927.0,-71863637.0,296584484.04,264203810.04000002,2.5431943034763487,18.273163864052325,0.0,0.0,0.02799315609500295,2.5431943034763487,0.02801682226281693,56.03254895122401,60.24373461632524,6.751352020775585,0.0757721392072761,0.5518183726352465,0.0003144399151623266,0.11395461118453935,16.741720893495884,0.02649722568695594,557.892320848131,0.6965274438771414,0.0,1.6999909159133835,-0.2930258212824243,1.9903563150883086,0.012550414369382668,0.08040095577688473,-0.06987470918941975,1.8141800975115308,1.2828449305187035,2.3784357226377004,Medical Instruments & Supplies,Healthcare,BLFS
2018Q2,2018,Q2,2018-08-09,2018-06-30,1139178.0,5177854.0,1284771.0,0.05,3641075.0,0.703201558,21787020.0,19655100.0,18807407.0,1663728.0,2131920.0,2121881.0,-73014731.0,173205728.29,159039124.29,1.294787956576768,11.304376075897022,0.0,0.0,0.05701168862907705,1.294787956576768,0.05795839247828808,33.451257661958024,38.01112036266501,8.812253730075147,0.09326900624836505,0.7242531508600153,0.0006134323676761118,0.2376577430047799,9.817120947654905,0.05228700391333923,320.11053481826195,0.7032015580199827,249.0,2.328866487419306,-0.2676680863010825,1.5115246673268585,0.48551459311569356,440.1998450813323,292.19283432222727,1.921623271266212,1.7676478127669353,0.5691151756234212,Medical Instruments & Supplies,Healthcare,BLFS
2018Q1,2018,Q1,2018-05-11,2018-03-31,2582.0,3814882.0,4382.0,0.0002,2451053.0,0.6424977234,12293079.0,10471464.0,10243898.0,1311577.0,1821615.0,1836666.0,-74060651.0,72325869.3,65293356.3,0.742730240782602,7.810367214429652,0.0,0.0,0.00031030762000402404,0.742730240782602,0.00024657488198402824,18.9588745602092,7002.892070100696,6.906949142927866,41.15027110766847,0.7425568938500522,0.001469045599151893,0.31032762418593424,6.157723107373795,0.0002100368833552603,206.2005368419552,0.6424977233896094,1.003062787136294,1.0044224490784444,-0.3747750435166318,1.2989403270079685,0.3320498613904648,1.0028768417581047,1.0200769724182168,1.0021657423249166,1.1817804062157344,-0.17062475065825933,Medical Instruments & Supplies,Healthcare,BLFS
2017Q4,2017,Q4,2018-03-09,2017-12-31,-897512.0,3134444.0,-218260.0,-0.0653,1840061.0,0.5870454218,12143203.0,10092586.0,9930881.0,1512898.0,2050617.0,1846746.0,-73957883.0,82464000.0,75800682.0,0.7343266880093131,6.564144443313429,0.0,0.0,-0.034790966442961584,0.7343266880093131,-0.08892785258406517,26.308972181350185,-22.970166415602243,8.170750291352485,0.0,0.7008993115458216,0.0,0.25812333039314256,5.079412491787285,-0.07391064779201995,109.85137613945626,0.587045421771772,-0.4288840262582057,0.4027424940449918,-0.44427693413503005,1.293530232499265,-0.014791557686057675,-0.4832678059994282,-5.747874478281033,0.12750487200165098,0.6488944458240544,-0.2486783813337979,Medical Instruments & Supplies,Healthcare,BLFS
2017Q3,2017,Q3,2017-11-09,2017-09-30,-605091.0,2963411.0,-32345.0,-0.0457,1867687.0,0.630249061,8881486.0,7214543.0,6367032.0,1089343.0,1666943.0,1861058.0,-73293747.0,75590396.08,72759855.08,0.5449771752274168,5.844836750224677,0.0,0.0,-0.008511624012896244,0.5449771752274168,-0.08387100887748537,25.50790156343484,-31.231003303635323,10.477503021327893,0.0,0.5887640256241342,0.0,0.33366161923804194,3.8423673718929665,-0.06812947743204234,1236.7336280492793,0.630249060963869,0.49890350877192985,0.35412558597742355,-0.3373999771564807,1.225364640819287,0.16662918835723825,0.21233852113739438,0.9052030609343997,0.3527176941324386,1.1681312388541392,-0.48188911081811114,Medical Instruments & Supplies,Healthcare,BLFS
2017Q2,2017,Q2,2017-08-11,2017-06-30,-768212.0,2557765.0,-341203.0,-0.0912,1600926.0,0.6259081659,8481722.0,6820958.0,5679147.0,1045091.0,1660764.0,1769070.0,-72868779.0,31310959.8,28996326.8,0.5206512264117819,5.434117220414299,0.0,0.0,-0.07782777126785828,0.5206512264117819,-0.11262523534084215,12.241531102349121,-10.189556984269968,4.590405013489308,0.0,0.5408711922083355,0.0,0.3015619941327952,3.337191689527515,-0.09057264550759858,-217.50821309733038,0.6259081659182919,0.07411167512690356,0.425047921904195,-0.11452680310918426,1.220716664930549,0.11345605331482356,0.3982081264918244,0.2647105092459901,0.1986368879657089,0.934868420743211,-0.5332874285812416,Medical Instruments & Supplies,Healthcare,BLFS
2017Q1,2017,Q1,2017-05-12,2017-03-31,-1276541.0,2366201.0,-464039.0,-0.0985,1437799.0,0.6076402639,8598774.0,2803686.0,5581995.0,1085580.0,5795088.0,1812172.0,-72100567.0,27096095.509999998,28743771.509999998,0.21625638785622955,5.141947161885812,0.4579259787499939,1.4044375868053698,-0.10096767959616042,0.21625638785622955,-0.455308119382841,11.451307606581182,-5.306546266434059,9.66445440395251,0.0,0.5123145043627205,0.0,0.27517888015198444,3.0865518893126254,-0.1484561636344902,-131.21595888619854,0.6076402638660029,0.7947916666666666,-1.0790866082762753,0.08674849605612237,1.0941626873212025,0.05235271772583917,0.79105447238734,0.26032823364012253,0.26861167031386474,-0.5078169914658434,-0.914450787925414,Medical Instruments & Supplies,Healthcare,BLFS
2016Q4,2016,Q4,2017-03-15,2016-12-31,-6109444.0,2249790.0,-627358.0,-0.48,1366271.0,0.6072882358,7926614.0,3166140.0,4628070.0,1133163.0,4760474.0,1757784.0,-71202369.0,20608619.400000002,22046797.400000002,0.2473933427097984,4.084205008458624,0.3587917867578767,0.8982559204583499,-0.17887587210830855,0.2473933427097984,-1.9296190313757446,9.160241355859881,-0.8433099394969493,6.5090676344065646,0.0,0.5026322915671095,0.0,0.2838273694164999,2.2939965388915806,-0.7707507896814453,-21.976502868013785,0.6072882357908961,-5.282722513089005,-4.4217594536716325,0.08076299302805423,1.110130878424085,0.12518632716827174,-5.297006639772256,0.44865097639428403,-2.8843725546829537,-0.5723006122013861,1.1038075848027527,Medical Instruments & Supplies,Healthcare,BLFS
2016Q3,2016,Q3,2016-11-10,2016-09-30,-970214.0,2135197.0,-1137860.0,-0.0764,1214262.0,0.5686885098,10766378.0,6161527.0,4965231.0,3464488.0,4178239.0,1903759.0,-67878835.0,23366930.96,23748754.96,0.48518180241159065,1.4331788708750037,0.16258086052709647,0.2840865584131985,-0.1102169991622059,0.48518180241159065,-0.15746323922625025,10.94368854958114,-6.021076525385122,3.792392853265108,0.0,0.48374557914105726,0.0,0.19832082804449183,0.7734444454707304,-0.09011517150893272,-21.698510768499318,0.5686885097721662,0.3054545454545455,0.24082906222955916,0.16954062305728643,1.223151009860508,0.08692542561314341,0.28454674234541694,0.28611088977965216,0.24945338321466334,-0.6120928949999721,1.1889367482962026,Medical Instruments & Supplies,Healthcare,BLFS
2016Q2,2016,Q2,2016-08-11,2016-06-30,-1356083.0,1989988.0,-1593889.0,-0.11,1117153.0,0.5613868023,10550454.0,6822439.0,4915555.0,2263541.0,3004429.0,1910729.0,-66909834.0,20108865.6,19447205.6,0.5428402883154184,2.1716218084850243,0.06225409825965783,0.09627187579104775,-0.16804697119245895,0.5428402883154184,-0.19876806520366103,10.10501852272476,-3.707159812489354,2.947459933317103,0.0,0.45680732327818335,0.0,0.18861633821634596,1.1497401637522802,-0.12853314179655206,-14.398474005027937,0.5613868023324764,-0.1201629327902241,-0.198441371599712,0.2652681362623287,1.2577112281319496,0.033432561340669666,-0.10882591026909459,-0.06798098673842426,-0.9106672047493848,-0.6600479729203743,1.2144568896256156,Medical Instruments & Supplies,Healthcare,BLFS
2016Q1,2016,Q1,2016-05-16,2016-03-31,-1222990.0,1852017.0,-1492432.0,-0.0982,1081012.0,0.5836944261,10775853.0,7442610.0,5306538.0,1479984.0,2246028.0,2018255.0,-65553751.0,22797880.14,21135449.14,0.5974229277617388,3.5855374112152565,0.0,0.0,-0.164534292473599,0.5974229277617388,-0.1643227308699502,12.309757491426915,-4.660275255725722,3.0631566265060246,0.0,0.38201565213513655,0.0,0.1718673222435384,1.927514756916291,-0.11349356751618642,-10.491653362197267,0.5836944261310776,-0.10461192350956117,0.24299039021499189,0.2113929779290495,1.2943912342113482,-0.051373562487111196,-0.11757067572914544,-0.06275715622423098,-1.370622651780985,-0.6564949821461125,1.2404558150196914,Medical Instruments & Supplies,Healthcare,BLFS
2015Q4,2015,Q4,2016-02-25,2015-12-31,-1094329.0,1819503.0,-1404302.0,-0.0889,1139555.0,0.626300149,12369622.0,8508471.0,6972937.0,1725793.0,2510251.0,1834635.0,-64326923.0,26700851.8,24527593.8,0.6914903767227382,4.040424894526748,0.0,0.0,-0.12891982115991182,0.6914903767227382,-0.12861641063359092,14.674805042915565,-6.099822768107214,3.138149239740019,0.0,0.37061758878469014,0.0,0.14709447063135803,2.754610778928875,-0.08846907367096586,-15.80821622108062,0.6263001489967315,-0.016000000000000143,-0.40406929969657207,0.27776565550163024,1.3604242688999644,0.17071474361608574,-0.028544333005313175,-0.0831919213111517,0.18657591996031625,-0.6396716376170583,1.2764074006361805,Medical Instruments & Supplies,Healthcare,BLFS
2015Q3,2015,Q3,2015-11-12,2015-09-30,-1063959.0,1631926.0,-1296448.0,-0.0875,973384.0,0.59646332,13225577.0,9151891.0,8283091.0,1631901.0,2441176.0,1783383.0,-63207536.0,25652483.25,23300943.25,0.7527727363392782,5.075731309681164,0.0,0.0,-0.11668125939089238,0.7527727363392782,-0.11625564596431491,15.719146119370608,-6.027601451277727,2.802970801334937,0.0,0.36926560363085215,0.0,0.12339166752422219,3.7048319720375193,-0.08044707614646983,-16.052275447902737,0.5964633200279915,-0.07493857493857486,0.002656647414008808,0.27281512469679053,1.4064467269975833,0.1890140817543071,-0.07590477066873497,-0.12161415098665343,-0.2366187726744753,-0.6026771198989297,1.3112944267305502,Medical Instruments & Supplies,Healthcare,BLFS
2015Q2,2015,Q2,2015-08-06,2015-06-30,-988897.0,1496759.0,-1155877.0,-0.0814,818648.0,0.5469471037,13870187.0,10021514.0,9296889.0,1160156.0,1993132.0,1321257.0,-62138848.0,23682313.2,19785908.2,0.8251707565458597,8.013481807618975,0.0,0.0,-0.0991476348177483,0.8251707565458597,-0.09867740542995798,15.82239572302555,-5.987052544400479,2.3631472450170703,0.0,0.5132317179776531,0.0,0.10791195533268585,6.604473881098749,-0.07129658742164038,-13.490582692954023,0.5469471037087467,0.03782505910165478,0.24551154603927455,0.3113265435137135,1.4658225696057139,-0.07248281542629186,0.03356771838611476,0.0039853442734265,0.20161826802252922,-0.44104656642514023,1.3498098691483245,Medical Instruments & Supplies,Healthcare,BLFS
2015Q1,2015,Q1,2015-05-07,2015-03-31,-1023245.0,1500722.0,-1160502.0,-0.0846,882623.0,0.5881322457,15160420.0,10836437.0,10961142.0,1464385.0,2312426.0,1242787.0,-61144469.0,19481946.68,16510106.68,0.8955297874780961,7.485150421508005,0.0,0.0,-0.09510134159064122,0.8955297874780961,-0.09442633219756641,12.981715920736818,-4.759844094034175,1.7978184785275826,0.0,0.49734910326548315,0.0,0.09898947390639573,6.4391106164021075,-0.06749450213120745,-14.441983335557236,0.5881322456790798,-0.13101604278074852,0.2085450483653024,0.20346989779612396,1.5355823709142535,-0.11588018515346482,-0.13201086824247332,-0.1555757804479504,-0.7855474596670226,-0.2615321077083886,1.3899329504254172,Medical Instruments & Supplies,Healthcare,BLFS
2014Q4,2014,Q4,2015-03-12,2015-01-31,-903918.0,1670396.0,-1004263.0,-0.0748,998307.0,0.5976469053,16072918.0,11803977.0,12165762.0,1261776.0,2136601.0,965224.0,-60112987.0,21376578.51,18837820.51,0.9773799525600507,9.641776353330544,0.0,0.0,-0.0772427244916804,0.9773799525600507,-0.07657741115557917,12.797311841024525,-5.912200694642656,1.810964093711806,0.0,0.6963036559389323,0.0,0.10392611970023116,8.591078765169096,-0.056238574725510325,-20.56822663501719,0.5976469052847349,-0.05949008498583583,-0.7885643500225761,0.43236111910240604,1.621513932118879,0.696664140015024,-0.06293648731122052,-0.14836829183785719,0.14994941656154195,-0.14967469670017897,1.4350954296122447,Medical Instruments & Supplies,Healthcare,BLFS
2014Q3,2014,Q3,2014-11-06,2014-09-30,-850397.0,1243372.0,-874513.0,-0.0706,588394.0,0.4732244252,14254063.0,12667207.0,12832803.0,833014.0,1586856.0,717624.0,-59200419.0,25289751.900000002,22014694.900000002,1.0518543165304837,15.40526689827542,0.0,0.0,-0.06807233961435114,1.0518543165304837,-0.06713374147908059,20.339650482719573,-7.434689886017942,1.9964741951402547,0.0,0.9127035885087456,0.0,0.08722930437447905,14.158727224272342,-0.05965997203744645,-29.84562720097433,0.4732244251921388,0.035519125683060176,0.37567184918867363,0.1480242710840212,1.6977628071892308,0.07898848382601041,0.03236315184009813,0.015047197065346057,0.2982986131120698,-0.2818138558605007,1.4837822684058368,Medical Instruments & Supplies,Healthcare,BLFS
2014Q2,2014,Q2,2014-08-07,2014-06-30,-878839.0,1211900.0,-887873.0,-0.0732,545320.0,0.4499711197,14806565.0,13398416.0,13471381.0,613004.0,1408149.0,678156.0,-58337964.0,27383623.08,21481395.08,1.1155714636720744,21.976008313159458,0.0,0.0,-0.06592815915923725,1.1155714636720744,-0.06559275365087933,22.59561274032511,-7.789715488274871,2.0437955561314114,0.0,0.9829301812562301,0.0,0.08184882854328468,20.36051477641255,-0.059354684898219136,-28.751021670656417,0.4499711197293506,0.4369230769230769,0.6406587335307792,0.8151144829819922,1.7970352166450503,-0.3963619216085208,-0.1722526713983308,-1.405892570202227,0.1872604951520178,-0.19367444058220137,1.5296130338152747,Medical Instruments & Supplies,Healthcare,BLFS
2014Q1,2014,Q1,2014-05-08,2014-03-31,-749701.0,2065030.0,-369041.0,-0.13,903389.0,0.4374701578,15981534.0,14077149.0,14665053.0,1063655.0,1904385.0,297105.0,-57454608.0,20548879.38,7709279.379999999,2.527859492939415,13.787415092299664,0.0,0.0,-0.03513565499674946,2.527859492939415,-0.053256593362761166,9.950886611816777,-6.852358266829043,1.4597330311698768,0.0,3.9098668820787266,0.0,0.12921350353476707,13.31744221575605,-0.046910453026599325,-22.509378740129016,0.4374701578185305,-0.08333333333333341,0.20236748978359298,3.891326428234637,3.1017188218237814,-0.018165357574097683,-0.09543750958890099,-0.29601300785598644,-0.03812147800308783,2.0216770627568192,2.2456496753939397,Medical Instruments & Supplies,Healthcare,BLFS
2013Q4,2013,Q4,2014-02-12,2013-12-31,-684385.0,2288880.0,-284751.0,-0.12,920103.0,0.4019883087,3353342.0,-13271521.0,1878258.0,1628140.0,16624863.0,420924.0,-56895237.0,46777936.800000004,57224790.800000004,-2.3831913937683544,1.1536219244045351,3.161958130128093,-0.7989383432388797,0.1507165881061538,-2.3831913937683544,0.05156794010272071,20.43704204676523,-17.08758111297004,-3.5246854373360823,0.0,3.2518388117569916,0.0,0.6825668243799767,0.7159021951429239,-0.20409042680406592,607.6161483906166,0.40198830869246094,-0.1999999999999999,0.3405078147286963,3.879187467383131,-1.2924892312310512,0.03515301111427373,-0.3426500852417078,-1.5864587212629322,-0.9401920612743396,2.5516083208656615,-0.24218650709011572,Medical Instruments & Supplies,Healthcare,BLFS
2013Q3,2013,Q3,2013-11-14,2013-09-30,-509727.0,2170491.0,-110093.0,-0.1,888857.0,0.40951886,3207024.0,-12859370.0,1655417.0,1228905.0,16066394.0,409195.0,-56410669.0,56085377.599999994,66609217.599999994,-2.5679588898764942,1.3470666975885035,3.306220034524219,-0.8245448260684621,0.08025569924150977,-2.5679588898764942,0.03963856705266277,25.839949393938973,-27.50755679020338,-4.361440537133623,0.0,3.1320861691858406,0.0,0.6767928771346894,0.9001061920978431,-0.15894081241674524,-2558.8729628615747,0.4095188600183092,-0.037344398340249024,0.23609466486367464,6.00311733305476,-1.9134683755376092,0.07292475161236199,-0.8043050413088572,-0.3289194148037275,-0.1600394942288342,3.1099656004018694,-0.386525355488208,Medical Instruments & Supplies,Healthcare,BLFS
2013Q2,2013,Q2,2013-08-12,2013-06-30,-282506.0,2330018.0,-82844.0,-0.0964,828443.0,0.3555521889,3437081.0,-12662694.0,1815609.0,1423192.0,16099775.0,593138.0,-56100759.0,25213003.2,35739925.2,-2.5312326839350896,1.2757301896019653,3.084922060318043,-0.8373515935866412,0.0686524188709839,-2.5312326839350896,0.02231010241580504,10.820947821003958,-22.311918330938102,-1.991124732225228,0.0,2.5315778115716747,0.0,0.6779060487663805,0.7428224723016993,-0.08219358228683002,1717.2730690641602,0.35555218886721046,-1.3285024154589373,0.5621083383864881,7.335096914515517,-2.3681252894648708,-0.26392289894836357,-0.36685649037414786,-1.4307365947247193,0.4767313920134542,3.95579937469591,-0.4289228062762558,Medical Instruments & Supplies,Healthcare,BLFS
2013Q1,2013,Q1,2013-05-14,2013-03-31,-206683.0,2160012.0,192331.0,-0.0414,1125484.0,0.5210545127,3419277.0,-12400359.0,1915919.0,1473479.0,15819636.0,676438.0,-55818253.0,20263464.06,30805068.06,-2.484543481357748,1.3002689553091697,3.1009850912926913,-0.8550661315531268,-3.082247249158272,-2.484543481357748,0.016667501319921462,9.381181243437537,-24.51031780552827,-1.6341030175013478,0.0,1.5293759368929598,0.0,0.6317160031199578,0.7042380651505722,-0.06044640431295856,-126.32058536402909,0.5210545126601148,0.6236363636363635,0.6810466489557971,5.774324633892483,-2.998340637809389,0.49753445509195565,0.621250909384111,1.6251901597992433,0.6124121597295787,3.199619697285521,-0.4859111410827119,Medical Instruments & Supplies,Healthcare,BLFS
2012Q4,2012,Q4,2013-03-29,2012-12-31,-545699.0,2048220.0,-307636.0,-0.11,751558.0,0.3669322631,3169829.0,-12486023.0,1627759.0,1365338.0,15655852.0,656397.0,-55811077.0,23757164.759999998,34163813.76,-2.50170717256919,1.19220222391818,3.3450154566697448,-0.8491997011378243,0.17427842723229253,-2.50170717256919,0.043704788946808765,11.59893212643173,-10.883822748438241,-1.9027007046198776,0.0,1.9754234099180832,0.0,0.646161038970872,0.5834679764278149,-0.17215408149777164,125.73321245415428,0.36693226313579597,-0.4784946236559141,0.5303707907502395,5.360281828085855,-4.036176327650892,0.26217022784487,-0.5492777405544136,-1.0687252871398982,-1.6127987776578665,3.249980680622242,-0.5908305237496159,Medical Instruments & Supplies,Healthcare,BLFS
2012Q3,2012,Q3,2012-11-13,2012-09-30,-352228.0,1681480.0,-148708.0,-0.0744,595449.0,0.354121964,3417833.0,-12035782.0,1777597.0,1468094.0,15453615.0,849211.0,-55299489.0,11845645.559999999,22438116.56,-2.4182017784432173,1.210819606918903,0.0,0.0,0.012985704579933074,-2.4182017784432173,0.029265069772782523,7.044773390108713,-8.407654672541648,-0.9842024024695695,0.0,1.2788706222599566,0.0,0.4919725451770171,0.5486515168647239,-0.10305594217154554,-79.75523016327217,0.3541219639841092,0.2560000000000001,0.537884157844605,5.985549889672492,-5.8327947465243986,0.306780698808983,0.306109181600944,0.5150246225092131,0.37431092438187197,2.7565155437488436,-0.6041492008533577,Medical Instruments & Supplies,Healthcare,BLFS
2012Q2,2012,Q2,2012-08-14,2012-06-30,-507613.0,1097409.0,-306630.0,-0.1,455661.0,0.4152152935,3068907.0,-11740688.0,1508011.0,1021142.0,14809595.0,916810.0,-54947261.0,6271224.12,16715870.120000001,-2.3589121672149713,1.4767887326150526,0.0,0.0,0.026573356954699992,-2.3589121672149713,0.043235370874347395,5.714573253909892,-3.0885852608187734,-0.5341445169141705,0.0,0.6999792759677578,0.0,0.3575895261733249,0.5038907419340307,-0.16540514261266306,-29.14543904819445,0.41521529347763686,-1.1097046413502112,0.3095116206816678,4.386547949876253,-10.377374157433769,-0.06960680019030079,-1.1535214434502976,-0.7104940199928597,0.49915332677146257,2.966249577612623,-0.6853569058266104,Medical Instruments & Supplies,Healthcare,BLFS
2012Q1,2012,Q1,2012-05-14,2012-03-31,-235713.0,835880.0,-179264.0,-0.0474,489751.0,0.585910657,1869170.0,-11430675.0,1374606.0,687813.0,13299845.0,763967.0,-54448368.0,6968026.8,17197502.8,-2.2966250646452737,1.998517038788159,0.0,0.0,0.012451686805604035,-2.2966250646452737,0.020621091930266584,8.336156864621715,-7.390371765664176,-0.6095901423144302,0.0,0.45306799901042843,0.0,0.44719313920082177,0.7884991996371107,-0.1261057046710572,-57.09625368731563,0.5859106570321099,0.46136363636363636,0.6039891465834021,2.990069067658198,-36.0934211259969,0.0715151488631789,0.4621236841925112,0.1487373329661041,0.7194060569539218,1.215257500615698,-0.9094653553803814,Medical Instruments & Supplies,Healthcare,BLFS
2011Q4,2011,Q4,2012-03-29,2011-12-31,-438229.0,809564.0,-210586.0,-0.088,457064.0,0.5645804408,1662017.0,-11180486.0,1160407.0,579248.0,12842503.0,505956.0,-54151491.0,3484013.4,13597149.4,-2.2463576632627187,2.003299105046543,0.0,0.0,0.020074674269230274,-2.2463576632627187,0.039195881109282724,4.3035675993497735,-1.9875529688815663,-0.31161555946673514,0.0,0.6967008988923938,0.0,0.4870973040588634,0.9736882993122117,-0.26367299492123125,-15.124671265405704,0.5645804408298788,0.1200000000000001,-1.5572362938682653,3.5583472374638307,-62.48944141835517,0.23543499062065834,0.12506613479319026,0.26060363472936154,0.52751254156786,0.930881706920423,-1.1608632718248582,Medical Instruments & Supplies,Healthcare,BLFS
2011Q3,2011,Q3,2011-11-14,2011-09-30,-500871.0,715518.0,-284808.0,-0.1,369962.0,0.5170547771,1564376.0,-10821499.0,1044823.0,516148.0,12385875.0,475126.0,-53740321.0,5574421.44,15457431.440000001,-2.17423081667826,2.0242701705712314,6.330400747646346,-0.9151344929200659,0.32450772676854567,-2.17423081667826,0.04628480767775333,7.790749415109055,-2.782363842186911,-0.5151247013006239,0.0,0.7272933916476892,0.0,0.45738236843316443,0.9276292846237901,-0.3201730274563149,-20.95426586675087,0.5170547770985496,-0.11111111111111122,-0.2454462895624457,4.697383680786012,-62.08418241627367,0.10789290067169163,-0.11774367397218087,-0.09536482931557005,0.24477276947052065,1.3227572579218791,-1.466765628719266,Medical Instruments & Supplies,Healthcare,BLFS
2011Q2,2011,Q2,2011-08-12,2011-06-30,-448109.0,622848.0,-260012.0,-0.09,333933.0,0.5361388332,1471981.0,-10483843.0,1007571.0,502774.0,11955824.0,509572.0,-53261653.0,5574421.44,15188276.440000001,-2.1063897458029293,2.00402367664199,0.0,0.0,0.02545037833338148,-2.1063897458029293,0.04274281864007311,8.949890567200987,-3.109969583293351,-0.5317154634994058,0.0,0.5669758149976843,0.0,0.42313589645518523,0.8581768349198646,-0.3044258044091602,-20.726454683363574,0.5361388332305795,0.30769230769230776,0.1921107294574614,2.472243464525502,-17.99932383661758,0.37875466042386635,0.30573742807299137,0.4276355615626589,0.30187220092264616,1.2394724175739504,-1.8028180172195734,Medical Instruments & Supplies,Healthcare,BLFS
2011Q1,2011,Q1,2011-05-16,2011-03-31,-645446.0,610799.0,-454277.0,-0.13,242199.0,0.3965281541,1386251.0,-10100405.0,916886.0,463845.0,11486656.0,447306.0,-52824973.0,5574421.44,14919324.440000001,-2.029350260248712,1.9767077364205716,0.0,0.0,0.046069895993380586,-2.029350260248712,0.06390298210814319,9.126441660840964,-2.159135481512009,-0.5519007841764761,0.0,0.8240443901937377,0.0,0.4406121257982862,0.844674406321077,-0.4656054350907592,-17.523345215866012,0.3965281541063427,-1.0537124802527649,0.4503956875128283,-0.2600116798818585,-11.090373188663891,0.16851932262266608,-1.0473125783071384,-0.44069479065578243,0.001177753791555866,0.920941054397923,-2.265804633641326,Medical Instruments & Supplies,Healthcare,BLFS
2010Q4,2010,Q4,2011-03-28,2010-12-31,-315265.0,575994.0,-315318.0,-0.0633,207270.0,0.3598474984,1309059.0,-9548912.0,814973.0,340702.0,10857971.0,410486.0,-52194852.0,4180816.08,13210732.08,-1.9185455486480045,2.3920405515670584,6.900473546264912,-0.9459849457194704,,-1.9185455486480045,0.0330158032663826,7.258436858717278,-3.3153189221765813,-0.4378316691995905,0.0,0.8982620600946195,0.0,0.44000614181637343,1.0041326437766729,-0.2408333008672642,-14.313598619589369,0.3598474984114418,-0.10086956521739117,0.6712251437202645,-0.4880983356335812,-45.20631874953576,-0.07816495808223443,0.27812708938204667,-0.10175544032760765,0.7279281673801251,0.7935917478611828,-2.862216082507493,Medical Instruments & Supplies,Healthcare,BLFS
2010Q3,2010,Q3,2010-11-15,2010-09-30,-436732.0,524892.0,-286196.0,-0.0575,224845.0,0.4283643111,1293655.0,-9218113.0,886643.0,10377601.0,10511768.0,499450.0,-51724213.0,6271224.12,15009053.120000001,-1.8520821705220767,0.08543814702453871,6.7546038163188795,-0.9479301240937272,,-1.8520821705220767,0.047377592355398554,11.947646601586612,-3.5898583799675774,-0.6803153877588612,0.0,0.6007548303133446,0.0,0.4057434169079082,0.030580863534838156,-0.3375954176345316,-19.74672485617933,0.428364311134481,0.5892857142857143,0.5042930937622155,-0.41730393554140083,-10.047035967063966,0.16128149242322512,0.18693683630460362,0.2690261463449519,0.42701665973116854,1.1806142521409553,-4.23318502107036,Medical Instruments & Supplies,Healthcare,BLFS
2010Q2,2010,Q2,2010-08-13,2010-06-30,-537144.0,467771.0,-391527.0,-0.14,193618.0,0.4139162111,1384760.0,-8816680.0,958820.0,10062273.0,10201440.0,532431.0,-51280141.0,6968026.8,15390145.8,-1.7714271707450953,0.09528860924365698,0.0,0.0,0.0564461876427725,-1.7714271707450953,0.06092361296996148,14.896235123596803,-3.2430906795942986,-0.7903232055603696,0.0,0.5149080350317694,0.0,0.33779932984777145,0.035093661243339354,-0.3878968196655016,-24.499849865159927,0.41391621113750104,-0.7478152309612984,0.4839856518875097,-0.378548508591432,-6.978884471297628,-0.18893264075067023,-0.010094475869539054,0.005807310049922044,0.26934162438596687,1.2960180944949102,-7.54384914975708,Medical Instruments & Supplies,Healthcare,BLFS
2010Q1,2010,Q1,2010-05-13,2010-03-31,-531776.0,512909.0,-393814.0,-0.0801,238720.0,0.4654236911,1328018.0,-8322150.0,883340.0,9506001.0,9650168.0,436529.0,-50742997.0,6968026.8,15103861.8,-1.6720673347582418,0.0929244589812267,6.128024620148221,-0.9778875651123808,2.157430191925901,-1.6720673347582418,0.06389887228660864,13.585308115084741,-3.2758279802021906,-0.8372868549593554,0.0,0.6281117634796314,0.0,0.3862214216975975,0.03798274374261059,-0.40042830744764,-18.011799647933742,0.4654236911420934,-0.9162679425837323,0.397416706097329,-0.23666403967760619,-4.293239058868831,-0.053641016289330865,-1.5532151893872104,-0.7096331669199045,0.10658696131963563,1.4483685881029558,-26.006017984389818,Medical Instruments & Supplies,Healthcare,BLFS
2009Q4,2009,Q4,2010-03-30,2009-12-31,-208277.0,480600.0,-230350.0,-0.0418,252251.0,0.5248668331,1333958.0,-7826982.0,892370.0,356673.0,9160940.0,358219.0,-50211222.0,7664829.48,15415678.48,-1.572579313271298,2.5019275358661854,0.0,0.0,0.02777880437475414,-1.572579313271298,0.02661012891047916,15.948459176029964,-9.200283132559045,-0.9792828806812128,0.0,0.6374564163263255,0.0,0.360281208253933,1.2743212970984628,-0.15613460093945986,-29.5639157149304,0.5248668331252601,0.525,0.8190703937491679,-0.469656198504311,-3.274781660181299,1.1410771124220176,0.6298094098869399,0.4678725296556822,-1.264837570261212,1.706075964747836,-44.04613870734424,Medical Instruments & Supplies,Healthcare,BLFS
2009Q3,2009,Q3,2009-11-16,2009-09-30,-562621.0,447360.0,-432885.0,-0.088,117815.0,0.2633561338,1310008.0,-7498600.0,841608.0,8654441.0,8808608.0,237651.0,-49855987.0,9053235.1,16545548.1,-1.5074668722565263,0.09724579554011634,5.792427985172609,-1.0119391619769023,-4.869253545037262,-1.5074668722565263,0.0750301389592724,20.237024096924177,-4.022794696607486,-1.2073233803643346,0.0,1.3866762605669658,0.0,0.34149409774596795,0.05374616338594255,-0.42947905661644814,-14.706622600468819,0.2633561337625179,0.5111111111111111,0.31728718232391057,-0.4851214374943921,-2.8704302939612467,1.042668654749727,0.44455973178745184,0.5151013796958329,-0.3997949436441465,2.564194695573249,-43.351704660358244,Medical Instruments & Supplies,Healthcare,BLFS
2009Q2,2009,Q2,2009-08-14,2009-06-30,-1012928.0,276528.0,-892733.0,-0.18,57677.0,0.2085756234,1203450.0,-6962293.0,709480.0,8098243.0,8165743.0,379230.0,-49293365.0,11838845.9,18715569.9,-1.3996514085887375,0.08760912706620436,5.7859711662304205,-1.0001197881215285,-1075.2690518106804,-1.3996514085887375,0.1454877006756251,42.81246709194006,-2.921936677631579,-1.7004233949935745,0.0,0.5770930569838884,0.0,0.2297793842702231,0.03526629171290612,-0.8416868170675973,-14.063844555609277,0.20857562344500377,-0.2,0.2129645401386501,-0.6629624245533314,-2.4350675106107973,-0.6071985562025403,-0.20648714577020563,-0.21725916148983632,-0.8272421983824157,0.542469458658436,-12.295690932975113,Medical Instruments & Supplies,Healthcare,BLFS
2009Q1,2009,Q1,2009-05-15,2009-03-31,-839568.0,377112.0,-733396.0,-0.15,146835.0,0.3893670846,1745300.0,-5982886.0,1329890.0,7658186.0,7728186.0,453011.0,-48282438.0,3482013.5,9516944.5,-1.2027581742575093,0.17365600678803048,3.7031610611356216,-1.080269120956007,,-1.2027581742575093,0.14032826298211265,9.233367010331149,-1.036846777152059,-0.5819956288654003,0.0,0.5083254049018677,0.0,0.21607288145304532,0.09833438362557399,-0.4810450925342348,-3.252613196478747,0.3893670845796474,0.21052631578947373,0.33290315242208485,-0.5905008592340606,-1.9710155854201101,-0.12555012297742338,0.09427904733856117,-0.019100951851594525,0.2846880814308144,-0.5428631136327674,-6.1657394326335355,Medical Instruments & Supplies,Healthcare,BLFS
2008Q4,2008,Q4,2009-03-31,2008-12-31,-926961.0,419031.0,-719650.0,-0.19,167917.0,0.4007269152,1170622.0,-5171113.0,1040525.0,927147.0,6341735.0,625291.0,-47442870.0,2089208.0999999999,7053611.1,-1.039564924145182,1.1222869728317084,4.3251596159990155,-0.9791174549850293,8.09213616914245,-1.039564924145182,0.17925754088143114,4.98580797124795,-0.5634563104596634,-0.40401517042849383,0.0,0.4015954171737639,0.0,0.3579558559466677,0.40761173794446837,-0.7918533907614926,-3.5630977272804794,0.4007269151924321,-0.4615384615384615,-1.2482783928579062,-0.16953861081557758,-1.679691380295224,-0.03551407237219988,-0.39850035831478897,-0.22285887122810952,0.0327612967269065,-0.6273817673982822,-24.953217284824706,Medical Instruments & Supplies,Healthcare,BLFS
2008Q3,2008,Q3,2008-11-10,2008-09-30,-662825.0,307870.0,-588498.0,-0.13,174100.0,0.5654984247,1302592.0,-4384400.0,1168198.0,1030087.0,5686992.0,587726.0,-46638599.0,2785610.8000000003,7163667.800000001,-0.8814095637481015,1.134077024562003,3.4263430145433107,-1.0179561627588725,,-0.8814095637481015,0.15117804032478788,9.048009874297595,-1.0506584694300911,-0.6353459538363289,0.0,0.2276060613278977,0.0,0.23635182774038224,0.43415264924224845,-0.508850814376259,-5.541904922957555,0.565498424659759,0.0,0.7981482895245792,-0.6855577629675157,0.5161957173234389,2.440575471325244,-0.03323595799870305,0.010415475573910529,0.2472371086461924,-0.6580293222975668,-5.305502289185924,Medical Instruments & Supplies,Healthcare,BLFS
2008Q2,2008,Q2,2008-08-13,2008-06-30,-641504.0,277963.0,-594692.0,-0.13,50602.0,0.1820458119,850725.0,-3738318.0,744908.0,507517.0,4589043.0,121655.0,-45975774.0,3482013.5,7357425.5,-0.7515256905236007,1.4677498487735385,4.658528901819037,-1.0601364035911338,-2.904814800711991,-0.7515256905236007,0.17160230884584993,12.526895665969931,-1.3569726377388136,-0.9314385507064942,0.0,1.8688997575109942,0.0,0.3267366070116665,0.6239121054073066,-0.754067413088836,-6.348628996822051,0.18204581185265664,0.0,0.8604471870858093,-0.5606331488936941,0.437580585168766,-0.6822121181672026,0.006232117324294724,-0.0607869229095242,0.38337690961508825,-0.630503526940042,-3.5365340190434273,Medical Instruments & Supplies,Healthcare,BLFS
2008Q1,2008,Q1,2008-05-13,2008-03-31,-645527.0,317634.0,-560614.0,-0.13,159232.0,0.5013065352,854527.0,-3089522.0,743048.0,441305.0,3944049.0,97047.0,-45313279.0,5568554.880000001,8895499.88,-0.6213936496213538,1.6837516003670931,4.052682946238094,-1.1209264734156288,,-0.6213936496213538,0.20894073581609066,17.531356466876975,-2.1565925515121753,-1.8024001382738173,0.0,1.632219440065123,0.0,0.3717073889999965,0.7952164602712409,-0.7554202500330592,-10.654503375120541,0.501306535194595,0.43478260869565216,0.6546342027517085,-0.7518620303512936,0.35004741335795864,0.47422021831109795,0.44232711351775367,0.1530410294993005,0.2677488519805358,-0.5267837152979341,-2.223872864044663,Medical Instruments & Supplies,Healthcare,BLFS
2007Q4,2007,Q4,2008-04-01,2007-12-31,-1157537.0,320802.0,-661914.0,-0.23,108011.0,0.3366905443,726018.0,-2469790.0,569578.0,445808.0,3195808.0,99062.0,-44667753.0,4176416.1599999997,6869919.16,-0.4967473356390806,1.2776307289236621,3.7877848758570725,-1.113454990100373,-3.151165471054518,-0.4967473356390806,0.4686783086821147,13.018672452166756,-0.9020048948759305,-1.691000514213759,0.0,2.1480587914639315,0.0,0.44186507772534567,0.8007976528012059,-1.5943640515799884,-5.970257699020923,0.33669054432328976,-0.5333333333333334,0.2898536509405257,-0.8276664966830954,0.20532848319668506,-0.35127359652125867,-0.5202645110026858,0.09200974501637887,-0.0066082874391277125,-0.6456209062165459,-1.7185594515452975,Medical Instruments & Supplies,Healthcare,BLFS
2007Q3,2007,Q3,2007-11-14,2007-09-30,-761405.0,240455.0,-728988.0,-0.15,166497.0,0.692424778,1481940.0,-1759619.0,1319936.0,2491559.0,3241559.0,248770.0,-43921837.0,7656762.96,9652411.96,-0.3539110815048661,0.5297630921041806,1.8556756683806361,-1.5628383189770059,-0.7689023991037762,-0.3539110815048661,0.4327101491857044,31.842810338732818,-2.5140243891227403,-4.351375473895201,0.0,0.29729468987418095,0.0,0.16225690648744215,0.3870387977968814,-0.5137893571939485,-8.034184862275097,0.6924247780249942,0.0,0.5518770695712673,-0.6892817219841928,-1.2173960276091338,0.2938840534659621,-0.03680398487425396,0.011139446554530657,0.07563014976500737,-0.7231213929121254,-1.4391247465520702,Medical Instruments & Supplies,Healthcare,BLFS
2007Q2,2007,Q2,2007-08-14,2007-06-30,-734377.0,203517.0,-737200.0,-0.15,128680.0,0.6322813328,1175263.0,-1030847.0,1020587.0,1456110.0,2206110.0,35166.0,-43160238.0,6264624.24,7307550.24,-0.20733361974157288,0.7008996573061101,1.4890284132147442,-1.6976331114122658,-1.0217237285834533,-0.20733361974157288,0.7124015494054888,30.781822845266,-2.132632231129243,-6.077162023074229,0.0,2.1281066939657625,0.0,0.1731671974698429,0.6055716944461613,-0.6248618394350881,-10.765753467502316,0.6322813327633564,-0.25,-1.0624902178318123,-0.6338562743499645,-1.1138698002027476,0.21432885399365847,-0.24569911624514443,-0.2593206296603148,0.42912277224187634,-0.7518308286319735,-1.2125798893372106,Medical Instruments & Supplies,Healthcare,BLFS
2007Q1,2007,Q1,2007-05-15,2007-03-31,-589530.0,207488.0,-585395.0,-0.12,105968.0,0.5107186922,747066.0,-305214.0,583445.0,302280.0,1052280.0,63813.0,-42407509.0,7591576.3,8052899.3,-0.061914619760852566,1.9301475453222179,1.003927363847371,-2.4572922605122964,-1.3276919391910909,-0.061914619760852566,1.9315300084530853,36.58802581354102,-3.21933417298526,-24.8729622494381,0.0,1.5908984062808518,0.0,0.2777371744932844,1.448868598650258,-0.7891270650785874,-13.087525643810489,0.5107186921653301,-1.7500000000000002,0.7224937246845969,-0.8766627189487535,0.22608863747068697,-0.04053601340033501,-1.7568585613101269,-0.31947355846169795,0.5273277657908492,-0.7726490374739698,-1.049985160807792,Medical Instruments & Supplies,Healthcare,BLFS
