Quarters,Year,Quarter,FillingDate,Date,NetIncome,Revenue,OperatingIncome,EPSDiluted,GrossProfit,GrossProfitRatio,TotalAssets,CommonStockEquity,CurrentAssets,CurrentLiability,TotalLiability,Inventory,RetainedEarnings,MarketCap,EnterpriseValue,bookValuePerShare,currentRatio,debtToAssets,debtToEquity,roic,shareholdersEquityPerShare,roe,priceToSalesRatio,peRatio,pbRatio,payoutRatio,inventoryTurnover,dividendYield,assetTurnover,quickRatio,returnOnAssets,priceToFreeCashFlowsRatio,grossProfitMargin,epsdilutedGrowth,fiveYNetIncomeGrowthPerShare,fiveYRevenueGrowthPerShare,fiveYShareholdersEquityGrowthPerShare,grossProfitGrowth,netIncomeGrowth,operatingIncomeGrowth,threeYNetIncomeGrowthPerShare,threeYRevenueGrowthPerShare,threeYShareholdersEquityGrowthPerShare,Industry,Sector,Symbol
2023Q1,2023,Q1,2023-05-05,2023-03-31,139926000.0,452618000.0,248168000.0,1.83,452618000.0,1.0,44923827000.0,5249004000.0,5718157000.0,0.0,1292182000.0,0.0,1448636000.0,5408776520.0,6142800520.0,69.15501567811125,0.0,0.02876384507490869,0.2461766079812475,0.029653864366070978,69.15501567811125,0.026657628761570767,11.949981043617354,9.66363742263768,1.0304386355963913,0.2739519460286151,0.0,0.007087185033113551,0.01007523245960323,0.0,0.003114739089347842,104.53964166296218,1.0,-0.02659574468085097,0.5961249850121149,0.2943147448492409,0.09114411059135953,-0.014754155456294786,-0.02491951331688757,0.17816179263197873,1.566541195197007,0.16274488779743276,9.382986755601905e-05,Banks—Regional,Financial Services,SSB
2022Q4,2022,Q4,2023-02-24,2022-12-31,143502000.0,459396000.0,210640000.0,1.88,459396000.0,1.0,43918696000.0,5074927000.0,5875209000.0,0.0,38843769000.0,0.0,1347042000.0,5775842910.4,5619730910.4,67.09348431589574,0.0,0.008931845335298661,0.07729667835616158,0.030252718897270447,67.09348431589574,0.02827666289584067,12.572688726937107,10.062303853604828,1.138113496095609,0.2639196666248554,0.0,0.006557138167972984,0.010460146630947331,0.0,0.0032674467384004296,5.054088717070089,1.0,0.07428571428571422,23.805917900635247,0.3178311729021343,-0.08015839004165988,0.05514404426406852,0.07861368129101118,0.0765998988004273,0.3015204400292322,0.2917479263463836,-0.0478078426618086,Banks—Regional,Financial Services,SSB
2022Q3,2022,Q3,2022-11-04,2022-09-30,133043000.0,435387000.0,195653000.0,1.75,435387000.0,1.0,45178609000.0,4921186000.0,5836916000.0,0.0,40257423000.0,0.0,1241413000.0,5981946720.0,5979520720.0,65.08988704600164,0.0,0.008684818073969475,0.07973037393831486,0.028635137820910622,65.08988704600164,0.02703474325091553,13.739378346161002,11.24062656434386,1.215549812585828,0.284569650413776,0.0,0.006329043331900488,0.009637016491587866,0.0,0.0029448228474674818,21.770107941683833,1.0,0.11464968152866238,0.4618666235245287,0.25483730426383494,0.16060467781449694,0.08151605555293352,0.11636668764422069,0.14133294443634242,0.16220894682340675,0.18893245001268172,-0.05708512726671858,Banks—Regional,Financial Services,SSB
2022Q2,2022,Q2,2022-08-05,2022-06-30,119175000.0,402571000.0,171425000.0,1.57,402571000.0,1.0,46207422000.0,5040425000.0,6227524000.0,0.0,41166997000.0,0.0,1146230000.0,5821816150.0,5652760150.0,66.7950994553478,0.0,0.00849344072906729,0.07786248183436913,0.024720309832165877,66.7950994553478,0.023643839557180198,14.461588514820988,12.212746276484163,1.1550248540549657,0.3105433186490455,0.0,0.006356951000591113,0.008712258390004965,0.0,0.0025791311188059786,45.32959714403619,1.0,0.12949640287769795,0.44390451342094106,0.16076364729060247,0.2104736409896039,0.1582643772082264,0.18784199982059027,0.1897325921144864,0.336613658633452,0.13590815355872513,-0.012719637100036972,Banks—Regional,Financial Services,SSB
2022Q1,2022,Q1,2022-05-06,2022-03-31,100329000.0,347564000.0,144087000.0,1.39,347564000.0,1.0,46201541000.0,5174408000.0,6542392000.0,0.0,41027133000.0,0.0,1064064000.0,5829360730.0,5646541730.0,72.42302685907036,0.0,0.008777910676182858,0.07837669545965452,0.02033323020722884,72.42302685907036,0.019389464456610304,16.77204983830316,14.525612559678658,1.126575393745526,0.3381076259107536,0.0,0.005819162953053345,0.007522779380886884,0.0,0.002171550944588623,34.86334659043336,1.0,-0.08552631578947376,1.221361384350551,0.07266132431350833,0.3244016203496237,-0.006954325453288304,-0.06099432828556989,-0.0021330378475708993,0.12185949686310298,0.11010861565623341,0.08018738991502367,Banks—Regional,Financial Services,SSB
2021Q4,2021,Q4,2022-02-25,2021-12-31,106846000.0,349998000.0,144395000.0,1.52,349998000.0,1.0,41960032000.0,4802940000.0,5670131000.0,0.0,37157092000.0,0.0,997657000.0,5579768366.74,5430181366.74,68.95689894467779,0.0,0.007794703302418835,0.06809704056265538,0.022257651691096707,68.95689894467779,0.02224595768425173,15.94228643232247,13.055632327695937,1.1617401772122908,0.32039570971304493,0.0,0.0061352009169514604,0.00834122338133584,0.0,0.0025463755604380853,52.519915726885095,1.0,-0.1264367816091954,0.5250633752647943,0.11749148885509035,0.4608344745038001,0.008651396557885393,-0.12983353422158517,0.0,0.1317870676127827,0.1383079826651461,0.05360077636386477,Banks—Regional,Financial Services,SSB
2021Q3,2021,Q3,2021-11-05,2021-09-30,122788000.0,346996000.0,0.0,1.74,346996000.0,1.0,40903708000.0,4792941000.0,32060375000.0,0.0,36110767000.0,0.0,925044000.0,5231845767.45,4588859767.45,68.40585911316627,0.0,0.007989666853674977,0.06818506632983798,0.0,68.40585911316627,0.025618508552473315,15.077539128549033,10.652192737584292,1.0915731630015892,0.2795712936117536,0.0,0.006561355499730539,0.00848324068810583,0.0,0.0030018794384117937,30.447801707792586,1.0,0.25179856115107924,0.498028717320257,0.046567840343831476,0.4614300125796924,0.04469667318982388,0.24078415521422797,0.0,0.36398348610445946,0.13470668304586667,0.05852954098660497,Banks—Regional,Financial Services,SSB
2021Q2,2021,Q2,2021-08-06,2021-06-30,98960000.0,332150000.0,0.0,1.39,332150000.0,1.0,40375869000.0,4757623000.0,32214878000.0,0.0,35618246000.0,0.0,836584000.0,5794019939.68,5201655939.68,67.13529820911926,0.0,0.00870688380725626,0.07389152103897262,0.0,67.13529820911926,0.020800303008456113,17.44398596923077,14.637277535569927,1.2178392318348892,0.3367825383993533,0.0,0.005752137608597992,0.008226448327341264,0.0,0.002450968919083822,-92.43957210038451,1.0,-0.325242718446602,0.3667613934673147,-0.021227546110056016,0.4587090295623008,-0.07293954778764274,-0.326569081790281,0.0,0.2658956479728074,0.030751719468150116,0.04852169449118027,Banks—Regional,Financial Services,SSB
2021Q1,2021,Q1,2021-05-07,2021-03-31,146949000.0,358283000.0,0.0,2.06,358283000.0,1.0,39730332000.0,4719820000.0,32022039000.0,0.0,35010512000.0,0.0,770952000.0,5574932998.59,5205878998.59,66.4677168844396,0.0,0.00982430753410266,0.08269870461161655,0.0,66.4677168844396,0.03113445004258637,15.560138210827754,9.484469099126228,1.1811749173887989,0.2276163839155081,0.0,0.0059997133613013095,0.009017870779433708,0.0,0.0036986602578604174,18.997573728817024,1.0,0.7024793388429753,1.0250866540185841,0.09705304458422791,0.4723572237804059,0.0061613810030638405,0.7040331184192217,0.0,0.7917345005494851,0.09514802468082927,0.0487432778627192,Banks—Regional,Financial Services,SSB
2020Q4,2020,Q4,2021-02-26,2020-12-31,86236000.0,356089000.0,0.0,1.21,356089000.0,1.0,37789873000.0,4647880000.0,30982949000.0,0.0,33141993000.0,0.0,657451000.0,5129048760.0,4482072760.0,65.51735803736052,0.0,0.010052137513137448,0.08172951969500074,0.0,65.51735803736052,0.01855383529695259,14.403839377234343,14.869221554803099,1.1035243508868557,0.38671784405584675,0.0,0.00650198537009034,0.00942286839651459,0.0,0.002281987028641245,28.990943652179812,1.0,-0.09701492537313441,0.14189569248650666,0.13003273682142727,0.4834577794112137,-0.0754249126287201,-0.09435943751903467,0.0,14.894134165152643,0.08913583553493307,-0.10176684499563811,Banks—Regional,Financial Services,SSB
2020Q3,2020,Q3,2020-11-06,2020-09-30,95221000.0,385138000.0,0.0,1.34,385138000.0,1.0,37819366000.0,4563413000.0,31673240000.0,0.0,33255953000.0,0.0,604564000.0,3414077050.0499997,3231176050.0499997,64.35951290167338,0.0,0.028811614663238935,0.2387767664246037,0.0,64.35951290167338,0.020866180641550523,8.864555172561523,8.963561215619453,0.7481411500668469,0.3500698375358377,0.0,0.009763692942873629,0.01018361862544179,0.0,0.002517784142653264,12.093447759362114,1.0,1.683673469387755,0.28120788950957726,0.16102298712893487,0.4724866216838255,0.7756150186257514,2.1211043739330075,0.0,0.11564929331005984,0.1836071215998649,0.14758152342089595,Banks—Regional,Financial Services,SSB
2020Q2,2020,Q2,2020-08-07,2020-06-30,-84935000.0,216904000.0,0.0,-1.96,216904000.0,1.0,37725356000.0,4491850000.0,32026036000.0,0.0,33233506000.0,0.0,542677000.0,2064523297.7599998,1899947297.7599998,103.69540088614049,0.0,0.02887392235609387,0.24250119661164107,0.0,103.69540088614049,-0.018908690183332036,9.518143039132518,-6.076774291399305,0.4596153695604261,-0.18523576852887502,0.0,0.0076206454134328475,0.005749554755692696,0.0,-0.0022514035387764136,94.28769171355498,1.0,-3.76056338028169,-2.890472277856888,0.07102145518855466,1.428920829476852,0.26000755177321444,-4.522812111157196,0.0,-2.792655386555289,0.08949609768290678,0.8791880016352541,Banks—Regional,Financial Services,SSB
2020Q1,2020,Q1,2020-05-04,2020-03-31,24110000.0,172145000.0,0.0,0.71,172145000.0,1.0,16642911000.0,2321043000.0,13220497000.0,0.0,14321868000.0,0.0,643345000.0,1971334175.2299998,2024598175.2299998,69.14852748093602,0.0,0.07907871405429014,0.5670295638641766,0.0,69.14852748093602,0.01038757144955953,11.45159124708821,20.441042878784735,0.8493311736275458,0.6569888013272501,0.0,0.00803516734962093,0.010343442922935778,0.0,0.0014486648399429643,50.69000193443044,1.0,-0.5103448275862069,-0.28119107179825537,0.12882785341250055,0.6432244763347295,0.08715147304935426,-0.5088712798680003,0.0,0.1362494669182278,0.130852587536766,0.2645207720846936,Banks—Regional,Financial Services,SSB
2019Q4,2019,Q4,2020-02-21,2019-12-31,49091000.0,158345000.0,0.0,1.45,158345000.0,1.0,15921092000.0,2373013000.0,12515359000.0,700000000.0,13548079000.0,0.0,679895000.0,2921553574.25,3038475574.25,70.46212657690064,17.879084285714285,0.05060117735642756,0.3394949795892395,0.0,70.46212657690064,0.020687202303569345,18.450557796267642,14.878254538764743,1.2311578462697002,0.31616793302234625,0.0,0.00531258441974128,0.009945611770850894,3.7782157142857145,0.0030833940285000553,61.20615872142962,1.0,-0.03333333333333336,0.640421120018285,0.05143987062947185,0.710687538791829,-0.04007153466096814,-0.047978279840977404,0.0,0.44916077349195926,0.04560604004862967,0.49272234142906574,Banks—Regional,Financial Services,SSB
2019Q3,2019,Q3,2019-11-01,2019-09-30,51565000.0,164955000.0,0.0,1.5,164955000.0,1.0,15752082000.0,2350956000.0,12481661000.0,0.0,13401126000.0,0.0,646325000.0,2564474856.2999997,2661051856.2999997,69.03050204025507,0.0,0.051788138228330706,0.34699543504855046,0.0,69.03050204025507,0.02193363040397183,15.546511814131126,12.433214662561815,1.090822140567497,0.284766799185494,0.0,0.005725928629764745,0.010471949041402908,0.0,0.0032735355237485434,101.13877805253193,1.0,0.2820512820512821,0.872262917115143,0.07673552224719479,0.7060687679461175,0.0009587553171477636,0.24372889532079112,0.0,0.294268995531069,0.023560960506973014,0.4747749501717049,Banks—Regional,Financial Services,SSB
2019Q2,2019,Q2,2019-08-02,2019-06-30,41460000.0,164797000.0,0.0,1.17,164797000.0,1.0,15683337000.0,2373978000.0,12506006000.0,0.0,13309359000.0,0.0,609444000.0,2612736545.3399997,2677179545.3399997,67.65565483258362,0.0,0.052056140858288004,0.3439012492954863,0.0,67.65565483258362,0.01746435729395976,15.85427250095572,15.754561899059333,1.1005731920599093,0.33888084901109505,0.0,0.005377503531712437,0.010507776501901349,0.0,0.0026435700514501476,44.998304347691295,1.0,-0.06400000000000006,0.5730464695055392,0.029443987644547844,0.6961158186519961,0.060981812328987604,-0.06552167151261072,0.0,0.15645524092858265,-0.019238752140198646,0.47001528611419197,Banks—Regional,Financial Services,SSB
2019Q1,2019,Q1,2019-05-03,2019-03-31,44367000.0,155325000.0,0.0,1.25,155325000.0,1.0,15406887000.0,2376477000.0,12482527000.0,0.0,13030410000.0,0.0,582034000.0,2492852968.71,2159511968.71,67.04672498053115,0.0,0.03999834619414032,0.25931241918183934,0.0,67.04672498053115,0.018669231808260717,16.04927068218252,14.046774453478937,1.0489699537214119,0.3029503910564158,0.0,0.005391814185878536,0.010081530422076828,0.0,0.0028796862078627563,73.15138707406538,1.0,-0.07407407407407414,0.7664075156356985,-0.03846154789534433,0.7134251728844612,-0.026810105009899502,-0.094624928577259,0.0,0.22488599314149552,-0.04720073044197323,0.48518310065518866,Banks—Regional,Financial Services,SSB
2018Q4,2018,Q4,2019-02-22,2018-12-31,49004000.0,159604000.0,0.0,1.35,159604000.0,1.0,14676328000.0,2366296000.0,11792054000.0,150000000.0,12310032000.0,0.0,551108000.0,2167487573.9,2057265573.9,65.4487928365604,78.61369333333333,0.018130148086088017,0.11244747064610683,0.0,65.4487928365604,0.020709158955599806,13.58040884877572,11.057707400926455,0.9159832810011934,0.26632519794302506,0.0,0.0060212571260637475,0.010874927297890863,12.622486666666667,0.0033389823394516667,39.484963272853136,1.0,0.05468750000000005,1.3092831647952299,-0.025588379012992185,0.58880118960792,-0.0020820698149896523,0.04082239497047704,0.0,0.27321123890983917,-0.006180897820462399,0.4819053117359171,Banks—Regional,Financial Services,SSB
2018Q3,2018,Q3,2018-11-02,2018-09-30,47082000.0,159937000.0,0.0,1.28,159937000.0,1.0,14522215000.0,2368139000.0,11603903000.0,0.0,12154076000.0,0.0,515155000.0,2951769329.5499997,2807727329.5499997,64.6234766857885,0.0,0.007982184535898966,0.04894940710828207,0.0,64.6234766857885,0.0198814343245899,18.45582529089579,15.673555337230788,1.2464510442799177,0.27303428061679624,0.0,0.004355015099353904,0.01101326484974916,0.0,0.003242067411892745,48.104974324896915,1.0,0.1743119266055045,1.333579471703712,-0.052130566215245804,0.45855461222447425,-0.0410070993428311,0.16369658172470897,0.0,0.22575006473715867,-0.06710331730624879,0.4785258709446515,Banks—Regional,Financial Services,SSB
2018Q2,2018,Q2,2018-08-03,2018-06-30,40459000.0,166776000.0,0.0,1.09,166776000.0,1.0,14566488000.0,2348367000.0,11615669000.0,0.0,12218121000.0,0.0,480928000.0,3163381503.75,2956016503.75,64.02852564886436,0.0,0.007946596324385123,0.04929127346790344,0.0,64.02852564886436,0.017228567766452176,18.967846115448268,19.546834472861416,1.3470558493412659,0.309276057243135,0.0,0.003955577278670494,0.011449293748774585,0.0,0.002777539788588711,62.28600267287548,1.0,-0.05217391304347812,0.47794171302392746,0.09313353159257205,1.0810419797600737,-0.012207039926082554,-0.044110003307659594,0.0,0.06358462195691779,-0.027392876304565935,0.49977933736891245,Banks—Regional,Financial Services,SSB
2018Q1,2018,Q1,2018-05-04,2018-03-31,42326000.0,168837000.0,0.0,1.15,168837000.0,1.0,14689109000.0,2322579000.0,11665750000.0,0.0,12366530000.0,0.0,452982000.0,3125920689.4,2751472689.4,63.37844378835698,0.0,0.014676792173031052,0.09282310741636775,0.0,63.37844378835698,0.01822370735290382,18.514429238851672,18.463359928885318,1.3458834723813484,0.2867740868496905,0.0,0.0038830159834700767,0.011494025948068054,0.0,0.00288145455248511,30.60727200039166,1.0,13.374999999999998,0.8187705381645951,0.11434500937361071,1.066848491048818,0.1573056042991884,16.482858323007022,0.0,0.15583224561275968,0.014080092173883577,0.5061059707127583,Banks—Regional,Financial Services,SSB
2017Q4,2017,Q4,2018-02-23,2017-12-31,2421000.0,145888000.0,0.0,0.08,145888000.0,1.0,14466589000.0,2308920000.0,11432761000.0,100000000.0,12157669000.0,0.0,419847000.0,2758728631.05,2601703631.05,72.94025796347093,114.32761,0.014957568781417652,0.09371697590215339,0.0,72.94025796347093,0.0010485421755626007,18.90990781318546,284.87491026951676,1.194813432708799,3.9929781082197437,0.0,0.0035041503869558356,0.010084478103304102,20.2412,0.00016735112886665958,62.85694891772426,1.0,-0.9327731092436974,-0.8017387393679121,-0.043687989688654984,1.20171683877248,0.09188614709866702,-0.9309193631227529,0.0,-0.9139301505990727,0.030629188693803457,0.7708518949991033,Banks—Regional,Financial Services,SSB
2017Q3,2017,Q3,2017-11-03,2017-09-30,35046000.0,133611000.0,0.0,1.19,133611000.0,1.0,11169110000.0,1632825000.0,8956523000.0,0.0,9536285000.0,0.0,427093000.0,2621767388.7,2369547388.7,56.08273711990428,0.0,0.007458696350917844,0.05102016443893252,0.0,56.08273711990428,0.021463414634146343,19.62239178435907,18.70232971451806,1.6056634291488676,0.2756091993380129,0.0,0.003684155978761107,0.011962546702467788,0.0,0.0031377612003104993,37.594530796696205,1.0,0.10185185185185174,0.981696637164673,0.2210568467352538,0.9283979702131562,-0.0008076638323648846,0.10127894918769444,0.0,0.4884810132888291,0.020184686995790263,0.38606852613363285,Banks—Regional,Financial Services,SSB
2017Q2,2017,Q2,2017-08-04,2017-06-30,31823000.0,133719000.0,0.0,1.08,133719000.0,1.0,11154441000.0,1605485000.0,8915295000.0,0.0,9548956000.0,0.0,401706000.0,2493433615.6,2180849615.6,55.180961562071275,0.0,0.008798916951553198,0.061132305814130934,0.0,55.180961562071275,0.019821424678523936,18.646816201138208,19.58829789460453,1.5530718851935708,0.30327121892970493,0.0,0.003870566250338155,0.011987960669656149,0.0,0.0028529444012478974,77.79095921130627,1.0,0.7142857142857144,0.9953623482739636,0.24056511211528378,0.9026708680176468,0.02054538377586299,0.7423893999123959,0.0,0.45615958483625585,0.007400448770856735,0.38337736920079896,Banks—Regional,Financial Services,SSB
2017Q1,2017,Q1,2017-05-05,2017-03-31,18264000.0,131027000.0,0.0,0.63,131027000.0,1.0,11150070000.0,1579900000.0,8864721000.0,0.0,9570170000.0,0.0,379534000.0,2581470625.1499996,2128814625.1499996,54.68358370020091,0.0,0.009684961619075037,0.06835116146591556,0.0,54.68358370020091,0.011560225330717135,19.7018219538721,35.33550461495291,1.6339455820938034,0.5281427945685502,0.0,0.003736629774526102,0.011751226673913259,0.0,0.0016380166223171693,69.68096270008367,1.0,-0.37,0.24874809479636967,0.29787020725503827,0.9641874338883624,0.21229251864325235,-0.24457128676014395,0.0,-0.10790695259806307,-0.004893626933674483,0.39747659386295014,Banks—Regional,Financial Services,SSB
2016Q4,2016,Q4,2017-02-24,2016-12-31,24177000.0,108082000.0,0.0,1.0,108082000.0,1.0,8900592000.0,1134588000.0,7294876000.0,0.0,7766004000.0,0.0,370916000.0,2100742904.0000002,1917893904.0000002,47.20377301343487,0.0,0.006219586292687048,0.048791279301385174,0.0,47.20377301343487,0.021309056679605285,19.436565792638923,21.722534888530422,1.8515469086575922,0.3205939529304711,0.0,0.0036896471173323547,0.0121432372138842,0.0,0.0027163361717962133,116.59781894877062,1.0,-0.13793103448275856,1.8917920280701694,0.2585407441927491,0.7165120769697634,-0.048950679748339124,-0.1394554191137213,0.0,0.7137758756532734,-0.007437159358063145,0.14589448433391408,Banks—Regional,Financial Services,SSB
2016Q3,2016,Q3,2016-11-04,2016-09-30,28095000.0,113645000.0,0.0,1.16,113645000.0,1.0,8797165000.0,1124132000.0,7272866000.0,0.0,7673033000.0,0.0,354490000.0,1802166268.0000002,1622363268.0000002,46.80748207190392,0.0,0.006286798076425758,0.04919884853380208,0.0,46.80748207190392,0.024992616525461423,15.857857961194952,16.036361167467522,1.6031625004892667,0.26712938245239365,0.0,0.004164432623816039,0.012918366314602489,0.0,0.003193642497327264,53.435517642175185,1.0,0.14851485148514842,0.5645440529758992,0.2930059891780132,0.6943896009912145,-0.010956972777274943,0.14598629466470875,0.0,1.124768254516552,0.02769618911384462,0.05644685745611615,Banks—Regional,Financial Services,SSB
2016Q2,2016,Q2,2016-08-04,2016-06-30,24516000.0,114904000.0,0.0,1.01,114904000.0,1.0,8723993000.0,1104343000.0,7134664000.0,0.0,7619650000.0,0.0,333900000.0,1632863424.7,1497187424.7,46.02377639991975,0.0,0.006333567667924539,0.05003336825605813,0.0,46.02377639991975,0.022199624573162505,14.210675213221473,16.65099755975689,1.4785835783809922,0.29605155816609563,0.0,0.004444952278439016,0.013171033034987534,0.0,0.0028101810719013643,84.18557561868427,1.0,0.0,1.8679776833118422,0.41276177972867073,0.7120713361471609,0.042317147289071926,0.0008981791459132849,0.0,0.3688709612496145,0.1511861238220237,0.49585532049530634,Banks—Regional,Financial Services,SSB
2016Q1,2016,Q1,2016-05-06,2016-03-31,24494000.0,110239000.0,0.0,1.01,110239000.0,1.0,8670757000.0,1082054000.0,7091281000.0,0.0,7588703000.0,0.0,316642000.0,1539534008.4,1161345008.4,45.143743522905346,0.0,0.006367379457180036,0.051023331552769086,0.0,45.143743522905346,0.022636578211438614,13.965420662379014,15.71337887237691,1.4227885192421081,0.2764350453172205,0.0,0.004398084071580162,0.012713884151060858,0.0,0.002824897526248285,37.48013458954134,1.0,-0.038095238095238126,4.355226522719122,0.4040118549995231,0.6260627191627018,0.03465137451077928,-0.040767573918151556,0.0,0.6091923352246603,0.11240996217366951,0.472192635278188,Banks—Regional,Financial Services,SSB
2015Q4,2015,Q4,2016-02-24,2015-12-31,25535000.0,106547000.0,0.0,1.05,106547000.0,1.0,8557348000.0,1059384000.0,6943096000.0,0.0,7497964000.0,0.0,298919000.0,1725849900.25,1383460900.25,44.16530011616808,0.0,0.006445688547433153,0.05206610634104347,0.0,44.16530011616808,0.02410363003405753,16.198014962880233,16.896905230565892,1.629107009592367,0.24660270217348737,0.0,0.0036486371144372636,0.01245093690241416,0.0,0.0029839852253291557,51.618061918648124,1.0,0.009615384615384623,24.109147328292547,2.077045108987084,0.7648344542824556,-0.05045941056421499,0.015712012728719173,0.0,1.7596137694301162,-0.0782977816091985,0.3331387586249798,Banks—Regional,Financial Services,SSB
2015Q3,2015,Q3,2015-11-06,2015-09-30,25140000.0,112209000.0,0.0,1.04,112209000.0,1.0,8499876000.0,1048312000.0,7008082000.0,0.0,7451564000.0,0.0,279681000.0,1843682134.7900002,1249954134.7900002,43.70804593665962,0.0,0.006483271050071789,0.05256736544082296,0.0,43.70804593665962,0.02398141011454605,16.430786610610557,18.334150107299127,1.7587150912991554,0.24065234685759745,0.0,0.0032814767176171126,0.013201251406491107,0.0,0.002957690206304186,24.87831455160037,1.0,0.009708737864077678,6.40237205114446,0.34228090069324735,0.6455959656935351,0.0008384248316460777,0.010775168864586683,0.0,0.7256203859734058,0.24480875546490957,0.5028957464403738,Banks—Regional,Financial Services,SSB
2015Q2,2015,Q2,2015-08-07,2015-06-30,24872000.0,112115000.0,0.0,1.03,112115000.0,1.0,8084984000.0,1023779000.0,6664778000.0,0.0,7061205000.0,0.0,260591000.0,1822285945.9799998,1448186945.9799998,42.691964113327934,0.0,0.006809537285417015,0.05377625444553952,0.0,42.691964113327934,0.024294305704649147,16.25372114329037,18.316640659979093,1.7799602707029543,0.23347539401736894,0.0,0.0031866568541618623,0.013867065166733788,0.0,0.0030763202499844156,36.32584363560251,1.0,0.04040404040404044,21.749232284385158,0.36314245944898055,0.6091638490906892,0.030648734613581415,0.0395385772799465,0.0,0.8921182308041845,0.26196430708590257,0.4720431488949734,Banks—Regional,Financial Services,SSB
2015Q1,2015,Q1,2015-05-08,2015-03-31,23926000.0,108781000.0,0.0,0.99,108781000.0,1.0,8021582000.0,1007564000.0,6636510000.0,0.0,7014018000.0,0.0,241526000.0,1637492066.77,1227669066.77,42.08099896075932,0.0,0.0068568768604497215,0.05459008063011382,0.0,42.08099896075932,0.023746382363800216,15.053107314420716,17.109964753510823,1.625199061072051,0.23221599933127143,0.0,0.0033929935373423637,0.013561040702444979,0.0,0.002982703411870626,117.50929793828489,1.0,0.12499999999999999,-0.7430234809257571,-0.5619569965624569,0.5827230301611291,0.0173294179260811,0.12603539156626506,0.0,0.9739450935552303,0.3001981460010151,0.5115133970981679,Banks—Regional,Financial Services,SSB
2014Q4,2014,Q4,2015-02-27,2014-12-31,21248000.0,106928000.0,0.0,0.88,106928000.0,1.0,7826227000.0,984920000.0,6438984000.0,0.0,6841307000.0,0.0,223156000.0,1604016960.0,1467869960.0,41.18936099029776,0.0,0.012932157475115403,0.1027596149941112,0.0,41.18936099029776,0.021573325752345367,15.000906778392938,18.872564006024096,1.6285758843357836,0.24995293674698796,0.0,0.0033110622471223747,0.013662777734405097,0.0,0.002714973639277266,75.91901552442256,1.0,0.09999999999999995,6.36554022638637,0.4832336233911416,0.833735513628289,-0.005376444105445278,0.09939462927510737,0.0,1.5546315644420234,0.2515578308699815,0.4978047530732457,Banks—Regional,Financial Services,SSB
2014Q3,2014,Q3,2014-11-10,2014-09-30,19327000.0,107506000.0,0.0,0.8,107506000.0,1.0,7880088000.0,966995000.0,6489611000.0,0.0,6913093000.0,0.0,207219000.0,1336432080.0,1160697080.0,40.461734800619276,0.0,0.012833232319232984,0.1045786172627573,0.0,40.461734800619276,0.019986659703514497,12.431232489349432,17.287112329901174,1.3820465255766576,0.26222383194494747,0.0,0.0037921867305070974,0.01364274104553147,0.0,0.0024526375847579367,48.311176661967245,1.0,0.08108108108108115,3.67374261509586,0.7653184805042,0.801646609424167,-0.013706422018348624,0.0769530814666221,0.0,0.0815472770402,0.22915091485249262,0.4646791420849654,Banks—Regional,Financial Services,SSB
2014Q2,2014,Q2,2014-08-08,2014-06-30,17946000.0,109000000.0,0.0,0.74,109000000.0,1.0,7993686000.0,953018000.0,6601154000.0,0.0,7040668000.0,0.0,192961000.0,1457412000.0,1163187000.0,39.88858195211786,0.0,0.012640601594808704,0.10602632898853957,0.0,39.88858195211786,0.018830704141999416,13.370752293577981,20.302741558007355,1.5292596782012513,0.26897358742895355,0.0,0.003312035306419873,0.013635762025178372,0.0,0.0022450218835215695,31.437520222610495,1.0,0.12121212121212115,0.649696475364768,0.5973090174781978,0.6863588419303452,0.001838235294117647,0.06082638765738606,0.0,1.1084487248331196,0.3459518173355406,0.4838438551056631,Banks—Regional,Financial Services,SSB
2014Q1,2014,Q1,2014-05-09,2014-03-31,16917000.0,108800000.0,0.0,0.66,108800000.0,1.0,7990975000.0,934163000.0,6591715000.0,0.0,7056812000.0,0.0,179842000.0,1494938382.486822,1229395382.486822,39.13023226316999,0.0,0.01263462844020911,0.10807856872944015,0.0,39.13023226316999,0.01810925930485365,13.740242486092113,22.092250140196576,1.600297145666037,0.3341017910977124,0.0,0.003780757833374997,0.013615359827805743,0.0,0.00211701325557895,202.3194454576833,1.0,0.19999999999999996,0.7527358990995959,0.585854190710886,0.4058615486285766,0.007976727596142265,0.20973970251716248,0.0,2.713493007539558,0.3912511423399149,0.40945803138887116,Banks—Regional,Financial Services,SSB
2013Q4,2013,Q4,2014-02-28,2013-12-31,13984000.0,107939000.0,0.0,0.55,107939000.0,1.0,7931498000.0,981469000.0,6530715000.0,0.0,6950029000.0,0.0,168577000.0,1584643098.011272,1469460098.011272,41.19382164656591,0.0,0.0128676827504716,0.10398698277785645,0.0,41.19382164656591,0.014248030248535614,14.680913275194989,28.329574835727833,1.614562556750414,0.38522597254004576,0.0,0.003399503652753537,0.013608904648277034,0.0,0.0017630969584812352,35.96965379664674,1.0,0.057692307692307744,0.8489395696367209,0.6469259827606354,0.8803359599907191,0.07072781200091262,0.1601128256180521,0.0,12.843797532148823,2.098496754519595,0.646094910579171,Banks—Regional,Financial Services,SSB
2013Q3,2013,Q3,2013-11-12,2013-09-30,12054000.0,100809000.0,0.0,0.52,100809000.0,1.0,8028441000.0,970026000.0,6809497000.0,0.0,7058415000.0,0.0,159980000.0,1207647004.48,1011644004.48,44.306518346426394,0.0,0.012623496890616747,0.10447864284050118,0.0,44.306518346426394,0.012426471043044207,11.979555441280045,25.046602880371662,1.2449635416782643,0.42425750788120126,0.0,0.004234681145259028,0.01255648512581708,0.0,0.0015014122916267305,23.510629686563096,1.0,-0.29729729729729726,43.93835553416929,1.1217565206912825,1.0421348813189377,0.44336583480091063,-0.038142355569741465,0.0,2.8882147066002677,0.3210779405555422,0.6681282881066278,Banks—Regional,Financial Services,SSB
2013Q2,2013,Q2,2013-08-09,2013-06-30,12532000.0,69843000.0,0.0,0.74,69843000.0,1.0,5043078000.0,516592000.0,4278353000.0,0.0,4526486000.0,0.0,153040000.0,852100975.25,744632975.25,30.767531972731422,0.0,0.010781510815418678,0.10525133954842507,0.0,30.767531972731422,0.024258989686251432,12.200234457998654,16.998503336458665,1.6494660684834452,0.244573890839451,0.0,0.003596991540938857,0.013849280142008511,0.0,0.002484990317421226,40.746986192138486,1.0,0.1746031746031746,0.22719063660217867,0.3271209067151927,0.404567572209871,0.007384863913689403,0.17682411494036998,0.0,15.371236704248954,0.21284548351586013,0.15970303087566065,Banks—Regional,Financial Services,SSB
2013Q1,2013,Q1,2013-05-09,2013-03-31,10649000.0,69331000.0,0.0,0.63,69331000.0,1.0,5141929000.0,514211000.0,4373215000.0,0.0,4627718000.0,0.0,143573000.0,819503407.860951,641072407.860951,30.664291099632425,0.0,0.010625973248560997,0.10625599218997649,0.0,30.664291099632425,0.020709397504137406,11.820158484097314,19.238975675203093,1.593710379320845,0.2875387360315523,0.0,0.0037364091114549017,0.01348346116797801,0.0,0.00207101264914393,42.16203158208319,1.0,0.6578947368421053,0.07572176320623135,0.3728986209859254,0.4077171494677414,-0.06097544458439993,0.8018612521150592,0.0,-0.836690917914763,-0.6013705938775948,0.15332527567157916,Banks—Regional,Financial Services,SSB
2012Q4,2012,Q4,2013-03-04,2012-12-31,5910000.0,73833000.0,0.0,0.38,73833000.0,1.0,5136446000.0,507549000.0,4334971000.0,0.0,4628897000.0,0.0,135986000.0,615576564.96,468747564.96000004,33.128809608476814,0.0,0.010687740122255738,0.10816098544179971,0.0,33.128809608476814,0.011644195929851107,8.33741775303726,26.0396178071066,1.2128416467375565,0.460575296108291,0.0,0.004421870738657627,0.014374335873481392,0.0,0.00115060101868101,7.213224337473635,1.0,-0.36666666666666664,-0.24221215608931,0.8672467389319066,0.5559672929357371,0.3166595334902632,-0.3478980470043032,0.0,2.19755324878099,0.5984990771174128,0.4748826697652264,Banks—Regional,Financial Services,SSB
2012Q3,2012,Q3,2012-11-09,2012-09-30,9063000.0,56076000.0,0.0,0.6,56076000.0,1.0,4325232000.0,433924000.0,3639675000.0,0.0,3891308000.0,0.0,132798000.0,605470795.180846,543085795.180846,29.08255349060814,0.0,0.010590645773452152,0.10556456891068482,0.0,29.08255349060814,0.020886145961043868,10.797324972909015,16.701721151408087,1.395338343075852,0.28346022288425465,0.0,0.004242979216252163,0.012964853677213154,0.0,0.002095378929962601,-16.69343245604759,1.0,0.09090909090909079,-0.00941261467486103,0.18923146079170908,0.5249645223573305,0.0331257599764177,0.12850205453866267,0.0,2.5105156930187498,0.4749115786838863,0.29496385036237227,Banks—Regional,Financial Services,SSB
2012Q2,2012,Q2,2012-08-09,2012-06-30,8031000.0,54278000.0,0.0,0.55,54278000.0,1.0,4373269000.0,424906000.0,3675702000.0,0.0,3948363000.0,0.0,126304000.0,516447750.0,419403750.0,29.001842877619275,0.0,0.010542456912666474,0.10850635199314672,0.0,29.001842877619275,0.018900650967508106,9.514863296363167,16.07669499439671,1.215440003200708,0.3192628564313286,0.0,0.004964684229914836,0.012411310623700485,0.0,0.0018363837211934596,22.677076929832264,1.0,0.10000000000000009,-0.09575792647065687,0.20212093718631885,0.5693194378419247,0.1188802539630187,0.1427148548662493,0.0,0.20390230714284766,0.2970942075660586,0.22610310458407148,Banks—Regional,Financial Services,SSB
2012Q1,2012,Q1,2012-05-09,2012-03-31,7028000.0,48511000.0,0.0,0.5,48511000.0,1.0,4046343000.0,386507000.0,3532798000.0,0.0,3659836000.0,0.0,120837000.0,454112916.11700004,168697916.11700004,27.840308290715264,0.0,0.011466403120051859,0.12004181036824689,0.0,27.840308290715264,0.018183370546975865,9.36102978947043,16.153703618276893,1.174915114388614,0.33992601024473534,0.0,0.005260806101768057,0.011988850179038208,0.0,0.0017368769775572659,11.903665000838817,1.0,0.43746117208531793,-0.11187605509880144,0.18410584429072535,0.5274321111965639,-0.022014797492087172,0.4553737833920066,0.0,0.2521368529282965,0.21591019125708227,0.0002398826730402309,Banks—Regional,Financial Services,SSB
2011Q4,2011,Q4,2012-03-09,2011-12-31,4829000.0,49603000.0,0.0,0.34783548224447164,49603000.0,1.0,3896557000.0,381780000.0,3415363000.0,0.0,3514777000.0,0.0,116198000.0,402745830.0,317877830.0,27.499819923647628,0.0,0.011980576698865177,0.12227722772277227,0.0,27.499819923647628,0.012648645816962649,8.119384513033486,20.85037430109754,1.0549159987427315,0.49347691033340235,0.0,0.005916883112110683,0.012729956215192028,0.0,0.0012392992069665606,12.603925330162108,1.0,-0.5299520510209843,-0.3317910050507064,0.22410295484592788,0.552666081111216,-0.019122009096302156,-0.5326171118854046,0.0,0.0957454752023648,0.2988673901252372,0.2552586341552639,Banks—Regional,Financial Services,SSB
2011Q3,2011,Q3,2011-11-08,2011-09-30,10332000.0,50570000.0,0.0,0.74,50570000.0,1.0,3935518000.0,381722000.0,3461563000.0,0.0,3553796000.0,0.0,113752000.0,341028240.0,251514240.0,27.62498190765668,0.0,0.01193108505665582,0.12300836734586951,0.0,27.62498190765668,0.02706681826040941,6.743686770812735,8.251747967479675,0.8933942502659004,0.23035230352303523,0.0,0.006978894181901182,0.01284964266457427,0.0,0.0026253214951627714,6.033868964419045,1.0,1.1142857142857143,0.2870595929594232,0.23889390380379114,0.5600182961507787,0.08071720129079135,1.1008540056933713,0.0,60.02965977056574,0.6863967443245002,0.27326500151372013,Banks—Regional,Financial Services,SSB
2011Q2,2011,Q2,2011-08-09,2011-06-30,4918000.0,46793000.0,0.0,0.35,46793000.0,1.0,3839935000.0,371105000.0,3437035000.0,0.0,3468830000.0,0.0,105799000.0,395927400.0,353795400.0,26.881926838102135,0.0,0.012050985238031373,0.12469516713598577,0.0,26.881926838102135,0.013252314035111356,8.461252751479922,20.126443676291178,1.066887808032767,0.48393655957706383,0.0,0.006011203063996076,0.012185883354796371,0.0,0.0012807508460429668,931.5938823529411,1.0,0.8421052631578946,-0.35506878758982,0.1702989153128784,0.575068526736498,0.0833970040054641,0.9546899841017488,0.0,-0.41426823641727245,0.08140182893258066,0.22718594227122618,Banks—Regional,Financial Services,SSB
2011Q1,2011,Q1,2011-05-10,2011-03-31,2516000.0,43191000.0,0.0,0.19,43191000.0,1.0,3962866000.0,366050000.0,3579445000.0,0.0,3596816000.0,0.0,103262000.0,438796786.81499994,354765786.81499994,27.76260902540766,0.0,0.011755885765504057,0.12726949870236307,0.0,27.76260902540766,0.0068733779538314435,10.159449580120857,43.60063461993243,1.1987345630788142,0.9423688394276629,0.0,0.005403412402378487,0.010898930218685163,0.0,0.000634894038809286,10.383756609754364,1.0,3.481484794275492,-0.635701730793946,0.22575122338833017,0.6714290664364543,1.7942880261875425,3.5008944543828266,0.0,-0.6767563036144202,0.087758694914834,0.2745085386794654,Banks—Regional,Financial Services,SSB
2010Q4,2010,Q4,2011-03-16,2010-12-31,559000.0,-54377000.0,0.0,0.042396662874478575,-54377000.0,1.0,3594791000.0,329957000.0,3206610000.0,0.0,3264834000.0,0.0,103117000.0,431808750.0,394921750.0,25.025180128934394,0.0,0.013068353626121796,0.1423761277984707,0.0,25.025180128934394,0.0016941601481405154,-7.941018261397282,193.116614490161,1.3086818888521838,3.8855098389982112,0.0,0.005030004602732113,-0.015126609585925857,0.0,0.00015550278166380187,9.308028496906728,1.0,-0.6971666937537245,-0.9051714931241642,-2.5638296916398366,0.5407558711527518,-2.2362342563542947,-0.6871852266368215,0.0,-0.9167155403160039,-2.5979325723646802,0.17536253915033273,Banks—Regional,Financial Services,SSB
2010Q3,2010,Q3,2010-11-09,2010-09-30,1787000.0,43986000.0,0.0,0.14,43986000.0,1.0,3612864000.0,335195000.0,3185237000.0,0.0,3277669000.0,0.0,104730000.0,393617812.62,378575812.62,26.560618066561013,0.0,0.01721155293971763,0.18551291039544146,0.0,26.560618066561013,0.0053312251077730875,8.948706693493385,55.06684563794069,1.1742950002834172,1.2154448796866257,0.0,0.005518042960359766,0.012174828612424934,0.0,0.0004946214416042231,-9.906821016309273,1.0,1.8,-0.7296715024276614,0.2490074058323429,0.7508675208760571,0.016876271499907527,2.1078260869565217,0.0,-0.7690770236358396,0.10287327630399855,0.39272503208732934,Banks—Regional,Financial Services,SSB
2010Q2,2010,Q2,2010-08-06,2010-06-30,575000.0,43256000.0,0.0,0.05,43256000.0,1.0,3618646000.0,334603000.0,3167055000.0,0.0,3284043000.0,0.0,105115000.0,444194652.61200005,433995652.61200005,26.530526482714876,0.0,0.017287405289160642,0.18695887365026614,0.0,26.530526482714876,0.0017184544071631156,10.268971994914002,193.12810983130439,1.3275274059467488,3.779130434782609,0.0,0.004891999458395317,0.011953642329202692,0.0,0.0001588992125784064,26.189178268498324,1.0,-0.9870466321243524,-0.9061351421591409,0.3182839717780497,0.8011388571150607,-0.6687648365112183,-0.9882559588243705,0.0,-0.9247916197348156,0.11289447776648023,0.4355939752240379,Banks—Regional,Financial Services,SSB
2010Q1,2010,Q1,2010-05-10,2010-03-31,48961000.0,130590000.0,0.0,3.86,130590000.0,1.0,3665184000.0,334766000.0,3208200000.0,0.0,3330418000.0,0.0,106713000.0,466370652.59099996,441951652.59099996,26.587721388293225,0.0,0.01716939722535076,0.18797906597444186,0.0,26.587721388293225,0.14625439859483938,3.5712585388697446,2.3813374552756272,1.3931243094908083,0.04417801923980311,0.0,0.004637941920193933,0.03562986196600225,0.0,0.013358401651867956,-107.90621300115686,1.0,30.99556287030941,7.005882110559451,3.358947623981734,0.8439021034862066,2.4402002107481557,31.232389730085583,0.0,5.822054831399389,2.5146600021778056,0.45871011872273326,Banks—Regional,Financial Services,SSB
2009Q4,2009,Q4,2010-03-12,2009-12-31,1519000.0,37960000.0,0.0,0.12064172821856882,37960000.0,1.0,2702188000.0,282819000.0,2356359000.0,0.0,2419369000.0,0.0,59915000.0,348644802.59099996,411571802.59099996,22.461996664284012,0.0,0.05315100207683551,0.5078300962806601,0.0,22.461996664284012,0.00537092628147331,9.184531153609061,57.380645587722185,1.2327488697400104,1.4252797893350888,0.0,0.006209758424363467,0.014047875277367823,0.0,0.0005621370533804458,56.84735082194684,1.0,-0.2903427751848893,-0.7047585440609188,0.30408249057741343,0.5843560025645332,0.18728887776804704,-0.30032243205895903,0.0,-0.7682413322479352,0.03290244690232007,0.2682257713504709,Banks—Regional,Financial Services,SSB
2009Q3,2009,Q3,2009-11-09,2009-09-30,2171000.0,31972000.0,0.0,0.17,31972000.0,1.0,2776684000.0,281783000.0,2429045000.0,0.0,2494901000.0,0.0,60561000.0,352570700.0,440044700.0,22.458197178608433,0.0,0.051877707366052454,0.5112018822994999,0.0,22.458197178608433,0.007704510208209864,11.02748342299512,40.60003454629204,1.2512135224623202,0.9944725932749885,0.0,0.006123594501755251,0.01151445393138002,0.0,0.0007818678682918185,7.240834223281031,1.0,0.30769230769230776,-0.6259511244180109,0.1440501119749714,0.622663899321441,-0.05352279455298994,-0.5968430826369545,0.0,-0.7021625038448589,-0.1373864874338844,0.2682433101424194,Banks—Regional,Financial Services,SSB
2009Q2,2009,Q2,2009-08-10,2009-06-30,5385000.0,33780000.0,0.0,0.13,33780000.0,1.0,2807309000.0,279752000.0,2479602000.0,0.0,2527557000.0,0.0,60550000.0,280181641.82699996,343569641.82699996,23.653673797243595,0.0,0.051447845605880935,0.516278703994967,0.0,23.653673797243595,0.01924919214161114,8.294305560301952,13.00750426309192,1.0015357953723296,0.5166202414113278,0.0,0.009929272959710059,0.012032875611484166,0.0,0.0019182070801611081,-331.1839737907801,1.0,-0.6060606060606061,0.16740415104458722,0.24269940559062825,0.7711329369582333,0.05138659777770861,0.1913716814159292,0.0,-0.17572449676801763,-0.013862731221524194,0.3859184039934118,Banks—Regional,Financial Services,SSB
2009Q1,2009,Q1,2009-05-11,2009-03-31,4520000.0,32129000.0,0.0,0.33,32129000.0,1.0,2839584000.0,311180000.0,2499058000.0,0.0,2528404000.0,0.0,60952000.0,233661999.99999997,336638000.0,27.833631484794275,0.0,0.0538103468677102,0.4910309145831994,0.0,27.833631484794275,0.014525355099942155,7.272619751626256,12.923783185840708,0.750890160035992,0.4836283185840708,0.0,0.009355393688319027,0.011314685531401783,0.0,0.0015917824582755784,-11.740039190071847,1.0,0.039560439560439545,0.01303057407708562,0.3340997939180648,1.0411470928327147,0.0447096312674774,0.27359819667511975,0.0,-0.22816718933502383,0.07533706424745176,0.6757049254841379,Banks—Regional,Financial Services,SSB
2008Q4,2008,Q4,2009-03-16,2008-12-31,3549000.0,30754000.0,0.0,0.3174418604651163,30754000.0,1.0,2766710000.0,244928000.0,2415203000.0,0.0,2521782000.0,0.0,59171000.0,385710000.0,514722000.0,21.907692307692308,0.0,0.06414730853613136,0.7246088646459368,0.0,21.907692307692308,0.014489972563365561,12.541783182675424,27.170329670329668,1.5747893258426966,0.5387433079740772,0.0,0.004957092115838324,0.011115729512670284,0.0,0.0012827509930567352,-140.92436974789916,1.0,30.74418604651163,-0.2700806075803302,0.2928745219317025,0.6446271474122189,0.4002003278091422,27.620967741935484,0.0,-0.28997860664370495,0.04307167345080023,0.3488176857299692,Banks—Regional,Financial Services,SSB
2008Q3,2008,Q3,2008-11-07,2008-09-30,124000.0,21964000.0,0.0,0.01,21964000.0,1.0,2766745000.0,219587000.0,2400840000.0,0.0,2547158000.0,0.0,57534000.0,380549579.758,495650579.758,21.696176267167274,0.0,0.06243365398690519,0.7866494828928853,0.0,21.696176267167274,0.0005646964528865552,17.326059905208524,767.2370559637096,1.7330241761033214,14.008064516129032,0.0,0.0045644512368259536,0.007938570413970206,0.0,4.4818008164829066e-05,38.50547199817869,1.0,-0.9833333333333333,-0.9733052193014193,-0.04952189481819953,0.672329842643364,-0.3068888257755057,-0.9798341193690031,0.0,-0.976610286972457,-0.22232541041136095,0.43020505991951,Banks—Regional,Financial Services,SSB
2008Q2,2008,Q2,2008-08-08,2008-06-30,6149000.0,31689000.0,0.0,0.6,31689000.0,1.0,2774387000.0,221463000.0,2397410000.0,0.0,2552924000.0,0.0,59147000.0,288741589.89,388336589.89,21.905341246290803,0.0,0.05776014665581983,0.7235926543034277,0.0,21.905341246290803,0.02776536035364824,9.111729303228248,11.73937184460888,1.303791558364151,0.2818344446251423,0.0,0.006001906412790099,0.011421982585702716,0.0,0.0022163454485621507,29.21303013860785,1.0,0.03448275862068969,0.3519176860101726,0.45976994196936116,0.7170253770223098,0.04175022190078569,0.031192352842528928,0.0,0.25219648854078935,0.20476947734912315,0.4871382715591786,Banks—Regional,Financial Services,SSB
2008Q1,2008,Q1,2008-05-12,2008-03-31,5963000.0,30419000.0,0.0,0.58,30419000.0,1.0,2678248000.0,220030000.0,2310712000.0,0.0,2458218000.0,0.0,54731000.0,341413789.899,443923789.899,21.782991782991783,0.0,0.06472141489511053,0.7878016634095351,0.0,21.782991782991783,0.02710084988410671,11.223701959268878,14.313843279347642,1.551669271912921,0.29029012242159985,0.0,0.005070093977493058,0.011357798082925852,0.0,0.002226455503747226,-235.2955133694004,1.0,0.13935822637106185,0.4592986475301588,0.440358346315023,0.7436249050799254,0.16682009973149214,0.15966549980552314,0.0,0.2154009554117662,0.265646768163169,0.5106862217446948,Banks—Regional,Financial Services,SSB
2007Q4,2007,Q4,2008-03-17,2007-12-31,5142000.0,26070000.0,0.0,0.509058509058509,26070000.0,1.0,2597183000.0,215065000.0,2221511000.0,0.0,2382118000.0,0.0,50499000.0,319898670.0,397726670.0,21.291456291456292,0.0,0.055390783013749896,0.6689140492409271,0.0,21.291456291456292,0.023909050752098204,12.2707583429229,15.553221995332557,1.4874510961802245,0.3045507584597433,0.0,0.004895300127380961,0.0100377986456865,0.0,0.0019798373853517444,591.3099260628466,1.0,-0.16547785400244422,0.13287220233536012,0.24969745677446806,0.7397170432041346,-0.10344590411995323,-0.08862105636299185,0.0,0.24579759915507562,0.11638950236720225,0.5017919859434027,Banks—Regional,Financial Services,SSB
2007Q3,2007,Q3,2007-11-08,2007-09-30,5642000.0,29078000.0,0.0,0.61,29078000.0,1.0,2267243000.0,175472000.0,1939536000.0,0.0,2091771000.0,0.0,46923000.0,333352230.0,372456230.0,19.07097054667971,0.0,0.039195181107627194,0.5064340749521291,0.0,19.07097054667971,0.03215327801586578,11.464070087351262,14.77101338177951,1.8997459993617212,0.2773839064161645,0.0,0.00469473385553773,0.012825268398667456,0.0,0.0024884849131742827,20.400993268053856,1.0,0.016666666666666684,0.43839708727312254,0.4299388206402685,0.44355687843155406,0.026693030153237766,0.012744570095135523,0.0,0.3255816368543722,0.418876654695247,0.37792785346972047,Banks—Regional,Financial Services,SSB
2007Q2,2007,Q2,2007-08-08,2007-06-30,5571000.0,28322000.0,0.0,0.6,28322000.0,1.0,2274951000.0,169836000.0,1956514000.0,0.0,2105115000.0,0.0,42846000.0,334516018.38,374874018.38,18.480522306855278,0.0,0.04434469138016599,0.5939965613886338,0.0,18.480522306855278,0.0328022327421748,11.811172176399971,15.011488887991383,1.9696414092418568,0.28056004308023696,0.0,0.004672421989145165,0.012449498912284265,0.0,0.0024488439531225067,26.323262384324835,1.0,0.07142857142857129,0.5003509249183896,0.598107734029335,0.581206577645986,0.05001297593890187,0.06928982725527831,0.0,0.5542746704155751,0.3408785679335997,0.3837791977023454,Banks—Regional,Financial Services,SSB
2007Q1,2007,Q1,2007-05-09,2007-03-31,5210000.0,26973000.0,0.0,0.56,26973000.0,1.0,2242500000.0,166600000.0,1940684000.0,0.0,2075900000.0,0.0,38838000.0,331429108.97929806,415906108.97929806,18.22687115626085,0.0,0.0626082497212932,0.8427310924369747,0.0,18.22687115626085,0.03127250900360144,12.28743962404249,15.903508108411614,1.9893704020366028,0.2942418426103647,0.0,0.004625423532414455,0.01202809364548495,0.0,0.0023232998885172797,-92.01252331463022,1.0,0.07578742328709562,0.4107499810455857,0.5567406334057344,0.6153632226692104,0.011019903294726189,0.0949978982765868,0.0,0.4282386171742499,0.36993288513883393,0.3366464628362624,Banks—Regional,Financial Services,SSB
