Quarters,Year,Quarter,FillingDate,Date,NetIncome,Revenue,OperatingIncome,EPSDiluted,GrossProfit,GrossProfitRatio,TotalAssets,CommonStockEquity,CurrentAssets,CurrentLiability,TotalLiability,Inventory,RetainedEarnings,MarketCap,EnterpriseValue,bookValuePerShare,currentRatio,debtToAssets,debtToEquity,roic,shareholdersEquityPerShare,roe,priceToSalesRatio,peRatio,pbRatio,payoutRatio,inventoryTurnover,dividendYield,assetTurnover,quickRatio,returnOnAssets,priceToFreeCashFlowsRatio,grossProfitMargin,epsdilutedGrowth,fiveYNetIncomeGrowthPerShare,fiveYRevenueGrowthPerShare,fiveYShareholdersEquityGrowthPerShare,grossProfitGrowth,netIncomeGrowth,operatingIncomeGrowth,threeYNetIncomeGrowthPerShare,threeYRevenueGrowthPerShare,threeYShareholdersEquityGrowthPerShare,Industry,Sector,Symbol
2023Q4,2023,Q4,2023-05-23,2023-03-31,18176000.0,24513000.0,26972000.0,0.61,24513000.0,1.0,1257684000.0,590408000.0,40662000.0,0.0,637644000.0,0.0,-41845000.0,533676176.74,1149735176.74,19.670082153796837,0.0,0.5069985783392331,1.080005690979797,0.021125249419164382,19.670082153796837,0.030785490711507973,21.77114905315547,7.340396357009243,0.9039108154699801,1.151243397887324,0.0,0.039209170114772394,0.019490587460761207,0.0,0.014451960905919135,-15.895519650324657,1.0,5.777777777777779,-0.34579516040158337,-0.28841820306580784,0.03237120238977702,1.062515776188473,5.16344523567311,0.9727911059098888,1.44028487209247,2.9354661399110813,0.3113210830788981,Asset Management,Financial Services,CSWC
2023Q3,2023,Q3,2023-01-31,2022-12-31,2949000.0,11885000.0,13672000.0,0.09,11885000.0,1.0,1202157000.0,561487000.0,21686000.0,409000.0,640670000.0,0.0,-40391000.0,536621256.00000006,1126562256.0,17.892373052028336,53.02200488997555,0.5087746442436387,1.0892985946246307,0.005992846892427809,17.892373052028336,0.0052521251605112855,45.151136390408084,45.49179857578841,0.9557144795872391,6.536113936927772,0.0,0.035919188411724035,0.00988639587009018,100.83374083129584,0.0024530905697009624,-5.470535675328516,1.0,-0.7352941176470588,-0.852248691259536,-0.5422289766170859,-0.03475966608868701,-0.28399301162720647,-0.6882004652146331,-0.24196052339764915,1.2489283661487418,3.4283227541010226,0.0384764163568122,Asset Management,Financial Services,CSWC
2023Q2,2023,Q2,2022-11-01,2022-09-30,9458000.0,16599000.0,18036000.0,0.34,16599000.0,1.0,1113171000.0,475724000.0,30238000.0,258000.0,637447000.0,0.0,-29191000.0,474111621.06000006,1047202621.0600001,16.997610271569663,117.2015503875969,0.5419913023246203,1.2682332613027723,0.013858790135074633,16.997610271569663,0.01988127569767344,28.562661669980123,12.532026354937619,0.9966106840520975,1.5105730598435188,0.0,0.030134253971791897,0.014911455652366078,177.58527131782947,0.008496448434247747,-18.408527317414098,1.0,2.4,-0.3740131643265435,-0.22826889329636355,-0.06966618043648151,0.9629848628193,2.7681274900398405,0.8963305646093996,1.2004741755169523,0.3355814659116522,-0.07940066413032075,Asset Management,Financial Services,CSWC
2023Q1,2023,Q1,2022-08-02,2022-06-30,2510000.0,8456000.0,9511000.0,0.1,8456000.0,1.0,1053959000.0,452985000.0,18770000.0,157000.0,600974000.0,0.0,-24362000.0,469959296.28000003,1029156296.28,17.754694430022905,119.55414012738854,0.5483771190340421,1.275907590759076,0.005750158660532301,17.754694430022905,0.005541022329657715,55.577021792809845,46.808694848605576,1.0374720935130304,6.6195219123505975,0.0,0.03535412562644754,0.008023082491823685,223.2484076433121,0.002381496813443407,-6.717638849611916,1.0,-0.8809523809523809,-0.7106867917595483,-0.41003703799568997,-0.011062340418885578,-0.6623138053592109,-0.8723880217601302,-0.6303536727555383,-0.7430106594651975,-0.495882967908273,-0.053127384575763235,Asset Management,Financial Services,CSWC
2022Q4,2022,Q4,2022-05-24,2022-03-31,19669000.0,25041000.0,25730000.0,0.84,25041000.0,1.0,973957000.0,420867000.0,25775000.0,0.0,553090000.0,0.0,-10256000.0,556053747.0600001,1073210747.0600001,17.960806779569012,0.0,0.5427221119618217,1.2559502170519428,0.025600361411080026,17.960806779569012,0.0467344790634571,22.205732481130948,7.067641301794703,1.3212101377869967,0.5987594692155168,0.0,0.02117960729923689,0.0257105806519179,0.0,0.0201949367374535,-12.761721909942166,1.0,0.5555555555555554,1.2494756888864094,0.6771548502960091,0.008682656245742689,0.31242138364779876,0.5660031847133759,0.4361464612636749,0.4021204806274838,0.3007317259939632,-0.03375738146597337,Asset Management,Financial Services,CSWC
2022Q3,2022,Q3,2022-02-01,2021-12-31,12560000.0,19080000.0,17916000.0,0.54,19080000.0,1.0,912555000.0,387337000.0,27908000.0,0.0,525218000.0,0.0,-19542000.0,592374156.1600001,1076658156.16,16.5298895270428,0.0,0.5511470541501609,1.298486847370636,0.019060022573309875,16.5298895270428,0.03242654329434059,31.046863530398326,11.790886866242039,1.529350813787477,1.8246019108280256,0.0,0.038686697860954834,0.020908328813057844,0.0,0.013763553977568475,-16.774484798097074,1.0,3.6999999999999997,0.07874262344371759,0.12028448277875232,-0.08103713261731509,0.0,3.7568042142230027,0.0,1.1242208909164475,0.7064880734679219,-0.109162763716699,Asset Management,Financial Services,CSWC
2022Q2,2022,Q2,2021-11-02,2021-09-30,-4556000.0,18723000.0,0.0,-0.2,0.0,0.0,866822000.0,381945000.0,0.0,0.0,484877000.0,0.0,-15439000.0,567417274.74,1008095274.74,16.94938721139014,0.0,0.5393471785441533,1.2240453468431318,0.0,16.94938721139014,-0.011928419013208708,30.3058951418042,-31.135715251316945,1.4855994311746454,-2.722124670763828,0.0,0.021856930608400674,0.021599590227290032,0.0,-0.0052559810433976065,-162.30471245423342,0.0,-1.2816901408450703,-1.4596065108941916,0.2840482806085015,-0.04436912232301799,0.0,-1.3008849557522124,0.0,-1.5008063654942685,0.28786184424232936,-0.10152870178192142,Asset Management,Financial Services,CSWC
2022Q1,2022,Q1,2021-08-03,2021-06-30,15142000.0,20158000.0,0.0,0.71,0.0,0.0,836048000.0,368095000.0,0.0,0.0,467953000.0,0.0,1518000.0,492519765.32,927521765.3199999,17.361428823966776,0.0,0.5400945878705529,1.2267077792417718,0.0,17.361428823966776,0.04113611975169454,24.43296782022026,8.131682824593845,1.3380235138211602,0.7613261127988377,0.0,0.02340616724794796,0.02411105582454596,0.0,0.018111400302374982,-4.910808982880161,0.0,0.29258241460311246,3.1639739170752135,1.3060946290935864,-0.0010323659126605933,0.0,0.4820397376920818,0.0,-0.008352390264387877,-0.024499218762491254,-0.08610821570763902,Asset Management,Financial Services,CSWC
2021Q4,2021,Q4,2021-05-26,2021-03-31,10217000.0,15413000.0,0.0,0.5492879927644734,0.0,0.0,735584000.0,336251000.0,0.0,0.0,399333000.0,0.0,-2095000.0,412185816.88,761876816.88,18.07758019526739,0.0,0.5183690781746204,1.133986218628346,0.0,18.07758019526739,0.030385039747093688,26.742737746058523,10.085783911128512,1.2258277800809516,1.069100518743271,0.0,0.026500184025448945,0.02095341932396572,0.0,0.013889644146691608,-18.28037151321625,0.0,-0.31339000904440834,0.8523150239725698,0.8414342877549438,0.042650720157373555,0.0,-0.33651535814013894,0.0,-0.406580786156435,-0.2779981423746874,-0.051210205602348444,Asset Management,Financial Services,CSWC
2021Q3,2021,Q3,2021-02-02,2020-12-31,15399000.0,22375000.0,0.0,0.8,0.0,0.0,708834000.0,312650000.0,0.0,0.0,396184000.0,0.0,-6787000.0,339643126.0,678793126.0,16.33931934780273,0.0,0.5401462119480724,1.2246089876859108,0.0,16.33931934780273,0.049253158483927716,15.17958105027933,5.514045165270471,1.0863365616504077,0.6522501461133839,0.0,0.029572216338628325,0.03156592375647895,0.0,0.021724409382168464,310.1763707762557,0.0,-0.09090909090909087,12.21771514170102,7.383460435320879,-0.049561190012286704,0.0,-0.060463697376449056,0.0,0.2653083438087726,0.41338164045849096,-0.11854229635745328,Asset Management,Financial Services,CSWC
2021Q2,2021,Q2,2020-11-02,2020-09-30,16390000.0,21370000.0,0.0,0.88,0.0,0.0,664265000.0,286129000.0,0.0,0.0,378136000.0,0.0,-13482000.0,261336224.15,611287224.15,15.382913191906235,0.0,0.5509277171008559,1.279010516235684,0.0,15.382913191906235,0.0572818553869059,12.229116712681328,3.986214523337401,0.9133510554679883,0.5794996949359366,0.0,0.03634398572525637,0.03217089565158483,0.0,0.024673887680368527,-10.934570048117155,0.0,0.7959183673469388,2.5345816957559024,11.22092089703998,-0.13017100196793593,0.0,0.8463444857496902,0.0,0.6322577934370399,0.4949701114694433,-0.15804373925567264,Asset Management,Financial Services,CSWC
2021Q1,2021,Q1,2020-08-04,2020-06-30,8877000.0,13418000.0,0.0,0.49,0.0,0.0,619096000.0,277859000.0,0.0,0.0,341237000.0,0.0,-20375000.0,244633530.24,561158530.24,15.310817435064621,0.0,0.5354759197281197,1.1930907402675457,0.0,15.310817435064621,0.03194785844619034,18.23174319868833,6.8895327881040895,0.8804232730989459,1.0679283541737072,0.0,0.038751842360691756,0.02167353689896236,0.0,0.014338648610231692,-10.683153423293595,0.0,1.3562686346153845,2.522436692482072,0.9338443753861365,-0.6896489383495531,0.0,1.3556490384615385,0.0,0.4384848367286333,0.31610969779910625,-0.14718645143773426,Asset Management,Financial Services,CSWC
2020Q4,2020,Q4,2020-06-02,2020-03-31,-24960000.0,3766000.0,0.0,-1.3753666542354681,0.0,0.0,584959000.0,272222000.0,0.0,0.0,312737000.0,0.0,-19772000.0,207248880.96,496800880.96000004,15.00020277841697,0.0,0.5184910395429423,1.1141494809383519,0.0,15.00020277841697,-0.09168987076724144,55.031566903876794,-2.075810105769231,0.7613230413412583,-0.3802884615384615,0.0,0.0458000060412003,0.006438058051931845,0.0,-0.04266965718964919,-8.717826145627393,0.0,-2.6193859321986004,-1.6375582352583664,-0.9164584369342994,-0.6954031050048421,0.0,-2.65286111517635,0.0,-4.685840584267415,-0.674317252568496,-0.15758548218614768,Asset Management,Financial Services,CSWC
2020Q3,2020,Q3,2020-02-04,2019-12-31,-6833000.0,1548000.0,0.0,-0.38,0.0,0.0,599348000.0,311856000.0,0.0,0.0,287492000.0,0.0,14229000.0,376664662.56,626779662.56,17.229445724726656,0.0,0.45563011806162695,0.8756637678928736,0.0,17.229445724726656,-0.02191075368118619,243.32342542635658,-13.781086732035707,1.2078159873787901,-3.403775793941168,0.0,0.061747231189480556,0.0025828066498928834,0.0,-0.011400722118034931,-16.563969329815304,0.0,-3.5333333333333337,-1.1911697875865368,-0.9608767909716651,-0.6347526696643431,0.0,-3.503847563209967,0.0,-1.759759004458735,-0.8823323331714976,-0.04214599736398154,Asset Management,Financial Services,CSWC
2020Q2,2020,Q2,2019-11-05,2019-09-30,2729000.0,7891000.0,0.0,0.15,0.0,0.0,585033000.0,328099000.0,0.0,0.0,256934000.0,0.0,55582000.0,387386239.8,604516239.8,18.46363516601087,0.0,0.42245309238966006,0.7532756881307167,0.0,18.46363516601087,0.008317611452640818,49.092160664047654,35.48792962623672,1.1806992395587916,3.2847196775375593,0.0,0.02313969645547539,0.013488128020128779,0.0,0.004664694128365408,235.35008493317133,0.0,-0.6052631578947368,1.0780203390254945,-0.1052689964028351,-0.621588579992179,0.0,-0.5934753463429168,0.0,-0.6508877212792916,-0.3137267186415322,0.04100635962492796,Asset Management,Financial Services,CSWC
2020Q1,2020,Q1,2019-08-06,2019-06-30,6713000.0,11529000.0,0.0,0.38,0.0,0.0,564176000.0,328814000.0,0.0,0.0,235362000.0,0.0,61817000.0,370534074.12,585005074.12,18.750879622881577,0.0,0.40136411332633787,0.6886568090166477,0.0,18.750879622881577,0.020415797380890107,32.13930732240437,13.799123868613139,1.126880467741641,1.2854163563235512,0.0,0.023288006698151707,0.020435112447179604,0.0,0.01189876917841241,-120.30327081818182,0.0,-0.36524565441036383,-0.7008002489097045,-0.5390450982223691,-0.633544888579668,0.0,-0.3605448656887026,0.0,1.2319641017337852,0.594656406958522,0.07891591434389178,Asset Management,Financial Services,CSWC
2019Q4,2019,Q4,2019-06-04,2019-03-31,10498000.0,14407000.0,0.0,0.5986567916238688,0.0,0.0,551843000.0,325963000.0,0.0,0.0,225880000.0,0.0,63734000.0,379126676.88,585301676.88,18.588299082500587,0.0,0.39159507323640963,0.6629556115264615,0.0,18.588299082500587,0.03220610928234186,26.315449217741374,9.028545362926273,1.1630972744759374,0.7986283101543151,0.0,0.02211398065943452,0.026107063059602097,0.0,0.019023526618984023,-22.111669012014463,0.0,1.394627166495475,8.52030612445952,19.49078492392038,-0.6280947487062448,0.0,1.4300925925925927,0.0,1.0187970316758563,0.8257328780175202,0.07210717449582922,Asset Management,Financial Services,CSWC
2019Q3,2019,Q3,2019-02-05,2018-12-31,4320000.0,8169000.0,0.0,0.25,0.0,0.0,523781000.0,317676000.0,0.0,0.0,206105000.0,0.0,59821000.0,329053261.53999996,515239261.53999996,18.555454188250863,0.0,0.3760350222707582,0.6200027701179819,0.0,18.555454188250863,0.013598761001775393,40.28072732770229,19.042434116898146,1.0358140417910071,1.836111111111111,0.0,0.024105520069539803,0.015596212921049065,0.0,0.00824772185321728,643.9398464579256,0.0,-0.37500000000000006,-0.9352704762878706,-0.8817722052517676,-0.6307341590303467,0.0,-0.3442622950819672,0.0,4.517282820534766,2.420903525627519,0.07934874287369278,Asset Management,Financial Services,CSWC
2019Q2,2019,Q2,2018-11-07,2018-09-30,6588000.0,10528000.0,0.0,0.4,0.0,0.0,516507000.0,307848000.0,0.0,0.0,208659000.0,0.0,-5383000.0,314298874.62,504512874.62,18.864695227332852,0.0,0.38800442201170554,0.6509933473662327,0.0,18.864695227332852,0.021400171513214314,29.85361651025836,11.926945758196721,1.020954739416855,3.292956891317547,0.0,0.06902347336187226,0.02038307322069207,0.0,0.012754909420395076,-5.25196969821536,0.0,-0.44387054974786483,-0.8612688304734715,-0.7886157426912671,-0.5959366924615723,0.0,-0.43465202093881405,0.0,1.7030745785672923,5.862494852770261,0.06670685474613938,Asset Management,Financial Services,CSWC
2019Q1,2019,Q1,2018-08-07,2018-06-30,11653000.0,15770000.0,0.0,0.719257,0.0,0.0,450926000.0,307381000.0,0.0,0.0,143545000.0,0.0,-2157000.0,293025070.01,402139070.01,18.99724794813641,0.0,0.26976931913440344,0.39574989996128584,0.0,18.99724794813641,0.03791060605567683,18.581171211794548,6.286472796919248,0.9532959747349381,0.3883120226551103,0.0,0.015442364709086416,0.034972478854623595,0.0,0.02584237768503036,-16.07642892467219,0.0,-0.22295602832429726,0.1882952822334973,0.29256345252222593,-0.5662805099970637,0.0,-0.22194030847299193,0.0,4.186262388988693,1.5492075127467984,-0.6149248010992286,Asset Management,Financial Services,CSWC
2018Q4,2018,Q4,2018-06-05,2018-03-31,14977000.0,18570000.0,0.0,0.9256323016687401,0.0,0.0,417490000.0,308288000.0,0.0,0.0,109202000.0,0.0,6147000.0,275388552.82,362786552.82,19.05330380028394,0.0,0.2282809169081894,0.30914274963670335,0.0,19.05330380028394,0.04858119680298941,14.82975513301023,4.596857728850904,0.893283400002595,0.28056353074714563,0.0,0.015258441053454098,0.044480107307959475,0.0,0.035873913147620305,-22.226679000807103,0.0,0.46182089792206327,-0.6560421621519626,-0.6043762490841744,-0.5594928211801649,0.0,0.462169286341892,0.0,-0.5709184202389228,-0.5379659876955556,-0.613100085199088,Asset Management,Financial Services,CSWC
2018Q3,2018,Q3,2018-02-06,2017-12-31,10243000.0,13324000.0,0.0,0.633205,0.0,0.0,402850000.0,298530000.0,0.0,0.0,104320000.0,0.0,6261000.0,266534539.3,336243539.3,18.53670264640257,0.0,0.22399404244756113,0.3022677787827019,0.0,18.53670264640257,0.0343114594848089,20.004093312818974,6.50528505564776,0.8928232984959636,0.3745972859513814,0.0,0.01439588283783827,0.033074345289810105,0.0,0.02542633734640685,-6.3282810033714805,0.0,0.17789803040336916,-0.6431857905128927,-0.579777981737343,-0.5516694373211998,0.0,0.18512090709244475,0.0,-0.6779210736839584,-0.6215352481830054,-0.6070401066293234,Asset Management,Financial Services,CSWC
2018Q2,2018,Q2,2017-11-07,2017-09-30,8643000.0,12304000.0,0.0,0.537572,0.0,0.0,368670000.0,292514000.0,0.0,0.0,76156000.0,0.0,-1277000.0,274255257.03,296926257.03,18.270442194119497,0.0,0.1518973607833564,0.19144382832958423,0.0,18.270442194119497,0.029547303718796367,22.289926611671,7.932872180666434,0.9375799347381664,0.3882911026264029,0.0,0.012236775463643698,0.033374020126400304,0.0,0.02344373016518838,-42.07014220432581,0.0,0.5870877076961231,-0.832866164765311,7.885667822567422,-0.5285692401702954,0.0,0.5876193975018369,0.0,1.2742577501745345,0.5484488509024285,-0.6255480617611605,Asset Management,Financial Services,CSWC
2018Q1,2018,Q1,2017-08-08,2017-06-30,5444000.0,8994000.0,0.0,0.338716,0.0,0.0,331190000.0,287427000.0,0.0,0.0,43763000.0,0.0,-1377000.0,257436024.23999998,270077024.24,17.953299945664202,0.0,0.07548537093511277,0.08697860674188576,0.0,17.953299945664202,0.018940461404113044,28.623084749833218,11.822006991182953,0.8956570685426211,1.320903747244673,0.0,0.027933153571762917,0.027156617047616172,0.0,0.01643769437483016,-90.77433858956276,0.0,-0.09227610288784734,1.4447741085477808,4.882014168623931,-0.5059142476656988,0.0,-0.08871777703381319,0.0,-0.7342287025590377,-0.6061189735999475,-0.6491322719643184,Asset Management,Financial Services,CSWC
2017Q4,2017,Q4,2017-06-01,2017-03-31,5974000.0,10201000.0,0.0,0.3731487086300102,0.0,0.0,325752000.0,285072000.0,0.0,0.0,40680000.0,0.0,-1457000.0,270724077.73,273338077.73,17.806201651585916,0.0,0.07674549964390089,0.08769714317786384,0.0,17.806201651585916,0.020956109333782343,26.53897438780512,11.329263380063608,0.949669128255318,0.4527954469367258,0.0,0.009991723021761533,0.03131523367469732,0.0,0.018339104594906553,-15.704163682928245,0.0,-0.2384720232040608,-0.9264645929032298,6.707148086430106,-0.5697235734575326,0.0,-0.2423589093214965,0.0,5.687481304993756,14.891802737450222,-0.6437425570554417,Asset Management,Financial Services,CSWC
2017Q3,2017,Q3,2017-02-07,2016-12-31,7885000.0,11534000.0,0.0,0.49,0.0,0.0,312334000.0,285444000.0,0.0,0.0,26890000.0,0.0,1808000.0,256283978.54999998,238612978.54999998,17.987548913833574,0.0,0.04802551115152369,0.05254971202757809,0.0,17.987548913833574,0.027623631955830216,22.21986982399861,8.125680993975903,0.8978432846723,0.29790741915028535,0.0,0.0091656139150412,0.03692841637477828,0.0,0.025245410361984286,-6.575599193072482,0.0,0.11950358012675513,-0.8494298702878118,0.9903619430416781,-0.49791644049841466,0.0,0.1397802833188783,0.0,-0.8725369670761408,-0.8199079566023795,-0.6420358505233842,Asset Management,Financial Services,CSWC
2017Q2,2017,Q2,2016-11-08,2016-09-30,6918000.0,10176000.0,0.0,0.437694,0.0,0.0,307275000.0,278929000.0,0.0,0.0,28346000.0,0.0,-1234000.0,231178359.29999998,173338359.29999998,17.7363327277494,0.0,0.0,0.0,0.0,17.7363327277494,0.024802010547486996,22.71799914504717,8.354233857328708,0.8288071849825583,0.04553339115351258,0.0,0.0013625842875336993,0.033116914815718816,0.0,0.022514034659506955,-6.36802356003636,0.0,1.5746705882352938,1.257029750453869,6.730871840229452,-0.4695734737334294,0.0,1.5650723025583981,0.0,-0.8488327490048444,-0.7879879412848789,-0.6201051127932947,Asset Management,Financial Services,CSWC
2017Q1,2017,Q1,2016-08-09,2016-06-30,2697000.0,6483000.0,0.0,0.17,0.0,0.0,280856000.0,273284000.0,0.0,0.0,7572000.0,0.0,-875000.0,214955555.4,117998555.4,17.379370693854604,0.0,0.0,0.0,0.0,17.379370693854604,0.00986885437859516,33.15680323924109,19.925431535038932,0.7865647289998683,0.2317389692250649,0.0,0.002907577795963304,0.023083003389637393,0.0,0.009602785769219814,72.66922089249493,0.0,-0.42672412609907784,1.2198903546162474,3.620554661148311,-0.558405431523408,0.0,-0.4216169847737508,0.0,-0.7170082714844087,-0.4532329064787423,-0.6032176968743499,Asset Management,Financial Services,CSWC
2016Q4,2016,Q4,2016-06-14,2016-03-31,4663000.0,7076000.0,0.0,0.29654134726308173,0.0,0.0,284493000.0,272635000.0,0.0,0.0,11858000.0,0.0,-307000.0,218100479.39999998,122131479.39999998,17.338097836386506,0.0,0.0,0.0,0.0,17.338097836386506,0.017103453335045024,30.822566336913507,11.693141722067336,0.7999724151337869,0.0,0.0,0.0,0.02487231671781028,0.0,0.016390561454939136,-2.097220822154911,0.0,5.133556555102896,-0.8423605437852094,4.606979516925181,-0.5690226797472374,0.0,5.126548672566372,0.0,-0.8898075181113807,-0.844881196694686,-0.5991479144999992,Asset Management,Financial Services,CSWC
2016Q3,2016,Q3,2016-02-09,2015-12-31,-1130000.0,2197000.0,0.0,-0.07174,0.0,0.0,286580000.0,270785000.0,0.0,0.0,15795000.0,0.0,-16574000.0,218627238.96,74947238.96000001,17.19134275252707,0.0,0.0,0.0,0.0,17.19134275252707,-0.004173052421662943,99.51171550295858,-48.368858176991154,0.8073831229942575,-0.0017699115044247787,0.0,9.147990934313172e-06,0.0076662711982692444,0.0,-0.003943052550771164,10.920441506493507,0.0,0.8750616071319725,0.8600187777906907,-0.3394531475573827,-0.6257923154384203,0.0,0.8737147966025928,0.0,-1.0402470548369718,-0.9291540659002204,-0.5842084476151234,Asset Management,Financial Services,CSWC
2016Q2,2016,Q2,2015-11-09,2015-09-30,-8948000.0,1465000.0,0.0,-0.574203,0.0,0.0,285650000.0,275591000.0,0.0,0.0,10059000.0,0.0,-18097000.0,738649936.8,554538936.8,17.68498547037309,0.0,0.0,0.0,0.0,17.68498547037309,-0.03246840426574162,504.19790907849824,-20.637291484130532,2.680239691426788,-1.4528386231560124,0.0,0.017599676588776227,0.005128653947138106,0.0,-0.03132504813583056,-47.617969107787516,0.0,-5.1349430386127635,-1.3555438054665887,0.19899830183305786,-0.49535599755625637,0.0,-5.134935304990758,0.0,-1.1777719008791285,0.0869727352872011,-0.5436757332256201,Asset Management,Financial Services,CSWC
2016Q1,2016,Q1,2015-08-07,2015-06-30,2164000.0,5958000.0,0.0,0.138866,0.0,0.0,776137000.0,768786000.0,0.0,0.0,7351000.0,0.0,-8762000.0,778075766.76,565452766.76,49.33386518364622,0.0,0.0,0.0,0.0,49.33386518364622,0.002814827533279742,130.5934486002014,89.88860521719039,1.0120836835738425,0.7125693160813309,0.0,0.0019818121394797727,0.007676479796736916,0.0,0.002788167552893368,-64.73714674764956,0.0,-0.9356279566436029,-0.7675877517240992,1.2076947819857318,0.7041830706081593,0.0,-0.9356278073593718,0.0,1.1816358580073285,3.0031017947718563,0.3576980259112493,Asset Management,Financial Services,CSWC
2015Q4,2015,Q4,2015-06-03,2015-03-31,33617000.0,38709000.0,0.0,2.157240826287985,0.0,0.0,776872000.0,767418000.0,0.0,0.0,9454000.0,0.0,-4390000.0,723378271.44,497581271.44000006,49.24607907987843,0.0,0.0,0.0,0.0,49.24607907987843,0.04380533164455355,18.68759904518329,5.37955700568165,0.9426131149386644,0.0,0.0,0.0,0.04982674108476042,0.0,0.04327225076975358,-29.79440139379711,0.0,2.4099613243712317,0.24949509814198811,37.4930462332464,0.732459553690321,0.0,0.09523033817684239,0.0,-0.5748783830734074,29.045944456126318,0.1900026374142858,Asset Management,Financial Services,CSWC
2015Q3,2015,Q3,2015-02-06,2014-12-31,30694000.0,33978000.0,0.0,-1.53,0.0,0.0,795913000.0,733210000.0,0.0,0.0,62703000.0,0.0,-238000.0,589247716.12,339811716.12,47.17199632614165,0.0,0.0,0.0,0.0,47.17199632614165,0.04186249505598669,17.34203649773383,4.799372158402293,0.8036547730118246,0.050205251840750635,0.0,0.0026151989355970217,0.042690595580170194,0.0,0.03856451647353417,4.604756895401087,0.0,0.22270948233467586,6.295674516049247,11.858396619827205,0.5467377412833371,0.0,2.00339980385747,0.0,-0.4015947117189183,4.986248362508778,0.31670434574941897,Asset Management,Financial Services,CSWC
2015Q2,2015,Q2,2014-11-07,2014-09-30,-30590000.0,7713000.0,0.0,-1.968376,0.0,0.0,766507000.0,758271000.0,0.0,0.0,8236000.0,0.0,-3125000.0,555891983.6400001,432941983.6400001,48.79248931131429,0.0,0.0,0.0,0.0,48.79248931131429,-0.040341777543912404,72.0720839673279,-4.543085842105263,0.733104633620434,0.0,0.0,0.0,0.01006253041394273,0.0,-0.03990831133962247,16.02040357474279,0.0,-2.5384427805480434,-2.008159198945583,5.987614144649469,0.6095523243276428,0.0,-2.551138380406673,0.0,-0.15011345760294148,4.9297048657372065,0.45919852827339736,Asset Management,Financial Services,CSWC
2015Q1,2015,Q1,2014-08-07,2014-06-30,19721000.0,21984000.0,0.0,1.27946,0.0,0.0,796544000.0,788684000.0,0.0,0.0,7860000.0,0.0,-1886000.0,555041287.3199999,466891287.31999993,51.16828511466418,0.0,0.0,0.0,0.0,51.16828511466418,0.02500494494626492,25.24751125,7.036170672379697,0.7037562411815125,0.07814005374980985,0.0,0.002776370038057298,0.02759922866784509,0.0,0.024758205447533346,363.24691578534026,0.0,17.07253272430318,0.7907159439627307,16.939305340993595,0.8047236225662391,0.0,17.072534637326815,0.0,2.6403335097456737,14.984637685134556,0.30014125269145886,Asset Management,Financial Services,CSWC
2014Q4,2014,Q4,2014-06-03,2014-03-31,-1227000.0,618000.0,0.0,-0.0796053753286398,0.0,0.0,778694000.0,770388000.0,0.0,0.0,8306000.0,0.0,1138000.0,535157831.03999996,446994831.03999996,49.98127619289336,0.0,0.0,0.0,0.0,49.98127619289336,-0.0015927039361983831,865.9511829126213,-109.03786288508556,0.6946601336469416,0.0,0.0,0.0,0.0007936365247452786,0.0,-0.001575715236023393,28.236048701524822,0.0,-1.0204208502628467,0.9805144052397303,-0.4880797925491464,0.8013822213386227,0.0,-1.0205983078162773,0.0,-1.0423177010369757,-0.5004170465685343,0.242396754228708,Asset Management,Financial Services,CSWC
2014Q3,2014,Q3,2014-02-06,2013-12-31,59568000.0,61671000.0,0.0,3.89824,0.0,0.0,779876000.0,767851000.0,0.0,0.0,12025000.0,0.0,112000.0,532839543.28,467122543.28,50.2495820884114,0.0,0.0,0.0,0.0,50.2495820884114,0.07757755085296496,8.640034104846686,2.236265877988181,0.6939361194815139,0.025600993822186408,0.0,0.002862024823857026,0.07907795598274597,0.0,0.07638137344911242,-294.71213676991147,0.0,0.33960137457044665,2.243915098607812,4.888197765962826,0.5742153155226217,0.0,0.3408968125337655,0.0,8.606321193770869,18.11282419819384,0.09379354679711481,Asset Management,Financial Services,CSWC
2014Q2,2014,Q2,2013-11-07,2013-09-30,44424000.0,46592000.0,0.0,2.91,0.0,0.0,720257000.0,712730000.0,0.0,0.0,7527000.0,0.0,-4623000.0,522249141.59000003,454067141.59000003,46.68747415413057,0.0,0.0,0.0,0.0,46.68747415413057,0.06232935333155613,11.208987413933723,2.9390033629907255,0.7327447162179226,0.0,0.0,0.0,0.06468802108136401,0.0,0.06167798438612884,-263.62904673902074,0.0,3.8013780449976577,2.423795976622815,33.70250527908707,0.3083297780363392,0.0,3.805191995673337,0.0,0.8018575929530567,37.92494067234267,0.33223484184362423,Asset Management,Financial Services,CSWC
2014Q1,2014,Q1,2013-08-05,2013-06-30,9245000.0,11502000.0,0.0,0.606076,0.0,0.0,675151000.0,668131000.0,0.0,0.0,7020000.0,0.0,-3431000.0,532283584.28000003,462120584.28000003,43.80077074241648,0.0,0.0,0.0,0.0,43.80077074241648,0.013837106794924947,46.277480810293866,14.393823263385615,0.7966754787309674,0.1648458626284478,0.0,0.00286313545074184,0.017036188941436804,0.0,0.013693233069343006,-50.50608067938135,0.0,-0.7747868239302315,26.709255998941288,8.133570639375261,0.12918538127507448,0.0,-0.7747868453105968,0.0,0.014353014772600791,3.3540393418273293,0.5130485256111539,Asset Management,Financial Services,CSWC
2013Q4,2013,Q4,2013-05-31,2013-03-31,41050000.0,44251000.0,0.0,2.6911214102866,0.0,0.0,667672000.0,659777000.0,0.0,0.0,7895000.0,0.0,-706000.0,447167023.16,365400023.16,43.253106229346216,0.0,0.0,0.0,0.0,43.253106229346216,0.06221799183663571,10.10524108291338,2.7233070838002438,0.6777547916341431,0.2551766138855055,0.0,0.02342525154466044,0.06627655495512767,0.0,0.06148228471465031,17.88238915300328,0.0,0.5097455317175877,-0.058338794709481875,31.962433524954413,0.11150557104690957,0.0,0.5159908412733585,0.0,0.5587239818949967,43.95457250935205,0.521628899475791,Asset Management,Financial Services,CSWC
2013Q3,2013,Q3,2013-02-07,2012-12-31,27078000.0,29908000.0,0.0,1.7825,0.0,0.0,635212000.0,628089000.0,0.0,0.0,7123000.0,0.0,1427000.0,378370430.28,310747430.28,41.34606067372417,0.0,0.0,0.0,0.0,41.34606067372417,0.04311172461227628,12.651144519192188,3.493338044538001,0.6024153110148402,0.056134131028879534,0.0,0.004017227241767219,0.047083493384885676,0.0,0.04262828787869247,40.99354607583965,0.0,-0.4481424148606811,1.4368179835210504,10.716114793838416,0.18689017555427864,0.0,-0.4605223835993067,0.0,5.585452463504967,10.580663730108595,0.35570926562629807,Asset Management,Financial Services,CSWC
2013Q2,2013,Q2,2012-11-09,2012-09-30,50193000.0,1344000.0,0.0,3.23,0.0,0.0,606559000.0,602243000.0,0.0,0.0,4316000.0,0.0,-642000.0,435575772.84000003,375888772.84000003,38.75530353751068,0.0,0.0,0.0,0.0,38.75530353751068,0.08334343446084055,324.0891166964286,2.1695045765345764,0.7232558499476126,0.0,0.0,0.0,0.002215777855080874,0.0,0.08275040020838863,-72.01980371031746,0.0,1.5948434622467773,1.3680603118826138,-0.2118745840757338,-0.006583252440998664,0.0,5.321394748170469,0.0,0.6543357204262209,0.21768710117116544,0.2784485843881486,Asset Management,Financial Services,CSWC
2013Q1,2013,Q1,2012-08-06,2012-06-30,-11615000.0,1451000.0,0.0,-5.43,0.0,0.0,562138000.0,552034000.0,0.0,0.0,10104000.0,0.0,-514000.0,390594341.52000004,324859341.52000004,36.336404886892794,0.0,0.0,0.0,0.0,36.336404886892794,-0.0210403707018046,269.1897598345969,-8.407110235040895,0.7075548635047841,-5.882996125699527,0.0,0.17494109037547637,0.0025812167119105985,0.0,-0.020662186153577948,5.904319338513167,0.0,-2.0700754184610592,-1.9913003605848332,0.288281512266747,0.07498936462753027,0.0,-1.1506641415451668,0.0,-2.070028337146485,0.20128102348103424,0.2815979294899835,Asset Management,Financial Services,CSWC
2012Q4,2012,Q4,2012-06-01,2012-03-31,77092000.0,1256000.0,0.0,5.0744086877626,0.0,0.0,632989000.0,628706000.0,0.0,0.0,4283000.0,0.0,910000.0,359108274.9,294213274.9,41.38316801287388,0.0,0.0,0.0,0.0,41.38316801287388,0.12262011178515872,285.91423160828026,1.1645445535853267,0.5711863333577221,0.0,0.0,0.0,0.001984236692896717,0.0,0.12179042605795677,122.68817044755721,0.0,0.5376996023523031,4.8306450187624,-0.21444959916820414,0.25165680527092144,0.0,0.5168722822344214,0.0,2.2421004351719964,0.05555710917860249,0.4914965923110966,Asset Management,Financial Services,CSWC
2012Q3,2012,Q3,2012-02-08,2011-12-31,50823000.0,5624000.0,0.0,3.3,0.0,0.0,557117000.0,551750000.0,0.0,0.0,5367000.0,0.0,2290000.0,313986032.2375,250770032.2375,35.825807424743566,0.0,0.0,0.0,0.0,35.825807424743566,0.09211236973266879,55.82966433810456,1.5445075666405959,0.5690730081332125,0.02955354859020522,0.0,0.004783652283181446,0.010094827477890641,0.0,0.09122500300654979,27.554719810223784,0.0,2.9281760272796005,-0.49015341136193064,1.650484152009221,0.11467282573919971,0.0,2.9773178228222386,0.0,2.0530188920697903,-0.4672237522884829,0.12234833395762353,Asset Management,Financial Services,CSWC
2012Q2,2012,Q2,2011-10-28,2011-09-30,-25703000.0,1257000.0,0.0,-1.711462,0.0,0.0,506250000.0,502175000.0,0.0,0.0,4075000.0,0.0,0.0,277835812.0,224512812.0,33.437869053396184,0.0,0.0,0.0,0.0,33.437869053396184,-0.051183352416986114,221.030876690533,-2.702367544644594,0.5532649215910788,0.0,0.0,0.0,0.002482962962962963,0.0,-0.050771358024691356,14.97767180592992,0.0,-1.1941820512820513,-6.269157021463449,-0.76655682544186,0.29673796367758143,0.0,-1.45844093735055,0.0,0.1626209674795487,-0.04831567010257962,-0.06296580422808072,Asset Management,Financial Services,CSWC
2012Q1,2012,Q1,2011-08-05,2011-06-30,-10455000.0,1196000.0,0.0,-0.78,0.0,0.0,531569000.0,527521000.0,0.0,0.0,4048000.0,0.0,-13390000.0,309193217.60499996,274518217.60499996,39.355943062908956,0.0,0.0,0.0,0.0,39.355943062908956,-0.019819116205800336,258.522757194816,-7.393429402319464,0.5861249459358017,0.0,0.0,0.0,0.0022499430929945126,0.0,-0.019668189830482966,-33.16812031806479,0.0,-1.414642939281083,-4.320652770602179,1.8021835442885197,0.5460184386159539,0.0,-1.4146429440402564,0.0,-36.66091047834442,0.0808087422822961,0.01459757030931221,Asset Management,Financial Services,CSWC
2011Q4,2011,Q4,2011-06-10,2011-03-31,25214465.0,1075742.0,0.0,1.8811365782626868,0.0,0.0,543214000.0,539233000.0,0.0,0.0,3981000.0,0.0,0.0,306713506.095,261215506.09500003,40.22972212602264,0.0,0.0,0.0,0.0,40.22972212602264,0.04675987003762752,285.1180916009601,3.0410471340062144,0.5687958750577209,0.0,0.0,0.0,0.0019803281947814305,0.0,0.04641718549227376,-88.35095073045477,0.0,4.67051039661012,-0.44826362966414895,-0.976780031561008,0.572599933508974,0.0,5.398508818922554,0.0,-0.3417638718075257,-0.08808419453155643,0.033811537780489564,Asset Management,Financial Services,CSWC
2011Q3,2011,Q3,2011-02-07,2010-12-31,-5732503.0,2361903.0,0.0,-0.5125,0.0,0.0,542106588.0,513863215.0,0.0,0.0,28243373.0,0.0,0.0,290260403.4,216712782.39999998,45.94064596152904,0.0,0.0,0.0,0.0,45.94064596152904,-0.011155698311660623,122.89260117794845,-12.658536916596468,0.5648592756342755,0.0,0.0,0.0,0.004356897798851321,0.0,-0.010574494254255402,-107.22974211848083,0.0,-1.3173374613003095,-1.5349674763165513,-0.7861547924861106,1.0630865837143126,0.0,-1.239143855017784,0.0,0.8744071736260501,0.2565938260402739,0.31878346961862564,Asset Management,Financial Services,CSWC
2011Q2,2011,Q2,2010-11-04,2010-09-30,23970940.0,1163781.0,0.0,1.615,0.0,0.0,523690497.0,520154213.0,0.0,0.0,3536284.0,0.0,0.0,336928994.9,259871326.89999998,35.04447766095182,0.0,0.0,0.0,0.0,35.04447766095182,0.046084294620526316,289.51236950938363,3.513931815982185,0.6477482763366563,0.0,0.0,0.0,0.0022222687000562472,0.0,0.04577310479628581,-340.564176924492,0.0,1.702928870292887,0.13905430046885894,-0.9457692592701974,0.6368337554455664,0.0,1.3420334951393231,0.0,1.1840301540218674,-0.28551121566489013,-0.10170304861240195,Asset Management,Financial Services,CSWC
2011Q1,2011,Q1,2010-08-05,2010-06-30,10235097.0,2966574.0,0.0,0.5975,0.0,0.0,500130974.0,495887245.0,0.0,0.0,4243729.0,0.0,0.0,376471695.9475,298476078.9475,28.94868869108106,0.0,0.0,0.0,0.0,28.94868869108106,0.020639968265366456,126.90453565206867,9.195606449736138,0.7591881012134118,0.0,0.0,0.0,0.0059315942307544426,0.0,0.020464833277852534,4.993075164302428,0.0,-0.6539221249467616,0.380956762126306,-0.6224446721509878,0.4480081472453719,0.0,-0.6539221157327578,0.0,-0.22527451597966974,1.3359760035704729,-0.1435715074264052,Asset Management,Financial Services,CSWC
2010Q4,2010,Q4,2010-05-28,2010-03-31,29574548.0,1105410.0,0.0,1.7264900274485462,0.0,0.0,491174585.0,486925586.0,0.0,0.0,4248999.0,0.0,0.0,389190623.68,385097115.68,28.425528881744512,0.0,0.0,0.0,0.0,28.425528881744512,0.06073730535080159,352.07807390922824,3.289911849878483,0.7992815224131599,0.0,0.0,0.0,0.0022505439690044225,0.0,0.060211885759520724,1924.9518932447004,0.0,5.378532051518244,1.8676908258223066,-0.6209092017289007,0.44958647424453585,0.0,6.300497256007852,0.0,0.9837878850322465,-0.3868346098705391,-0.14025415702363872,Asset Management,Financial Services,CSWC
2010Q3,2010,Q3,2010-02-04,2009-12-31,4051032.0,2544419.0,0.0,0.270672,0.0,0.0,460802656.0,456445923.0,0.0,0.0,4356733.0,0.0,0.0,294841074.4,290135245.4,30.497734080635272,0.0,0.0,0.0,0.0,30.497734080635272,0.008875163071617577,115.8775635616618,18.195429855898446,0.6459496285171114,0.0,0.0,0.0,0.005521710795000279,0.0,0.008791251411537002,-544.1428349435723,0.0,-0.8613676697679064,-0.6780142583757113,-0.8441123083467051,0.6045226481211441,0.0,-0.8613675092291174,0.0,-0.9581813999264999,0.23393739390144005,-0.05110316082296247,Asset Management,Financial Services,CSWC
2010Q2,2010,Q2,2009-11-05,2009-09-30,29221375.0,1063028.0,0.0,1.952445,0.0,0.0,457262861.0,453700894.0,0.0,0.0,3561967.0,0.0,0.0,287170716.5,280426387.5,30.31432316541579,0.0,0.0,0.0,0.0,30.31432316541579,0.0644066947771983,270.1440756969713,2.456854926402334,0.6329516214266044,0.0,0.0,0.0,0.002324763479971316,0.0,0.06390498221547015,-76.06433826548208,0.0,1.732618517108563,7.585260956058584,1.2655171201718454,0.659538094235194,0.0,1.7326173689031927,0.0,5.0110827803251015,-0.8018996041573812,0.17560522858118055,Asset Management,Financial Services,CSWC
2010Q1,2010,Q1,2009-08-06,2009-06-30,10693548.0,1189928.0,0.0,0.714496,0.0,0.0,427196777.0,424337993.0,0.0,0.0,2858784.0,0.0,0.0,270707509.29999995,260187814.29999995,28.3524216532973,0.0,0.0,0.0,0.0,28.3524216532973,0.025200543379107702,227.49906658217972,6.328757987994255,0.6379525608492944,0.0,0.0,0.0,0.002785432999650182,0.0,0.02503190233572385,-100.0626563735963,0.0,1.17489245489211,4.18708142483857,1.5058187154754792,0.5273447290867196,0.0,1.1748925605812697,0.0,5.873829968825898,1.7147775830052778,0.11376740700498285,Asset Management,Financial Services,CSWC
2009Q4,2009,Q4,2009-05-29,2009-03-31,-61143527.0,1172211.0,0.0,-4.085344907764995,0.0,0.0,417543139.0,415262991.0,0.0,0.0,2280148.0,0.0,42622.0,285823726.82,271101996.82,27.74606943536494,0.0,0.0,0.0,0.0,27.74606943536494,-0.14724049174899864,243.83300175480352,-1.1686589768529383,0.6882956897548329,0.0,0.0,0.0,0.002807400937798669,0.0,-0.1464364308474483,-175.38404372087658,0.0,-0.30361977076896063,-2.3579490474220606,-0.9742548703376314,0.472924867354293,0.0,-0.30361980094059465,0.0,-2.19822951561657,-0.9773396317580397,0.08460771398085118,Asset Management,Financial Services,CSWC
2009Q3,2009,Q3,2009-02-06,2008-12-31,-46902883.0,10258311.0,0.0,-3.133847,0.0,0.0,486039155.0,477738322.0,0.0,0.0,8300833.0,0.0,0.0,404695566.08,383121170.08,31.920399701948718,0.0,0.0,0.0,0.0,31.920399701948718,-0.09817693251746298,39.45050662628575,-2.1570932328402925,0.8471071870177499,0.0,0.0,0.0,0.021105935384979426,0.0,-0.09650021509069573,17.69174169914013,0.0,-0.5333192747740517,-4.373695039859037,-0.28050389222970146,1.0165861586968665,0.0,-0.5333190842587467,0.0,-4.271231660134095,-0.30586810781636176,0.43347023085038283,Asset Management,Financial Services,CSWC
2009Q2,2009,Q2,2008-11-07,2008-09-30,-30589121.0,1316278.0,0.0,-2.043832,0.0,0.0,538243093.0,534078274.0,0.0,0.0,4164819.0,0.0,0.0,531499677.90000004,522099025.90000004,35.68479059171411,0.0,0.0,0.0,,35.68479059171411,-0.05727460278603282,403.78983611364777,-4.343861972202471,0.9951718760609986,0.0,0.0,0.0,0.002445508390388207,0.0,-0.056831423194872284,-119.38369626523098,0.0,-94.44086316463219,-3.030234713596698,-0.9146322378834881,1.3791916562185191,0.0,-94.23535364311078,0.0,-2.4415082454115975,-0.9391707212909243,0.6667410586520806,Asset Management,Financial Services,CSWC
2009Q1,2009,Q1,2008-08-07,2008-06-30,328085.0,1238332.0,0.0,0.021873,0.0,0.0,585348385.0,581836149.0,0.0,0.0,3512236.0,0.0,0.0,390856141.97,360824593.97,38.78970757924329,0.0,0.0,0.0,,38.78970757924329,0.000563878680559602,315.63114089759455,297.8314628602344,0.6717632492270603,0.0,0.0,0.0,0.00211554696610293,0.0,0.0005604952681299359,397.24018904819354,0.0,-0.9923463298740113,-0.9635481265486827,0.6276132639634276,1.764701954113813,0.0,-0.9923464386521166,0.0,-0.9494473018334758,-0.8200166379527167,0.9402541235422124,Asset Management,Financial Services,CSWC
2008Q4,2008,Q4,2008-05-23,2008-03-31,42866972.0,1320104.0,0.0,2.8578446209391672,0.0,0.0,586685068.0,583700214.0,0.0,0.0,2984854.0,0.0,0.0,463942453.08,432614695.08,38.9139806007511,0.0,0.0,0.0,0.0,38.9139806007511,0.07344004845610695,351.44386584693325,2.705710430631769,0.7948300205351647,0.0,0.0,0.0,0.0022501066960851986,0.0,0.07306641047833862,-746.5963745031461,0.0,1.7003139382889325,566.9085835857494,-0.9695977425268842,1.886730264407402,0.0,1.6752723794922668,0.0,3.7468648360536925,-0.48299130385489786,0.9844548951942368,Asset Management,Financial Services,CSWC
2008Q3,2008,Q3,2007-12-31,2007-12-31,-63481009.0,2614156.0,0.0,-4.080805,0.0,0.0,545779840.0,541924018.0,0.0,0.0,3855822.0,0.0,0.0,460475478.40000004,428526310.40000004,34.83562466461189,0.0,0.0,0.0,0.0,34.83562466461189,-0.11714005449376484,176.14690110307114,-1.8134379307045985,0.8497048720951873,0.0,0.0,0.0,0.004789762846498691,0.0,-0.11631248416944093,281.921403351523,0.0,0.5349899996991706,-14.990559330197112,-0.4646761773963087,1.5879814495392421,0.0,0.5349899485294504,0.0,-5.854245647812166,-0.8459145400616017,0.8327443143163842,Asset Management,Financial Services,CSWC
2008Q2,2008,Q2,2008-01-09,2007-09-30,-136515348.0,1707109.0,0.0,-8.775736,0.0,0.0,610589048.0,606872698.0,0.0,0.0,3716350.0,0.0,0.0,486125000.0,454253518.0,39.01213023913603,0.0,0.0,0.0,0.0,39.01213023913603,-0.22494890353429609,284.7650618677542,-0.8902387297873643,0.8010329045977282,0.0,0.0,0.0,0.0027958395349403646,0.0,-0.2235797521215939,800.2294718197412,0.0,-12.378720788962205,-271.02264933121904,1.1199940480210338,1.8516943694122798,0.0,-12.378279680843882,0.0,-28.59904145114771,1.4102351806459685,1.1356939396546473,Asset Management,Financial Services,CSWC
2008Q1,2008,Q1,2007-08-03,2007-06-30,11997890.0,1153314.0,0.0,0.771241,0.0,0.0,746994844.0,525838748.0,0.0,0.0,221156096.0,0.0,0.0,604724088.99,573460088.99,33.801641283663194,0.0,0.0,0.0,0.0,33.801641283663194,0.022816671547377106,524.3360342369901,12.600634132126567,1.1500181211256042,0.0,0.0,0.0,0.0015439383675317578,0.0,0.016061543257452526,-85.9720315546158,0.0,-0.11382137868401211,1.8219465834778552,0.5260732079202669,1.1997208350055981,0.0,-0.11382143966116026,0.0,4.440195901228691,1.336595256954238,0.8208941472581057,Asset Management,Financial Services,CSWC
2007Q4,2007,Q4,2007-05-25,2007-03-31,13538908.0,1637218.0,0.0,0.8702997132278999,0.0,0.0,729507313.0,514343512.0,0.0,0.0,215163801.0,0.0,0.0,597645834.17,558801631.17,33.06271163037897,0.0,0.0,0.0,0.0,33.06271163037897,0.026322696182857656,365.03741967777046,11.035709714734747,1.1619585359326938,0.0,0.0,0.0,0.0022442790782551073,0.0,0.018558975021543068,-61.701179838228526,0.0,-0.8629988645056434,6.228081373367619,16.108928201386586,1.0216101625065577,0.0,-0.8654305662725021,0.0,-0.710716550687499,-0.9654058420528298,0.7551635649148174,Asset Management,Financial Services,CSWC
2007Q3,2007,Q3,2006-12-31,2006-12-31,100609088.0,2141591.0,0.0,6.3525,0.0,0.0,725391523.0,499587267.0,0.0,0.0,225804256.0,0.0,0.0,,,,,,,,,,,,,,,,,,,,,,,,,,,,,,,Asset Management,Financial Services,CSWC
2007Q2,2007,Q2,2006-09-30,2006-09-30,5035817.0,5558804.0,0.0,0.324808,0.0,0.0,572810704.0,399788343.0,0.0,0.0,173022361.0,0.0,0.0,,,,,,,,,,,,,,,,,,,,,,,,,,,,,,,Asset Management,Financial Services,CSWC
2007Q1,2007,Q1,2006-06-30,2006-06-30,-2272864.0,-1724534.0,0.0,-0.146599,0.0,0.0,715257050.0,394674815.0,0.0,0.0,320582235.0,0.0,0.0,,,,,,,,,,,,,,,,,,,,,,,,,,,,,,,Asset Management,Financial Services,CSWC
