Quarters,Year,Quarter,FillingDate,Date,NetIncome,Revenue,OperatingIncome,EPSDiluted,GrossProfit,GrossProfitRatio,TotalAssets,CommonStockEquity,CurrentAssets,CurrentLiability,TotalLiability,Inventory,RetainedEarnings,MarketCap,EnterpriseValue,bookValuePerShare,currentRatio,debtToAssets,debtToEquity,roic,shareholdersEquityPerShare,roe,priceToSalesRatio,peRatio,pbRatio,payoutRatio,inventoryTurnover,dividendYield,assetTurnover,quickRatio,returnOnAssets,priceToFreeCashFlowsRatio,grossProfitMargin,epsdilutedGrowth,fiveYNetIncomeGrowthPerShare,fiveYRevenueGrowthPerShare,fiveYShareholdersEquityGrowthPerShare,grossProfitGrowth,netIncomeGrowth,operatingIncomeGrowth,threeYNetIncomeGrowthPerShare,threeYRevenueGrowthPerShare,threeYShareholdersEquityGrowthPerShare,Industry,Sector,Symbol
2023Q1,2023,Q1,2023-05-03,2023-03-31,669000000.0,5563000000.0,1106000000.0,0.67,2321000000.0,0.417220924,96925000000.0,25066000000.0,7777000000.0,8092000000.0,71859000000.0,652000000.0,4907000000.0,41651185026.22,82913185026.22,25.20972066794741,0.9610726643598616,0.43109620840856333,1.666959227639033,0.013783651620559029,25.20972066794741,0.026689539615415304,7.487180482872551,15.564717872279521,1.6616606170198676,0.5351270553064275,4.97239263803681,0.008595193624734421,0.05739489295847305,0.4796094908551656,0.006902244003095177,-29.814735165511813,0.4172209239618911,0.558139534883721,0.11104174350952367,-0.4424151413724302,-0.1944497315590885,0.22674418604651161,0.5486111111111112,0.5577464788732395,0.1271734407203058,-0.37635485271257646,-0.24328927863897773,Utilities—Regulated Electric,Utilities,EXC
2022Q4,2022,Q4,2023-02-14,2022-12-31,432000000.0,4667000000.0,710000000.0,0.43,1892000000.0,0.4053996143,95349000000.0,24744000000.0,7336000000.0,10611000000.0,70605000000.0,755000000.0,4597000000.0,42970620000.0,82613620000.0,24.893360160965795,0.691358024691358,0.4200358682314445,1.6185741998060135,0.011112140012964164,24.893360160965795,0.01745877788554801,9.207332333404757,24.867256944444442,1.7366076624636275,0.7754629629629629,3.6754966887417218,0.0077960243533837775,0.048946501798655465,0.37395155970219585,0.004530723971934682,-34.68169491525424,0.4053996143132633,-0.3676470588235295,-0.7760760178387267,-0.46001612154434596,-0.19626221002876962,-0.14505196565747855,-0.3609467455621302,-0.5852803738317757,-0.4516737732092034,-0.4517985399811963,-0.24757532284071854,Utilities—Regulated Electric,Utilities,EXC
2022Q3,2022,Q3,2022-11-03,2022-09-30,676000000.0,4845000000.0,1712000000.0,0.68,2213000000.0,0.4567595459,93455000000.0,24582000000.0,7055000000.0,8717000000.0,68873000000.0,757000000.0,4502000000.0,37010480000.0,75227480000.0,24.880566801619434,0.8093380750258117,0.4137071317746509,1.572817508746237,0.023826652963343613,24.880566801619434,0.02749979659913758,7.638901960784314,13.687307692307693,1.5055927101130908,0.4970414201183432,3.476882430647292,0.009078509654562706,0.05184313305869135,0.4446483882069519,0.007233427852977369,-48.00321660181582,0.4567595459236326,0.4468085106382981,-0.20120081757792543,-0.46202531645569617,-0.14821689454954107,0.19234913793103448,0.45376344086021503,1.4668587896253602,-0.13764657758385596,-0.46562411158110556,-0.24401862729988724,Utilities—Regulated Electric,Utilities,EXC
2022Q2,2022,Q2,2022-08-03,2022-06-30,465000000.0,4239000000.0,694000000.0,0.47,1856000000.0,0.437839113,92295000000.0,23656000000.0,7342000000.0,8031000000.0,68639000000.0,624000000.0,4161000000.0,44458920000.0,82329920000.0,24.114169215086648,0.9142074461461835,0.41916680210195567,1.6353990530943523,0.010129868931342616,24.114169215086648,0.019656746702739262,10.488067940552018,23.902645161290323,1.8793929658437605,0.7118279569892473,3.8189102564102564,0.007445075139027218,0.04592881521209166,0.49844353131614993,0.005038192751503331,-350.07023622047245,0.43783911299834866,-0.04081632653061228,4.534021406727829,-0.47056168740906024,-0.1823628095951888,-0.10381458232737807,-0.033264033264033266,-0.2288888888888889,-0.04807036166502389,-0.45375080091778913,-0.2570377685728344,Utilities—Regulated Electric,Utilities,EXC
2022Q1,2022,Q1,2022-05-09,2022-03-31,481000000.0,5327000000.0,900000000.0,0.49,2071000000.0,0.3887741693,92698000000.0,23491000000.0,8145000000.0,8635000000.0,69207000000.0,512000000.0,4028000000.0,46725030000.0,83701030000.0,23.945973496432213,0.9432541980312681,0.4255971002610628,1.6794517049082627,0.009839272114786872,23.945973496432213,0.020475926950747094,8.771359113947813,24.28535862785863,1.9890609169469158,0.6902286902286903,6.359375,0.007105399397282355,0.05746618050011867,0.639143022582513,0.0051888929642494985,-333.75021428571426,0.3887741693260747,0.22499999999999992,-0.5427002494634232,-0.42455169401685583,-0.16238735753150793,0.014201762977473066,0.22704081632653061,-0.024918743228602384,-0.4750861742456171,-0.44363213389528183,-0.25848964298129035,Utilities—Regulated Electric,Utilities,EXC
2021Q4,2021,Q4,2022-02-25,2021-12-31,392000000.0,9632000000.0,923000000.0,0.4,2042000000.0,0.2120016611,133013000000.0,34393000000.0,13957000000.0,16111000000.0,98218000000.0,1869000000.0,16942000000.0,56547040000.0,97782040000.0,35.130745658835544,0.8663025262243188,0.31889364197484454,1.233303288459861,0.008837772012663492,35.130745658835544,0.01139766813014276,5.870747508305648,36.063163265306116,1.6441438664844592,0.9591836734693877,4.06099518459069,0.0066493312470467065,0.07241397457391383,0.3915337347154118,0.0029470803605662604,-18.00861146496815,0.21200166112956811,-0.6747967479674797,0.8155781209317232,0.15579311853210023,0.2577288282084948,-0.4743886743886744,-0.6741479634247715,-0.5032292787944026,1.5526046986721147,0.08152171205062403,0.10654311999127693,Utilities—Regulated Electric,Utilities,EXC
2021Q3,2021,Q3,2021-11-03,2021-09-30,1203000000.0,8910000000.0,1858000000.0,1.23,3885000000.0,0.43602693602693604,132621000000.0,33851000000.0,14877000000.0,15826000000.0,98362000000.0,1818000000.0,16926000000.0,47324860000.0,86068860000.0,34.57711950970378,0.9400353848098066,0.31443738171179525,1.2318986145165578,0.021548901272033752,34.57711950970378,0.03553809340935275,5.311432098765432,9.834758935993351,1.3980343269031936,0.3108894430590191,2.764026402640264,0.00790282316735855,0.06718393014680933,0.48357133830405663,0.009070961612414323,44.1051817334576,0.43602693602693604,2.0000000000000004,1.3196827249796752,-0.06481456055957599,0.22887138534890664,0.5844208809135399,2.0,4.076502732240437,0.6227600901329,-0.06307692859199858,0.07900231094111075,Utilities—Regulated Electric,Utilities,EXC
2021Q2,2021,Q2,2021-08-04,2021-06-30,401000000.0,7915000000.0,366000000.0,0.41,2452000000.0,0.3097915350600126,129396000000.0,32140000000.0,12348000000.0,13919000000.0,94896000000.0,1702000000.0,16098000000.0,43335180000.0,82722180000.0,32.86298568507157,0.8871326963143904,0.3165862932393583,1.2745799626633478,0.004334118528516835,32.86298568507157,0.012476664592408215,5.4750701200252685,27.01694513715711,1.3483254511512137,0.9301745635910225,3.209753231492362,0.008607325503205478,0.06116881511020433,0.43875278396436523,0.003099013879872639,86.84404809619238,0.3097915350600126,2.3666666666666667,0.4189471749270466,0.08219615920733703,0.17896407722496244,0.2619660319094184,2.387543252595156,4.024793388429752,-0.2643974488847407,-0.030958830780388025,0.04140610052315941,Utilities—Regulated Electric,Utilities,EXC
2021Q1,2021,Q1,2021-05-05,2021-03-31,-289000000.0,9890000000.0,-121000000.0,-0.3,1943000000.0,0.19646107178968655,130000000000.0,32015000000.0,12997000000.0,13580000000.0,95687000000.0,1632000000.0,16072000000.0,42733980000.0,82872980000.0,32.768679631525075,0.9570692194403535,0.32343846153846156,1.3133531157270029,-0.0015236898508073837,32.768679631525075,-0.009027018585038264,4.320928210313448,-36.967110726643604,1.3348111822583166,-1.2941176470588236,4.869485294117647,0.008751817640201076,0.07607692307692308,0.4979381443298969,-0.002223076923076923,-12.565122022934432,0.19646107178968655,-1.8108108108108107,-2.5171708614550856,0.18607209496485977,0.1306181547004679,-0.18292682926829268,-1.8050139275766017,-1.449814126394052,-1.4884549772983753,0.008836162723766949,0.04708889960812479,Utilities—Regulated Electric,Utilities,EXC
2020Q4,2020,Q4,2021-02-24,2020-12-31,359000000.0,8114000000.0,269000000.0,0.37,2378000000.0,0.2930736997781612,129317000000.0,32585000000.0,12562000000.0,12771000000.0,94449000000.0,1722000000.0,16735000000.0,41248940000.0,79918940000.0,33.35209825997953,0.983634797588286,0.30415954592203653,1.2070891514500537,0.002441319979690775,33.35209825997953,0.011017339266533682,5.083675129405965,28.724888579387184,1.2658873714899495,1.0389972144846797,3.3310104529616726,0.009042656611297164,0.06274503738874239,0.4173518127006499,0.002776123788829002,-16.98186084808563,0.2930736997781612,-0.27450980392156865,0.09168620200085857,0.14145935535370524,0.1909154614601304,-0.05145592341443957,-0.2834331337325349,-0.6501950585175552,-0.8106771074094883,-0.04485387730739478,0.07684706174834255,Utilities—Regulated Electric,Utilities,EXC
2020Q3,2020,Q3,2020-11-03,2020-09-30,501000000.0,8853000000.0,769000000.0,0.51,2507000000.0,0.2831808426522083,127767000000.0,32884000000.0,12312000000.0,11262000000.0,92664000000.0,1716000000.0,16749000000.0,34901760000.0,72203760000.0,33.692622950819676,1.0932338838572189,0.30649541743955794,1.1908526943194258,0.007740710617472529,33.692622950819676,0.015235372825690305,3.9423652998983396,17.41604790419162,1.0613599318817661,0.7445109780439122,3.698135198135198,0.010687140132761215,0.06929019230317687,0.5498135322322856,0.003921200309939186,-119.93731958762886,0.2831808426522083,-0.03773584905660381,-0.25491119132633117,0.11897663917813497,0.19368896989128298,0.27582697201017814,-0.03838771593090211,0.36106194690265486,-0.4007117420022283,-0.004902469391989908,0.15346275013126434,Utilities—Regulated Electric,Utilities,EXC
2020Q2,2020,Q2,2020-08-04,2020-06-30,521000000.0,7322000000.0,565000000.0,0.53,1965000000.0,0.2683692980060093,126313000000.0,32703000000.0,12533000000.0,11065000000.0,91442000000.0,1781000000.0,16622000000.0,35419040000.0,73425040000.0,33.50717213114754,1.1326705829191144,0.3177424334787393,1.2272574381555208,0.005617431402754797,33.50717213114754,0.01593126012904015,4.837344987708277,16.99570057581574,1.083051707794392,0.7159309021113244,3.0078607523863,0.010531059001034473,0.05796711344042181,0.5850881156800724,0.0041246744198934395,-225.59898089171975,0.2683692980060093,-0.11666666666666659,-0.27793212652243177,-0.0060994100977969905,0.23018333826173445,-0.265695067264574,-0.10481099656357389,-0.5368852459016393,5.232248975409837,-0.08081937105782118,0.13612498259245642,Utilities—Regulated Electric,Utilities,EXC
2020Q1,2020,Q1,2020-05-08,2020-03-31,582000000.0,8747000000.0,1220000000.0,0.6,2676000000.0,0.30593346290156626,124677000000.0,32482000000.0,12476000000.0,11774000000.0,90061000000.0,1687000000.0,16475000000.0,35889750000.0,74457750000.0,33.31487179487179,1.0596228979106506,0.3210295403322185,1.2322209223569978,0.07502399362657886,33.31487179487179,0.01791761591035035,4.103092488853322,15.416559278350517,1.10491195123453,0.6408934707903781,3.5986959098992295,0.010392939488294011,0.0701572864281303,0.5847630372006115,0.004668062272913207,-38.34375,0.30593346290156626,-0.2405063291139241,-0.25750693750693754,-0.12420779975026869,0.24506479458831498,0.12436974789915967,-0.24611398963730569,0.2681912681912682,-0.4432717433320449,-0.04929202425605304,0.1653298539630993,Utilities—Regulated Electric,Utilities,EXC
2019Q4,2019,Q4,2020-02-11,2019-12-31,772000000.0,8342000000.0,962000000.0,0.79,2380000000.0,0.2853032845840326,124977000000.0,32224000000.0,12037000000.0,14185000000.0,90404000000.0,1768000000.0,16267000000.0,44404660000.0,81616660000.0,33.08418891170431,0.848572435671484,0.30244765036766763,1.1730076961271103,0.01161370907075151,33.08418891170431,0.023957298907646474,5.323023255813953,14.379747409326427,1.377999627606753,0.4572538860103627,3.3721719457013575,0.007949616098850885,0.06674828168382982,0.48001409940077544,0.006177136593133136,-60.911742112482855,0.2853032845840326,0.0,34.91764833027126,0.016288721760254022,0.25997375499723147,-0.18072289156626506,0.0,-0.28898743532889876,2.5939324395055765,0.0061379979022793685,0.1844592926162669,Utilities—Regulated Electric,Utilities,EXC
2019Q3,2019,Q3,2019-10-31,2019-09-30,772000000.0,8929000000.0,1353000000.0,0.79,2905000000.0,0.32534438346959343,122738000000.0,32023000000.0,12206000000.0,13085000000.0,88386000000.0,1783000000.0,15871000000.0,47005630000.0,82726630000.0,32.91161356628982,0.9328238440962935,0.3072642539392853,1.1776847890578646,0.01637352237643156,32.91161356628982,0.02410767261031134,5.264377869862247,15.222030440414509,1.4678709052868253,0.45466321243523317,3.3785754346606844,0.00746719063227107,0.07274845606087764,0.5589606419564387,0.006289820593459238,57.7464742014742,0.32534438346959343,0.5800000000000001,-0.31204764285248543,0.14311363409272573,0.20097051411636102,0.2603036876355748,0.5950413223140496,0.6087990487514863,0.4977871929861357,-0.057041223909817466,0.16967927724355805,Utilities—Regulated Electric,Utilities,EXC
2019Q2,2019,Q2,2019-08-01,2019-06-30,484000000.0,7689000000.0,841000000.0,0.5,2305000000.0,0.2997789049291195,121596000000.0,31548000000.0,11655000000.0,12934000000.0,87689000000.0,1670000000.0,15452000000.0,46704600000.0,82851600000.0,32.45679012345679,0.901113344672955,0.3053883351426034,1.1770635222518067,0.009506862213665972,32.45679012345679,0.015341701534170154,6.074209910261413,24.124276859504132,1.4804298212248002,0.7272727272727273,3.223952095808383,0.007536730857345958,0.06323398796013027,0.47680531931343745,0.003980394091910918,301.32,0.2997789049291195,-0.4623655913978495,-0.179635148132381,0.12932016788811834,0.22140810861474824,-0.15722120658135283,-0.4663726571113561,-0.30952380952380953,0.7232163499329541,0.05778528166371863,0.1643917562538467,Utilities—Regulated Electric,Utilities,EXC
2019Q1,2019,Q1,2019-05-02,2019-03-31,907000000.0,9477000000.0,1218000000.0,0.93,2735000000.0,0.2885934367415849,121593000000.0,31357000000.0,12476000000.0,12229000000.0,87889000000.0,1559000000.0,15321000000.0,48394640000.0,84403640000.0,32.29351184346035,1.0201978902608553,0.30521493835993846,1.1835315878432249,0.013487502651313169,32.29351184346035,0.028924960933762796,5.106535823572861,13.339206174200664,1.5433440699046466,0.3880926130099228,4.324567030147531,0.007273532771397823,0.0779403419604747,0.5542562760650912,0.007459310980072866,-58.37712907117008,0.2885934367415849,4.8125,7.904977686234123,0.1571252376682532,0.22774872215920683,0.23309287646528404,4.967105263157895,0.7179125528913963,3.7909238861194288,0.14356541142791002,0.11422343468867967,Utilities—Regulated Electric,Utilities,EXC
2018Q4,2018,Q4,2019-02-08,2018-12-31,152000000.0,8815000000.0,709000000.0,0.16,2218000000.0,0.2516165626772547,119666000000.0,30764000000.0,13360000000.0,11404000000.0,86596000000.0,1685000000.0,14766000000.0,43701900000.0,78633900000.0,31.748194014447883,1.1715187653454928,0.30524961141844803,1.1873618515147575,-0.03772628870229505,31.748194014447883,0.0049408399427902745,4.957674418604651,71.878125,1.420553244051489,2.1907894736842106,3.91513353115727,0.007619806003857956,0.07366336302709207,0.6582777972641178,0.0012702020624070329,-341.42109375,0.2516165626772547,-0.7894736842105263,-0.7284214695979402,0.26499029545975544,0.19691194221282055,-0.18605504587155963,-0.7926330150068213,-0.38132635253054104,-0.533965844402277,0.2503124389271413,0.13364427120949476,Utilities—Regulated Electric,Utilities,EXC
2018Q3,2018,Q3,2018-11-01,2018-09-30,733000000.0,9403000000.0,1146000000.0,0.76,2725000000.0,0.28980112729979796,119485000000.0,31020000000.0,13473000000.0,10140000000.0,86097000000.0,1665000000.0,14949000000.0,42020880000.0,76616880000.0,32.04545454545455,1.328698224852071,0.3055948445411558,1.1771115409413282,0.014514336382293604,32.04545454545455,0.023629916183107672,4.468880144634691,14.33181446111869,1.3546382978723404,0.4542974079126876,4.010810810810811,0.007924631754499192,0.07869607063648157,0.7342209072978304,0.00613466125455078,37.653118279569895,0.28980112729979796,0.35714285714285704,-0.12066759613877126,0.28033888492034237,0.2563682943160504,0.1104319478402608,0.35992578849721707,0.21656050955414013,0.09912920942332716,0.19831625947353546,0.13533178114086147,Utilities—Regulated Electric,Utilities,EXC
2018Q2,2018,Q2,2018-08-02,2018-06-30,539000000.0,8076000000.0,942000000.0,0.56,2454000000.0,0.3038632986627043,117249000000.0,30515000000.0,11489000000.0,9626000000.0,84410000000.0,1590000000.0,14551000000.0,41194200000.0,76478200000.0,31.55635987590486,1.1935383336796177,0.3068512311405641,1.1790267081763068,0.012641593667981437,31.55635987590486,0.017663444207766672,5.100817236255572,19.106771799628945,1.3499655906931018,0.6178107606679035,3.5358490566037735,0.008083662263134131,0.06887905227336694,0.6483482235611885,0.004597054132657848,93.62318181818182,0.3038632986627043,-0.06666666666666654,-0.026266804550155145,0.16413810105741553,0.26503273796537064,-0.049573973663826494,-0.07863247863247863,-0.1444141689373297,-0.24603287808009133,0.10645276310446138,0.1585611577004125,Utilities—Regulated Electric,Utilities,EXC
2018Q1,2018,Q1,2018-05-02,2018-03-31,585000000.0,9693000000.0,1101000000.0,0.6,2582000000.0,0.2663777984112246,117018000000.0,30231000000.0,11533000000.0,10153000000.0,84453000000.0,1471000000.0,14346000000.0,37683660000.0,73047660000.0,31.295031055900623,1.1359204176105584,0.30893537746329625,1.1958254771592074,0.01519185640634226,31.295031055900623,0.01935099732063114,3.8877189724543486,16.104128205128205,1.246523766994145,0.5692307692307692,4.834126444595514,0.008836721273889,0.08283341024457776,0.604254900029548,0.004999230887555761,-99.69222222222223,0.2663777984112246,-0.6907216494845361,130.4448757763975,0.4105899497754294,0.2687776353926233,0.04112903225806452,-0.6873329770176376,-0.1261904761904762,-0.24672635852760078,-0.02044765515640501,0.16957800867922557,Utilities—Regulated Electric,Utilities,EXC
2017Q4,2017,Q4,2018-02-09,2017-12-31,1871000000.0,8382000000.0,1260000000.0,1.94,2480000000.0,0.29587210689572896,116700000000.0,29857000000.0,11834000000.0,10796000000.0,84568000000.0,1651000000.0,13503000000.0,37991240000.0,72675240000.0,30.971991701244814,1.0961467210077807,0.30490145672664953,1.1917473289345881,0.03057154645656915,30.971991701244814,0.06266537160464883,4.532479121927941,5.076328166755745,1.272439963827578,0.16835916622127206,3.574803149606299,0.008291385066662736,0.07182519280205656,0.6012412004446092,0.016032562125107112,-168.84995555555557,0.29587210689572896,1.2823529411764705,3.3849316121100355,0.1816594076770088,0.23419723358047087,-0.1527160915613256,1.270631067961165,-0.14576271186440679,86.95211836645557,0.03175480472306213,0.17953312344178096,Utilities—Regulated Electric,Utilities,EXC
2017Q3,2017,Q3,2017-11-02,2017-09-30,824000000.0,8769000000.0,1475000000.0,0.85,2927000000.0,0.33378948568821987,118473000000.0,28100000000.0,12724000000.0,12395000000.0,88156000000.0,1668000000.0,11950000000.0,36238540000.0,70999540000.0,29.20997920997921,1.026542960871319,0.30356283710212456,1.2798576512455515,0.01517560022933326,29.20997920997921,0.029323843416370107,4.132573839662447,10.994702669902912,1.2896277580071176,0.38106796116504854,3.502398081534772,0.008664808240067066,0.07401686460206124,0.49116579265833,0.006955171220446853,33.93121722846442,0.33378948568821987,8.444444444444445,1.4712592009889311,0.18576366512390877,0.14317960887778947,0.8690932311621967,9.3,5.357758620689655,-0.2573126228715353,0.13546674679487178,0.06589498197889808,Utilities—Regulated Electric,Utilities,EXC
2017Q2,2017,Q2,2017-08-02,2017-06-30,80000000.0,7623000000.0,232000000.0,0.09,1566000000.0,0.20543093270365997,117104000000.0,27546000000.0,12232000000.0,13965000000.0,87814000000.0,1601000000.0,11442000000.0,33689380000.0,69485380000.0,29.492505353319057,0.8759040458288578,0.31025413307828936,1.3189573803819066,0.26513040483421524,29.492505353319057,0.0029042329194801423,4.419438541256723,105.2793125,1.223022580410949,3.8,3.783260462211118,0.009023615157061364,0.06509598305779478,0.3868958109559613,0.0006831534362617844,-990.8641176470588,0.20543093270365997,-0.9158878504672897,-0.7445381171291237,0.16928194674517488,0.14179217838610966,-0.3469557964970809,-0.9195979899497487,-0.8209876543209876,-0.8588856892039348,0.1651786856855235,0.10985667544105325,Utilities—Regulated Electric,Utilities,EXC
2017Q1,2017,Q1,2017-05-03,2017-03-31,995000000.0,8757000000.0,1296000000.0,1.07,2398000000.0,0.2738380723992235,117068000000.0,26530000000.0,12194000000.0,14437000000.0,88777000000.0,1561000000.0,12720000000.0,33389439999.999996,70158440000.0,28.588362068965516,0.8446353120454388,0.3192845183995626,1.4088955898982285,0.01666387970020337,28.588362068965516,0.03750471164719186,3.812885691446842,8.389306532663316,1.2585540897097625,0.30452261306532663,4.0736707238949394,0.009074725422169406,0.07480267878497968,0.39696612869709774,0.008499333720572658,-36.57112814895947,0.2738380723992235,3.863636363636364,2.779498922413793,0.41969223254889837,-0.07614616526307805,0.03139784946236559,3.877450980392157,0.8176718092566619,9.22162356321839,0.11875783211751854,0.08688473303670734,Utilities—Regulated Electric,Utilities,EXC
2016Q4,2016,Q4,2017-02-13,2016-12-31,204000000.0,7874000000.0,713000000.0,0.22,2325000000.0,0.2952755905511811,114904000000.0,25837000000.0,12412000000.0,13457000000.0,87292000000.0,1638000000.0,12030000000.0,32828250000.0,68106250000.0,27.93189189189189,0.92234524782641,0.3125478660446982,1.3899833572009135,0.007540609766173677,27.93189189189189,0.007895653520145528,4.169196088392177,40.23069852941177,1.2705906258466542,1.4362745098039216,3.3876678876678876,0.008925239694470464,0.06852677017336212,0.45195808872705656,0.0017753951124416904,-29.76269265639166,0.2952755905511811,-0.5849056603773586,-0.7587155472303987,0.4141174399154854,0.2873718682185834,-0.20103092783505155,-0.5836734693877551,-0.43725335438042623,-0.6181752661752663,0.1837018650972893,0.05303674781591373,Utilities—Regulated Electric,Utilities,EXC
2016Q3,2016,Q3,2016-10-26,2016-09-30,490000000.0,9002000000.0,1267000000.0,0.53,2910000000.0,0.3232614974450122,114535000000.0,26027000000.0,12208000000.0,12158000000.0,87075000000.0,1562000000.0,12121000000.0,30793250000.0,64947250000.0,28.137297297297298,1.0041125185063333,0.3147596804470249,1.385138510008837,0.01244271816993761,28.137297297297298,0.018826603142890076,3.420712063985781,15.710841836734692,1.1831271372036731,0.5938775510204082,3.9001280409731116,0.009450122997734893,0.07859606233902301,0.5837308767889455,0.004278168245514471,33.07545649838883,0.3232614974450122,0.8275862068965519,-0.4156226109637091,0.21855416889977786,0.299458631102543,0.49154279856483857,0.8352059925093633,0.9582689335394127,-0.3848531458287555,0.2827178331823055,0.10314578817804035,Utilities—Regulated Electric,Utilities,EXC
2016Q2,2016,Q2,2016-08-09,2016-06-30,267000000.0,6910000000.0,647000000.0,0.29,1951000000.0,0.28234442836468887,112778000000.0,25756000000.0,11495000000.0,11894000000.0,85480000000.0,1500000000.0,11926000000.0,33596640000.0,67775640000.0,27.874458874458874,0.9664536741214057,0.31766833956977425,1.3909768597608325,0.007924041331119678,27.874458874458874,0.010366516539835379,4.862031837916064,31.45752808988764,1.3044199409846249,1.104868913857678,3.306,0.00878063996875878,0.06127081522992073,0.5359845300151337,0.002367483019737892,42.36650693568726,0.28234442836468887,0.5263157894736841,-0.6909981147884373,0.08091330949408125,0.30957810613422865,0.3146900269541779,0.5433526011560693,0.33954451345755693,-0.4952027564272462,0.0424152192593815,0.11743252922478317,Utilities—Regulated Electric,Utilities,EXC
2016Q1,2016,Q1,2016-05-10,2016-03-31,173000000.0,7573000000.0,483000000.0,0.19,1484000000.0,0.1959593291958273,111742000000.0,25717000000.0,11364000000.0,13770000000.0,84556000000.0,1514000000.0,11954000000.0,31819078820.76,66512078820.759995,28.982976697562766,0.8252723311546841,0.31906534695996136,1.3863592176381383,0.0031988940692888723,28.982976697562766,0.006727067698409612,4.201647804141027,45.981327775664745,1.237278019238636,1.6589595375722543,4.021796565389696,0.009019745719751953,0.06777218950797373,0.4195352214960058,0.001548209267777559,-43.64757039884773,0.1959593291958273,-0.42424242424242425,-0.8067807852080724,0.11836942949129158,0.3772687225458725,-0.08620689655172414,-0.44193548387096776,-0.3177966101694915,42.674932906443175,0.1998040912937225,0.1750412573576824,Utilities—Regulated Electric,Utilities,EXC
2015Q4,2015,Q4,2016-02-10,2015-12-31,310000000.0,6701000000.0,708000000.0,0.33,1624000000.0,0.2423518877779436,95384000000.0,25793000000.0,15334000000.0,9118000000.0,68090000000.0,1566000000.0,12068000000.0,25576170000.0,45393170000.0,28.00542888165038,1.6817284492213205,0.27592678017277533,1.0203931299189704,0.007118838452061987,28.00542888165038,0.01201876478114217,3.8167691389344873,20.6259435483871,0.9915934555887256,0.9225806451612903,3.2420178799489143,0.011182284134020068,0.07025287259917806,1.172077209914455,0.003250020967877212,-107.01326359832636,0.2423518877779436,-0.5217391304347826,-0.5747652319500045,0.07177817497766353,0.36722669023986376,-0.23178807947019867,-0.5071542130365659,-0.41,-0.23955442956528736,-0.011215426732214054,0.1159832142657564,Utilities—Regulated Electric,Utilities,EXC
2015Q3,2015,Q3,2015-10-30,2015-09-30,629000000.0,7401000000.0,1200000000.0,0.69,2114000000.0,0.28563707607080124,95128000000.0,25770000000.0,16867000000.0,7847000000.0,67839000000.0,1516000000.0,12046000000.0,27116100000.0,46612100000.0,28.225629791894853,2.149483879189499,0.28131570095029856,1.0384555684904928,0.019106783333220054,28.225629791894853,0.024408226620100892,3.6638427239562223,10.777464228934818,1.0522351571594877,0.4483306836248013,3.487467018469657,0.010399725624260127,0.07780043730552519,1.4938192939977062,0.006612143638045581,-97.53992805755395,0.28563707607080124,-0.06756756756756763,-0.4602642954820898,0.014237945234659495,0.33897290736183405,0.04498269896193772,-0.014106583072100314,0.0582010582010582,0.9876779846659364,0.0544907317423124,0.1046555081012879,Utilities—Regulated Electric,Utilities,EXC
2015Q2,2015,Q2,2015-07-29,2015-06-30,638000000.0,6514000000.0,1134000000.0,0.74,2023000000.0,0.3105618667485416,92213000000.0,23506000000.0,15425000000.0,6526000000.0,67144000000.0,1432000000.0,11704000000.0,27115460000.0,47738460000.0,27.237543453070682,2.363622433343549,0.2888638261416503,1.1332000340338637,0.01492799201352738,27.237543453070682,0.027142006296264783,4.162643536997237,10.6251802507837,1.1535548370628776,0.4200626959247649,3.136173184357542,0.00988366046528438,0.070640799019661,1.6397486975176219,0.006918764165573184,33.76769613947696,0.3105618667485416,-0.07500000000000007,0.09812386891819751,0.1344443408122411,0.36538876251173363,-0.11232996928477403,-0.07936507936507936,-0.1698389458272328,1.2049202246189499,0.08137707748590883,0.054492105726378165,Utilities—Regulated Electric,Utilities,EXC
2015Q1,2015,Q1,2015-04-29,2015-03-31,693000000.0,8830000000.0,1366000000.0,0.8,2279000000.0,0.2580973952434881,87391000000.0,23065000000.0,11357000000.0,7374000000.0,62753000000.0,1301000000.0,11334000000.0,28971820000.0,49882820000.0,26.75754060324826,1.540141036072688,0.26016409012369696,0.9857359635811836,0.01999147240874469,26.75754060324826,0.030045523520485583,3.2810668176670443,10.451594516594517,1.2560945154996748,0.38816738816738816,5.0353574173712525,0.009284884415269734,0.1010401528761543,0.9239218877135883,0.007929878362760467,-98.54360544217687,0.2580973952434881,39.0,-0.29051109135459807,0.5178283978028712,0.3149010734329864,1.0927456382001837,35.473684210526315,0.9375886524822695,1.8339037122969832,0.5411335339605658,-0.13531050030757136,Utilities—Regulated Electric,Utilities,EXC
2014Q4,2014,Q4,2015-02-13,2014-12-31,19000000.0,7256000000.0,705000000.0,0.02,1089000000.0,0.1500826901874311,86814000000.0,22608000000.0,12097000000.0,8762000000.0,62681000000.0,1603000000.0,10910000000.0,31925880000.0,52319880000.0,26.257839721254356,1.3806208628167085,0.2565484829635773,0.9851380042462845,0.01297663334108347,26.257839721254356,0.000840410474168436,4.399928335170893,420.07736842105265,1.4121496815286623,14.0,3.8471615720524017,0.008331798528341271,0.0835809892413666,0.780757817849806,0.00021885870942474716,-27.78579634464752,0.1500826901874311,-0.9826086956521739,-0.9749700644289452,0.3492864874504638,0.3689807259736251,-0.5227870289219982,-0.9808660624370594,-0.49642857142857144,-0.9758569933648417,0.39999319025298213,0.2102153448169369,Utilities—Regulated Electric,Utilities,EXC
2014Q3,2014,Q3,2014-10-29,2014-09-30,993000000.0,6912000000.0,1400000000.0,1.15,2282000000.0,0.33015046296296297,85264000000.0,23595000000.0,11837000000.0,8431000000.0,60214000000.0,1591000000.0,11160000000.0,29351490000.000004,49062490000.0,27.40418118466899,1.403985292373384,0.2635813473447176,0.9524899343081161,0.021816844600571823,27.40418118466899,0.042085187539733,4.246453993055556,7.389599697885196,1.2439707565162113,0.2678751258811682,2.9101194217473285,0.009062572291900684,0.08106586601613812,0.7948048867275531,0.01164618127228373,105.20247311827958,0.33015046296296297,0.9166666666666666,0.004004437100419329,0.21926004562781606,0.44590515618069354,0.5781466113416321,0.9022988505747126,0.6887816646562123,0.2722871868604591,0.005189959629260362,0.2656012904315644,Utilities—Regulated Electric,Utilities,EXC
2014Q2,2014,Q2,2014-07-31,2014-06-30,522000000.0,6024000000.0,829000000.0,0.6,1446000000.0,0.2400398406374502,83656000000.0,22853000000.0,9823000000.0,8567000000.0,59427000000.0,1450000000.0,10435000000.0,31372799999.999996,51459800000.0,26.573255813953487,1.146609081358702,0.25639523763985844,0.9385638647004769,0.012497419336888398,26.573255813953487,0.022841640047258565,5.207968127490039,15.025287356321838,1.3728088215989147,0.5114942528735632,3.157241379310345,0.008510556915544676,0.07200918045328489,0.654137971285164,0.006239839342067515,103.88344370860926,0.2400398406374502,5.0,-0.39117553360942975,0.11472231738205013,0.44094261346131386,0.3917228103946102,4.8,4.085889570552148,-0.3509264816204051,0.012444674281716183,0.24844590452460055,Utilities—Regulated Electric,Utilities,EXC
2014Q1,2014,Q1,2014-04-30,2014-03-31,90000000.0,7237000000.0,163000000.0,0.1,1039000000.0,0.14356777670305376,79468000000.0,22568000000.0,9675000000.0,7351000000.0,56690000000.0,1023000000.0,10180000000.0,28794480000.000004,48428480000.0,26.303030303030305,1.3161474629302137,0.2585694870891428,0.9104927330733782,0.009015036359873543,26.303030303030305,0.003987947536334633,3.978786790106398,79.98466666666667,1.2758986175115208,2.9555555555555557,6.058651026392962,0.00923788170510459,0.0910681028841798,0.7571758944361311,0.0011325313333668899,-27.371178707224338,0.14356777670305376,-0.8275862068965517,-0.9029130981378173,0.1771470446819877,0.43265534091222185,-0.38990017615971817,-0.8181818181818182,-0.8166479190101237,-0.8960470667057493,0.10526376500248243,0.24991788533529974,Utilities—Regulated Electric,Utilities,EXC
2013Q4,2013,Q4,2014-02-14,2013-12-31,495000000.0,6163000000.0,889000000.0,0.58,1703000000.0,0.2763264643842285,79924000000.0,22732000000.0,10137000000.0,7728000000.0,56984000000.0,1105000000.0,10358000000.0,23473230000.0,41985230000.0,26.525087514585763,1.311723602484472,0.25175166408087685,0.8851398909026923,0.012730679907753402,26.525087514585763,0.021775470702093964,3.808734382605874,11.855166666666666,1.032607337673764,0.5414141414141415,4.036199095022624,0.011417261280190242,0.07711075521745658,0.7943840579710145,0.006193383714528803,53.227278911564625,0.2763264643842285,-0.32558139534883723,-0.46243515833497,0.0531756776585696,0.5799318896168582,-0.15859683794466403,-0.32926829268292684,-0.29106858054226475,-0.2702886867913099,0.059342185275946785,0.2949563373639953,Utilities—Regulated Electric,Utilities,EXC
2013Q3,2013,Q3,2013-11-07,2013-09-30,738000000.0,6502000000.0,1254000000.0,0.86,2024000000.0,0.31128883420486003,79661000000.0,21859000000.0,9951000000.0,7507000000.0,57594000000.0,1109000000.0,10131000000.0,25401480000.0,44184480000.0,25.506417736289382,1.325562808045824,0.25642409711151004,0.9344892264055995,0.018575515662847018,25.506417736289382,0.03376183722951644,3.90671793294371,8.604837398373984,1.1620604785214328,0.35907859078590787,4.037871956717764,0.010432462990345445,0.081620868429972,0.8121753030504862,0.00926425729026751,36.97449781659389,0.31128883420486003,0.5087719298245615,-0.19052508751458577,-0.04510315606031251,0.44845282389560837,0.10601092896174863,0.5061224489795918,0.24776119402985075,-0.3253526475319852,-0.05073739846201916,0.2099783978089267,Utilities—Regulated Electric,Utilities,EXC
2013Q2,2013,Q2,2013-08-08,2013-06-30,490000000.0,6141000000.0,1005000000.0,0.57,1830000000.0,0.2979970688812897,78420000000.0,21353000000.0,9409000000.0,8374000000.0,56832000000.0,1019000000.0,9660000000.0,25953920000.0,45083920000.0,24.945093457943926,1.1235968473847624,0.25657995409334355,0.9423031892474125,0.016363217867244224,24.945093457943926,0.022947595185688195,4.226334473212832,13.241795918367348,1.2154694890647684,0.5428571428571428,4.230618253189402,0.010248933494439377,0.07830910482019893,0.6745880105087174,0.0062484060188727365,63.61254901960784,0.2979970688812897,123.4075,-0.4972106302164026,0.01976654723245586,0.6576237890026458,0.368735976065819,123.5,0.9783464566929134,-0.1497164759004516,0.07823038721933927,0.2504707095177411,Utilities—Regulated Electric,Utilities,EXC
2013Q1,2013,Q1,2013-05-10,2013-03-31,-4000000.0,6082000000.0,508000000.0,-0.004656577415599534,1337000000.0,0.21982900361723118,78243000000.0,21089000000.0,9274000000.0,8321000000.0,56917000000.0,913000000.0,9437000000.0,29377800000.0,48567800000.0,24.665497076023392,1.1145295036654248,0.25512825428472835,0.9465598179145526,0.00021710264553249405,24.665497076023392,-0.00018967234103086918,4.83028609010194,-1836.1125,1.393039025084167,-112.5,5.197152245345016,0.01531768886710373,0.07773219329524686,0.6884989784881624,-5.112278414682464e-05,-49.96224489795918,0.21982900361723118,-1.0105204156426508,-1.0053064387877324,0.037804680692950746,0.6530623993795807,1.3013976555455364,-1.0105820105820107,-0.2784090909090909,-1.0041287018168474,0.05402166403829944,0.2120952767267462,Utilities—Regulated Electric,Utilities,EXC
2012Q4,2012,Q4,2013-02-22,2012-12-31,378000000.0,6284000000.0,704000000.0,0.4426229508196721,-4436000000.0,-0.705919796308084,78554000000.0,21431000000.0,10133000000.0,7784000000.0,56824000000.0,1014000000.0,9893000000.0,25397960000.0,43514960000.0,25.094847775175644,1.3017728674203495,0.24954808157445835,0.9147030003266297,0.011639748542577205,25.094847775175644,0.017638001026550325,4.041686823679186,16.797592592592594,1.185103821566889,1.1613756613756614,10.57199211045365,0.017284852799201198,0.07999592636912188,0.8476361767728674,0.004811976474781679,-362.828,-0.705919796308084,0.26463700234192045,-0.470896543691582,0.08742757994361698,0.666058257146415,-2.2534614297824245,0.27702702702702703,0.16749585406301823,-0.4979543466606473,0.1781168138048126,0.3083468895443631,Utilities—Regulated Electric,Utilities,EXC
2012Q3,2012,Q3,2012-11-07,2012-09-30,296000000.0,6565000000.0,603000000.0,0.35,3539000000.0,0.5390708301599391,78353000000.0,21821000000.0,11328000000.0,7770000000.0,56250000000.0,1031000000.0,9959000000.0,30231600000.0,48180600000.0,25.55152224824356,1.457915057915058,0.2507753372557528,0.9004628568809862,0.009429186985277935,25.55152224824356,0.013564914531872967,4.604965727341965,25.533445945945946,1.3854360478438201,1.5304054054054055,2.935014548981571,0.014984321041559164,0.08378747463402805,0.7691119691119691,0.003777774941610404,60.584368737474946,0.5390708301599391,0.06060606060606049,-0.7009427730739207,0.028137717204737473,0.6501462885584797,0.05704898446833931,0.03496503496503497,-0.15546218487394958,-0.6982666076803852,0.16754230056569874,0.34815477674879947,Utilities—Regulated Electric,Utilities,EXC
2012Q2,2012,Q2,2012-08-09,2012-06-30,286000000.0,5954000000.0,714000000.0,0.33,3348000000.0,0.5623110513940208,77434000000.0,22033000000.0,11754000000.0,8083000000.0,55112000000.0,999000000.0,10114000000.0,32089859999.999996,50105860000.0,25.830011723329427,1.4541630582704441,0.25008394245421905,0.8789089093632279,0.01201070769381211,25.830011723329427,0.012980529206190713,5.389630500503863,28.05057692307692,1.4564453320019968,1.6573426573426573,2.6086086086086087,0.014771021126299713,0.07689128806467443,0.7014722256587901,0.0036934679856393832,77.32496385542167,0.5623110513940208,0.17857142857142852,-0.6776084407971864,0.046777933677887844,0.5607607119548264,0.14618281410475864,0.43,0.9888579387186629,-0.6636921171761943,0.11081051776009383,0.40063998401004625,Utilities—Regulated Electric,Utilities,EXC
2012Q1,2012,Q1,2012-05-10,2012-03-31,200000000.0,4686000000.0,359000000.0,0.28,2921000000.0,0.6233461374306445,77628000000.0,21816000000.0,11815000000.0,9052000000.0,55526000000.0,942000000.0,9830000000.0,27643050000.0,45679050000.0,30.94468085106383,1.3052364118426867,0.2416267326222497,0.8597818115144847,0.004943155773984599,30.94468085106383,0.009167583425009167,5.899071702944942,34.5538125,1.2670998349834983,1.75,1.8736730360934182,0.012661410372589131,0.06036481681867367,0.5710340256296951,0.0025763899623847068,-55.065836653386455,0.6233461374306445,-0.6936633663366336,-0.7241124488099271,-0.07503513788591096,1.0556371621110017,-0.0020498804236419544,-0.66996699669967,-0.6622765757290687,-0.7374292772332457,-0.0723746699469211,0.6854735664807889,Utilities—Regulated Electric,Utilities,EXC
2011Q4,2011,Q4,2012-02-09,2011-12-31,606000000.0,3991000000.0,1063000000.0,0.9140271493212669,2927000000.0,0.7334001503382611,55092000000.0,14385000000.0,5489000000.0,4989000000.0,40704000000.0,864000000.0,10055000000.0,28754310000.0,41143310000.0,21.69683257918552,1.1002204850671478,0.24332026428519568,0.9318734793187348,0.02252692780191293,21.69683257918552,0.04212721584984359,7.204788273615635,11.862339108910891,1.998909280500521,0.5759075907590759,1.2314814814814814,0.012137310893566913,0.0724424598852828,0.7274002806173582,0.010999782182531039,33.203591224018474,0.7334001503382611,0.015585721468074354,0.03600036688271974,0.09314123484305772,0.4597989231558693,-0.06575167571018194,0.008319467554076539,-0.09991532599491956,-0.14932126696832587,-0.11842823040634018,0.29234324586802507,Utilities—Regulated Electric,Utilities,EXC
2011Q3,2011,Q3,2011-10-26,2011-09-30,601000000.0,5295000000.0,1181000000.0,0.9,3133000000.0,0.5916902738432483,54156000000.0,14356000000.0,6287000000.0,4977000000.0,39797000000.0,851000000.0,10146000000.0,28250430000.0,41670430000.0,21.653092006033184,1.2632107695398835,0.26757884629588596,1.0094037336305377,0.028744181759453435,21.653092006033184,0.041864028977431036,5.335303116147308,11.751426788685524,1.9678482864307605,0.5806988352745425,2.5405405405405403,0.012353794260830721,0.09777309993352537,0.7406067912397026,0.01109756998301204,30.807448200654306,0.5916902738432483,-0.03225806451612906,14.82390648567119,0.217653124906824,0.4975494471292792,0.12697841726618705,-0.03064516129032258,0.14216634429400388,-0.14790346907993965,0.005177481504048828,0.22963101233881378,Utilities—Regulated Electric,Utilities,EXC
2011Q2,2011,Q2,2011-07-27,2011-06-30,620000000.0,4587000000.0,1034000000.0,0.93,2780000000.0,0.6060606060606061,51986000000.0,14112000000.0,4987000000.0,4268000000.0,37871000000.0,786000000.0,9894000000.0,28402920000.000004,41407920000.0,21.285067873303166,1.1684629803186504,0.2609741084138037,0.9613803854875284,0.02432903505706629,21.285067873303166,0.043934240362811794,6.192047089601047,11.452790322580645,2.0126785714285718,0.5596774193548387,2.2989821882951653,0.012217053739545089,0.08823529411764706,0.7087628865979382,0.011926287846727964,73.77381818181819,0.6060606060606061,-0.07920792079207917,-0.028610848036292626,0.25383550561357693,0.464919925538071,-0.05922165820642978,-0.0718562874251497,-0.13976705490848584,-0.17862414402206783,-0.016553723976026533,0.4144118127602084,Utilities—Regulated Electric,Utilities,EXC
2011Q1,2011,Q1,2011-04-27,2011-03-31,668000000.0,5052000000.0,1202000000.0,1.01,2955000000.0,0.584916864608076,51376000000.0,13931000000.0,4659000000.0,4171000000.0,37442000000.0,728000000.0,9623000000.0,27300880000.0,40289880000.0,21.04380664652568,1.1169983217453847,0.26230146371846774,0.9673390280669012,0.026298697491677257,21.04380664652568,0.04795061373914292,5.403974663499604,10.217395209580838,1.95972148445912,0.5209580838323353,2.8804945054945055,0.012746841860042605,0.09833385238243537,0.6794533684967634,0.01300218000622859,-20.11855563743552,0.584916864608076,0.2759923664122138,0.6876586102719033,0.32230508665554,0.5327497709880982,0.05498036415565869,0.2748091603053435,0.27872340425531916,0.14453151405795822,0.11337297768015693,0.41033952812574237,Utilities—Regulated Electric,Utilities,EXC
2010Q4,2010,Q4,2011-02-10,2010-12-31,524000000.0,4494000000.0,940000000.0,0.7915407854984894,2801000000.0,0.6232754784156653,52240000000.0,13560000000.0,6398000000.0,4240000000.0,38677000000.0,806000000.0,9304000000.0,27565680000.0,38781680000.0,20.483383685800604,1.5089622641509435,0.24555895865237365,0.9460176991150443,0.020949562660441342,20.483383685800604,0.03864306784660767,6.133885180240321,13.151564885496184,2.0328672566371684,0.6622137404580153,2.100496277915633,0.012588116817724069,0.0860260336906585,1.1179245283018868,0.01003062787136294,146.6259574468085,0.6232754784156653,-0.3767395389775674,1.633610903565099,0.1850724744918442,0.5039854322724826,-0.160119940029985,-0.37988165680473374,-0.3118594436310395,-0.05380648554088217,0.003222159862117868,0.3599010772954332,Utilities—Regulated Electric,Utilities,EXC
2010Q3,2010,Q3,2010-10-22,2010-09-30,845000000.0,5291000000.0,1366000000.0,1.27,3335000000.0,0.6303156303156303,50948000000.0,13955000000.0,6760000000.0,3967000000.0,36993000000.0,809000000.0,9128000000.0,28187960000.0,37881960000.0,21.080060422960724,1.7040584824804639,0.2439546203972678,0.89064851307775,0.031316294164095024,21.080060422960724,0.06055177355786456,5.327529767529768,8.339633136094674,2.0199183088498747,0.41183431952662725,2.417799752781211,0.012345696531426892,0.10385098531836383,1.2641794807159061,0.01658553819580749,29.8285291005291,0.6303156303156303,0.8955223880597014,0.17960204187936263,0.19716959021669458,0.3905326851810263,0.16161616161616163,0.898876404494382,0.3418467583497053,0.10133434038267873,0.06894215390083522,0.3613742121343985,Utilities—Regulated Electric,Utilities,EXC
2010Q2,2010,Q2,2010-07-22,2010-06-30,445000000.0,4398000000.0,1018000000.0,0.67,2871000000.0,0.6527967257844475,49173000000.0,13186000000.0,5600000000.0,4030000000.0,35987000000.0,759000000.0,8631000000.0,25098170000.0,35732170000.0,19.94856278366112,1.3895781637717122,0.2400097614544567,0.8950401941453057,0.02919340091617568,19.94856278366112,0.033747914454724706,5.706723510686675,14.100095505617977,1.9033952677081751,0.7797752808988764,2.0118577075098814,0.01382570920509344,0.08943932645964249,0.869727047146402,0.009049681735911985,-126.75843434343435,0.6527967257844475,-0.407079646017699,-0.12245330444969008,0.2795298498778075,0.3313613970567736,-0.10337289194253592,-0.40587449933244324,-0.2738944365192582,-0.35267077854067264,-0.002188452994644669,0.2053782006061461,Utilities—Regulated Electric,Utilities,EXC
2010Q1,2010,Q1,2010-04-23,2010-03-31,749000000.0,4461000000.0,1402000000.0,1.13,3202000000.0,0.7177762833445416,50741000000.0,13451000000.0,6384000000.0,4890000000.0,37290000000.0,692000000.0,8534000000.0,28958410000.0,39344410000.0,20.34947049924357,1.305521472392638,0.25442935693029306,0.9597799420117463,0.030362261415376183,20.34947049924357,0.05568359229797041,6.491461555704999,9.665690921228306,2.152881570143484,0.46328437917222964,1.819364161849711,0.011982702088961376,0.08791706903687353,0.9388548057259714,0.014761238446226918,29.459216683621566,0.7177762833445416,0.28170395869191034,0.4484945452855994,0.26221407660140683,0.39532043163762143,0.1137391304347826,0.2891566265060241,0.30297397769516726,0.10197459885145294,-0.06083298428023582,0.3518034969841517,Utilities—Regulated Electric,Utilities,EXC
2009Q4,2009,Q4,2010-02-05,2009-12-31,581000000.0,4116000000.0,1076000000.0,0.881638846737481,2875000000.0,0.6984936831875608,49180000000.0,12640000000.0,5441000000.0,4238000000.0,36540000000.0,757000000.0,8134000000.0,32205330000.0,42789330000.0,19.180576631259484,1.2838603114676734,0.256079707198048,0.9963607594936709,0.025951428314086134,19.180576631259484,0.045965189873417724,7.824424198250729,13.857715146299483,2.5478900316455695,0.5972461273666093,1.6393659180977542,0.010774614015754535,0.08369255795038634,0.9577630957999056,0.0118137454249695,72.53452702702702,0.6984936831875608,-0.23205736430506166,0.6054084784944214,0.22217041267650808,0.3454697180582107,-0.08410321758521823,-0.23249669749009247,-0.233071988595866,-0.0007100233769429753,0.13422190098172296,0.29050104477841304,Utilities—Regulated Electric,Utilities,EXC
2009Q3,2009,Q3,2009-10-23,2009-09-30,757000000.0,4339000000.0,1403000000.0,1.148053,3139000000.0,0.7234385803180456,49502000000.0,12490000000.0,5895000000.0,4444000000.0,37012000000.0,784000000.0,7905000000.0,32699580000.0,44357580000.0,18.952959028831565,1.3265076507650766,0.28346329441234697,1.123458767013611,0.02955343624773251,18.952959028831565,0.060608486789431544,7.536201889836367,10.799068692206076,2.618060848678943,0.4570673712021136,1.530612244897959,0.010581175660360164,0.08765302412023757,0.9527452745274527,0.015292311421760737,42.24751937984496,0.7234385803180456,0.1516877264647227,0.33679123298211133,0.12604616740641564,0.3123722939511485,0.13731884057971014,0.15220700152207,0.37954768928220256,18.51783004552352,0.0038651720415315287,0.3108055564157885,Utilities—Regulated Electric,Utilities,EXC
2009Q2,2009,Q2,2009-07-24,2009-06-30,657000000.0,4141000000.0,1017000000.0,0.996844,2760000000.0,0.6665056749577397,48979000000.0,12153000000.0,5825000000.0,4166000000.0,36826000000.0,750000000.0,7494000000.0,33747390000.0,44791390000.0,18.441578148710168,1.3982237157945272,0.26301067804569306,1.0599851888422611,0.024568031226870617,18.441578148710168,0.0540607257467292,8.149574981888433,12.841472602739726,2.7768773142433965,0.5266362252663622,1.8413333333333333,0.010252644723043767,0.08454643826946243,0.9279884781565051,0.013413912084771024,92.45860273972603,0.6665056749577397,-0.0769962962962964,0.264863589630074,0.1700190215648977,0.35052993089933754,-0.15415262028807847,-0.07724719101123595,-0.18899521531100477,0.03560715672089494,0.13879399406400547,0.2692200677592,Utilities—Regulated Electric,Utilities,EXC
2009Q1,2009,Q1,2009-04-24,2009-03-31,712000000.0,4722000000.0,1254000000.0,1.08,3263000000.0,0.6910207539178315,48863000000.0,12099000000.0,6343000000.0,4366000000.0,36764000000.0,699000000.0,7185000000.0,29912010000.0,41943010000.0,18.359635811836114,1.4528172240036648,0.2901991281746925,1.1719976857591536,0.03323016978323355,18.359635811836114,0.05884783866435243,6.334606099110546,10.502812500000001,2.472271262087776,0.4859550561797753,2.0872675250357653,0.011567260107227832,0.0966375376051409,0.9926706367384334,0.014571352557149581,24.161558966074313,0.6910207539178315,0.005148514851485166,0.7563557263206679,0.27059790492327523,0.39296006849199167,0.058041504539559016,0.007072135785007072,-0.05926481620405101,0.8070106221547797,0.24155763305990927,0.33724511247886346,Utilities—Regulated Electric,Utilities,EXC
2008Q4,2008,Q4,2009-02-06,2008-12-31,707000000.0,4493000000.0,1333000000.0,1.074468085106383,3084000000.0,0.686401068328511,47817000000.0,11047000000.0,5368000000.0,4080000000.0,36770000000.0,843000000.0,6820000000.0,36591380000.0,48471380000.0,16.788753799392097,1.315686274509804,0.2750277098103185,1.1904589481307142,0.03852173021434868,16.788753799392097,0.06399927582149,8.14408635655464,12.938960396039603,3.312336380917896,0.4893917963224894,1.67141162514828,0.0094557789293544,0.09396239831022439,0.8634803921568628,0.01478553652466696,27.12481838398814,0.686401068328511,0.013649136892814129,1.5567634725889115,0.24497494271162695,0.28734181785295154,-0.03110273327049953,0.01,-0.056617126680820945,1.8600879534304382,0.19201125839667638,0.23270849814714573,Utilities—Regulated Electric,Utilities,EXC
2008Q3,2008,Q3,2008-10-27,2008-09-30,700000000.0,5228000000.0,1413000000.0,1.06,3183000000.0,0.6088370313695486,45214000000.0,11587000000.0,4371000000.0,4287000000.0,33627000000.0,866000000.0,6459000000.0,41203960000.0,54011960000.0,17.609422492401215,1.019594121763471,0.2873003936833724,1.1210839734184863,0.038475090306183304,17.609422492401215,0.06041253128506084,7.881400153022188,14.7157,3.5560507465262794,0.4714285714285714,2.361431870669746,0.008008938946644934,0.11562790286194541,0.5595987870305575,0.015481930375547397,19.630281086231538,0.6088370313695486,-0.061946902654867124,7.800166875260742,0.16647788053978926,0.3788091107296256,0.02545103092783505,-0.06417112299465241,-0.011888111888111888,-0.016874541452677846,0.19010584955188753,0.1615942768444239,Utilities—Regulated Electric,Utilities,EXC
2008Q2,2008,Q2,2008-07-23,2008-06-30,748000000.0,4622000000.0,1430000000.0,1.13,3104000000.0,0.6715707485936824,46800000000.0,9887000000.0,5607000000.0,6641000000.0,36913000000.0,774000000.0,6088000000.0,59103719999.99999,73525720000.0,15.048706240487062,0.8443005571450083,0.31525641025641027,1.4922625670071812,0.03721488520357817,15.048706240487062,0.07565490037422878,12.78747728256166,19.753917112299465,5.977922524527156,0.43983957219251335,1.9612403100775193,0.005566485493637288,0.09876068376068375,0.4154494804999247,0.015982905982905984,358.2043636363636,0.6715707485936824,0.28409090909090895,0.9893291435492053,0.22890484996709204,0.1675410666407962,0.06776745786033712,0.2874354561101549,0.27337488869100623,0.48404787709728797,0.3528860789134762,0.0043463672802401924,Utilities—Regulated Electric,Utilities,EXC
2008Q1,2008,Q1,2008-04-24,2008-03-31,581000000.0,4517000000.0,1123000000.0,0.88,2907000000.0,0.643568740314368,45848000000.0,9833000000.0,4840000000.0,5711000000.0,36015000000.0,656000000.0,5669000000.0,53556930000.0,68101930000.0,14.921092564491653,0.8474873052004903,0.32077735124760076,1.4956778195871046,0.03168979059753092,14.921092564491653,0.059086748703345876,11.856747841487714,23.045150602409638,5.446652089901352,0.5679862306368331,2.4542682926829267,0.006161667593717564,0.09852120048857094,0.44808264752232535,0.01267230849764439,-299.2007262569832,0.643568740314368,0.05193605683836587,0.5825539409581376,0.09023132742294859,0.20800449547608593,0.10197119029567854,0.03197158081705151,1.2326043737574552,0.1270085833534787,0.28193773466473543,0.023107963343090787,Utilities—Regulated Electric,Utilities,EXC
2007Q4,2007,Q4,2008-02-07,2007-12-31,563000000.0,4554000000.0,503000000.0,0.836552748885587,2638000000.0,0.5792709705753184,45894000000.0,10137000000.0,5051000000.0,5995000000.0,35757000000.0,723000000.0,4930000000.0,54943720000.0,68319720000.0,15.062407132243685,0.842535446205171,0.2982307055388504,1.3502022294564466,0.013178171707078815,15.062407132243685,0.05553911413633225,12.064936319718928,24.397744227353463,5.420116405248101,0.5168738898756661,2.6500691562932226,0.0052963286796016,0.09922865734082886,0.49424520433694746,0.01226739878851266,273.3518407960199,0.5792709705753184,-0.2725628270560113,0.36124200448385185,0.17824761797959818,0.25682188161062,-0.10908476865923675,-0.2782051282051282,-0.6276831976313841,0.5233095510010274,0.3240969229266902,0.05659037614486637,Utilities—Regulated Electric,Utilities,EXC
2007Q3,2007,Q3,2007-10-26,2007-09-30,780000000.0,5032000000.0,1351000000.0,1.15,2961000000.0,0.5884340222575517,45719000000.0,10421000000.0,5193000000.0,5538000000.0,35298000000.0,731000000.0,4989000000.0,51006670000.00001,64220670000.00001,15.484398216939079,0.937703141928494,0.3002690347557908,1.3173399865655888,0.035202459742560845,15.484398216939079,0.07484886287304482,10.136460651828301,16.348291666666668,4.8946041646674985,0.38076923076923075,2.8331053351573185,0.005822767885062874,0.11006364968612611,0.5545323221379559,0.01706074061112448,39.88011727912432,0.5884340222575517,0.11650485436893192,0.35881539170979165,0.10529103947283418,0.16502693316359715,0.03495281370150297,0.1111111111111111,0.09748172217709179,0.3487537408701841,0.27872609946773436,0.07219644054019804,Utilities—Regulated Electric,Utilities,EXC
2007Q2,2007,Q2,2007-07-25,2007-06-30,702000000.0,4501000000.0,1231000000.0,1.03,2861000000.0,0.6356365252166185,45305000000.0,11171000000.0,4959000000.0,5361000000.0,34134000000.0,669000000.0,4506000000.0,49004999999.99999,61875999999.99999,16.549629629629628,0.9250139899272524,0.28923959827833573,1.17303732879778,0.03505364518935055,16.549629629629628,0.06284128547130964,10.887580537658296,17.451923076923077,4.386805120401038,0.42165242165242167,2.4514200298953663,0.0060401999795939194,0.09934885774197108,0.5040104458123484,0.015494978479196557,141.6329479768786,0.6356365252166185,0.00980392156862746,0.3809484536082476,0.22031469377874607,0.27701431601743115,0.016702203269367447,0.015918958031837915,0.033585222502099076,0.31946257197696737,0.24159040166927492,0.21197708676990737,Utilities—Regulated Electric,Utilities,EXC
2007Q1,2007,Q1,2007-04-25,2007-03-31,691000000.0,4829000000.0,1191000000.0,1.02,2814000000.0,0.5827293435493891,44711000000.0,10116000000.0,4811000000.0,5522000000.0,34595000000.0,598000000.0,3805000000.0,46173119999.99999,59165119999.99999,15.053571428571429,0.8712423035132199,0.29907628995101876,1.3218663503361012,0.03402097790633683,15.053571428571429,0.06830763147489126,9.561631807827705,16.70518089725036,4.564365361803084,0.4283646888567294,3.369565217391304,0.006410656243286138,0.10800474156247904,0.5173850054328142,0.01545480977835432,-11543.279999999999,0.5827293435493891,0.15611486486486484,81.51897321428572,0.19209809892949437,0.20039657895203788,0.1333064840918244,0.16722972972972974,0.037456445993031356,0.6715781140042225,0.2742525140093652,0.14212635278275013,Utilities—Regulated Electric,Utilities,EXC
