Year,Date,FillingDate,NetIncome,Revenue,OperatingIncome,EPSDiluted,GrossProfit,GrossProfitRatio,TotalAssets,CommonStockEquity,CurrentAssets,CurrentLiability,TotalLiability,Inventory,RetainedEarnings,EnterpriseValue,bookValuePerShare,currentRatio,debtToAssets,debtToEquity,roic,shareholdersEquityPerShare,roe,priceToSalesRatio,peRatio,pbRatio,payoutRatio,inventoryTurnover,dividendYield,assetTurnover,quickRatio,returnOnAssets,priceToFreeCashFlowsRatio,grossProfitMargin,epsdilutedGrowth,fiveYNetIncomeGrowthPerShare,fiveYRevenueGrowthPerShare,fiveYShareholdersEquityGrowthPerShare,grossProfitGrowth,netIncomeGrowth,operatingIncomeGrowth,threeYNetIncomeGrowthPerShare,threeYRevenueGrowthPerShare,threeYShareholdersEquityGrowthPerShare,Industry,Sector,Price,MarketCap,AvgVolume,Symbol
2022,2022-12-31,2023-02-03,59972000000.0,282836000000.0,74842000000.0,4.56,156633000000.0,0.553794425,365264000000.0,256144000000.0,164795000000.0,69300000000.0,109120000000.0,2670000000.0,195563000000.0,1166879990000.0,19.608359488632015,2.377994227994228,0.08125355906960445,0.11586841776500718,0.21093355716553497,19.608359488632015,0.2341339246673746,4.098063860328954,19.327019108917497,4.525110836092198,0.0,47.26704119850187,0.0,0.7743330851110429,2.2225108225108223,0.16418809409084936,19.31478070321613,0.5537944250378312,-0.18716577540106963,4.025703696600123,1.7072605651950978,0.7822117593115312,0.06772416801865055,-0.21123722594136757,-0.04919074116421475,0.8517279273705708,0.8529771940922022,0.34834502396646017,Internet Content & Information,Communication Services,117.5315,1489417893907,25746480,GOOG
2021,2021-12-31,2022-02-02,76033000000.0,257637000000.0,78714000000.0,5.61,146698000000.0,0.569398029,359268000000.0,251635000000.0,188143000000.0,64254000000.0,107633000000.0,1170000000.0,191484000000.0,1937165494120.8843,18.84483735779433,2.928113424845146,0.07903570593540199,0.11284201323345322,0.22634254162565862,18.84483735779433,0.30215590041131,7.498552203762985,25.408763222822778,7.677407729929797,0.0,94.81965811965811,0.0,0.7171164701559838,2.8001213932206555,0.21163309841121392,28.82923199010452,0.5693980290098084,0.9146757679180887,3.021240481788332,1.9400685052809739,0.8644299173117714,0.5000562400940743,0.8881273436141945,0.9094216960993596,1.5753399015557439,0.9603860310902993,0.474821292057604,Internet Content & Information,Communication Services,117.5315,1489417893907,25746480,GOOG
2020,2020-12-31,2021-02-03,40269000000.0,182527000000.0,41224000000.0,2.93,97795000000.0,0.5357837471,319616000000.0,222544000000.0,174296000000.0,56834000000.0,97072000000.0,728000000.0,163401000000.0,1191320397303.968,16.34392406726389,3.0667558151810534,0.0837630156187425,0.12029980588108419,0.1325543789298059,16.34392406726389,0.18094848659141563,6.53441626336908,29.618500516624895,5.3594228435903375,0.0,116.39010989010988,0.0,0.57108217360833,2.9573494739064645,0.12599181517821387,27.83902614905511,0.5357837470620785,0.1910569105691058,1.477694175237276,1.448336108197204,0.8602865576720549,0.08708218005580196,0.1725533587630667,0.20428851041453652,2.237446241808983,0.6761228991677706,0.4855058977707781,Internet Content & Information,Communication Services,117.5315,1489417893907,25746480,GOOG
2019,2019-12-31,2020-02-04,34343000000.0,161857000000.0,34231000000.0,2.46,89961000000.0,0.5558054332,275909000000.0,201442000000.0,152578000000.0,45221000000.0,74467000000.0,999000000.0,152122000000.0,922284333498.609,14.542538549183513,3.374051878552,0.05787052977612184,0.07926351009223498,0.13033840384505394,14.542538549183513,0.17048579740074066,5.721188045611923,26.96369954571846,4.5969278179258,0.0,71.96796796796797,0.0,0.5866318242608977,3.2543950819309613,0.1244721991671167,29.898435151059314,0.5558054331910266,0.12328767123287672,1.32046865293977,1.393348417317832,0.881302748696638,0.1642422673741426,0.11735424258198855,0.30052049694160554,0.7509147521357527,0.7805310662321098,0.43877834708629915,Internet Content & Information,Communication Services,117.5315,1489417893907,25746480,GOOG
2018,2018-12-31,2019-02-05,30736000000.0,136819000000.0,26321000000.0,2.19,77270000000.0,0.5647607423,232792000000.0,177628000000.0,135676000000.0,34620000000.0,55164000000.0,1107000000.0,134885000000.0,707132262503.8601,12.777709041278394,3.919006354708261,0.0172342692188735,0.022586529150809557,0.12752720947554677,12.777709041278394,0.17303578264688,5.2611206228949206,23.41948407417556,4.05240875596111,0.0,53.79313459801265,0.0,0.5877306780301729,3.764673599075679,0.13203202859204782,31.52685978030221,0.5647607422945643,1.4333333333333333,0.1391989256524445,0.09516217964934381,-0.025757334936515306,0.18381541855619563,1.4274206286526616,0.00669318442591601,0.8523597051210761,0.797593364529667,0.45437535499479376,Internet Content & Information,Communication Services,117.5315,1489417893907,25746480,GOOG
2017,2017-12-31,2018-02-06,12662000000.0,110855000000.0,26146000000.0,0.9,65272000000.0,0.588805196,197295000000.0,152502000000.0,124308000000.0,24183000000.0,44793000000.0,749000000.0,113247000000.0,718459883953.6,11.002261311644991,5.140305173055452,0.02011708355508249,0.026025888185072982,0.07779369980510545,11.002261311644991,0.08302841929941902,6.541932109093861,57.27419712159217,4.755386053649132,0.0,60.858477970627504,0.0,0.5618743505917535,4.985981888103213,0.06417800755214273,30.33445785559041,0.5888051959767263,-0.3525179856115107,-0.44321677285158884,0.04312101024888973,0.0039967901753571854,0.18387927594587733,-0.3499332580347058,0.10246247259234272,-0.14501990792983516,0.6381208708985187,0.4233130190766121,Internet Content & Information,Communication Services,117.5315,1489417893907,25746480,GOOG
2016,2016-12-31,2017-02-03,19478000000.0,90272000000.0,23716000000.0,1.39,55134000000.0,0.6107541652,167497000000.0,139036000000.0,105408000000.0,16756000000.0,28461000000.0,268000000.0,105131000000.0,521861065901.065,10.107560055121708,6.290761518262115,0.023492958082831333,0.028302022497770363,0.1337890941499335,10.107560055121708,0.140093213268506,5.880495235522255,27.253520171530187,3.818033213707709,0.0,131.11194029850745,0.0,0.5389469662143203,6.001730723322988,0.11628864994596919,20.556229317730214,0.6107541651896491,0.2192982456140351,-0.06120232524698241,0.11765914827760245,0.12219338346571275,0.17744794447410572,0.19146072914117934,0.225,-0.2704180557394964,-0.26976509734156634,-0.22934414818966695,Internet Content & Information,Communication Services,117.5315,1489417893907,25746480,GOOG
2015,2015-12-31,2016-02-11,16348000000.0,74989000000.0,19360000000.0,1.14,46825000000.0,0.6244249157,147461000000.0,120331000000.0,90114000000.0,19310000000.0,27130000000.0,0.0,89223000000.0,508360747970.648,8.7857023961494,4.666701191092698,0.035399190294382925,0.0433803425551188,0.12805234835993934,8.7857023961494,0.13585859005576287,6.930213070859033,31.789194272733546,4.3188351129023115,0.0,0.0,0.0,0.5085344599589043,4.50414293112377,0.11086321128976476,32.26083232793147,0.6244249156542959,0.08571428571428558,-0.10545151600403568,0.19023401404814458,0.2110550398479923,0.16162242619697345,0.13181944059817224,0.17361784675072744,-0.2724865787516818,-0.2858827650225726,-0.1982723591709433,Internet Content & Information,Communication Services,117.5315,1489417893907,25746480,GOOG
2014,2014-12-31,2014-12-31,14444000000.0,66001000000.0,16496000000.0,1.05,40310000000.0,0.610748322,131133000000.0,104500000000.0,80685000000.0,16805000000.0,26633000000.0,0.0,75706000000.0,341636768527.5904,7.730036305564614,4.801249628086879,0.039936552965310027,0.05011483253588517,0.12103924765386143,7.730036305564614,0.1382200956937799,5.374869600878629,24.560147364136693,3.3947059189243096,0.0,0.0,0.0,0.5033134298765376,4.519547753644749,0.11014771262763759,31.071802446140875,0.6107483219951213,-0.450261780104712,0.03632462240027068,0.3055538957800605,0.3578400316209315,0.18674007124562075,0.11795665634674922,0.18115423170557068,-0.29162813903417734,-0.16851770491612492,-0.14177155032991795,Internet Content & Information,Communication Services,117.5315,1489417893907,25746480,GOOG
2013,2013-12-31,2013-12-31,12920000000.0,59825000000.0,13966000000.0,1.91,33967000000.0,0.5677726703,110920000000.0,87309000000.0,72886000000.0,15908000000.0,23611000000.0,426000000.0,61262000000.0,172114269514.5883,13.115530144069146,4.581719889363842,0.047286332491886046,0.060073990081205834,0.12679194960373052,13.115530144069146,0.1479801624116643,3.1051779275317726,14.378271634256059,2.127698971636238,0.0,60.69953051643193,0.0,0.5393526866209881,4.2813050037716875,0.11648034619545619,16.438126671497063,0.567772670288341,0.17901234567901222,1.8831978838333776,1.5890740362972655,1.9163619137281231,0.14982566602349276,0.2033156375151346,0.0945141065830721,0.4545533082224905,0.9536437667848541,0.8078951647866748,Internet Content & Information,Communication Services,117.5315,1489417893907,25746480,GOOG
2012,2012-12-31,2012-12-31,10737000000.0,50175000000.0,12760000000.0,1.62,29541000000.0,0.5887593423,93798000000.0,71715000000.0,60454000000.0,14337000000.0,22083000000.0,505000000.0,48342000000.0,106028895100.8098,10.958462635845027,4.216642254307038,0.05903110940531781,0.0772083943387018,0.13311624540528796,10.958462635845027,0.14971763229449905,2.2973571519842513,10.735763723648114,1.6073331255777705,0.0,40.85940594059406,0.0,0.5349261178276722,3.952919020715631,0.11446939167146421,8.637036947460647,0.5887593423019432,0.08724832214765109,1.4260961944100556,1.8720732117322776,2.0022060473500933,0.19516931666464377,0.10270103728047653,0.08669732583886902,0.5913498788608231,1.050246389198796,0.924937822253315,Internet Content & Information,Communication Services,117.5315,1489417893907,25746480,GOOG
2011,2011-12-31,2011-12-31,9737000000.0,37905000000.0,11742000000.0,1.49,24717000000.0,0.6520775623,72574000000.0,58145000000.0,52758000000.0,8913000000.0,14429000000.0,0.0,37605000000.0,98046375493.3527,9.006968142964935,5.91921911814204,0.0579270813238901,0.0723020036116605,0.14877007786720553,9.006968142964935,0.16746065869808238,2.739094459658428,10.662973759202291,1.7856286093963833,0.0,0.0,0.0,0.522294485628462,5.699315606417592,0.13416650591120788,9.330940549416079,0.6520775623268698,0.12878787878787873,1.9544617608843502,2.3375891243199147,2.1863281966892907,0.3075010579771477,0.1448559670781893,0.13110490318851747,1.2406628971767848,0.6916000104187573,1.0027843756040375,Internet Content & Information,Communication Services,117.5315,1489417893907,25746480,GOOG
2010,2010-12-31,2010-12-31,8505000000.0,29321000000.0,10381000000.0,1.32,18904000000.0,0.6447256233,57851000000.0,46241000000.0,41562000000.0,9996000000.0,11610000000.0,0.0,27868000000.0,84107013885.5,7.254585553148892,4.157863145258103,0.05989524813745657,0.0749335005730845,0.1645287573630241,7.254585553148892,0.18392768322484376,3.215170488233689,11.084304983597882,2.0387105357907482,0.0,0.0,0.0,0.5068365283227602,3.999299719887955,0.14701560906466613,13.34730481176554,0.6447256232734218,0.2941176470588236,4.023400134095693,3.1341956514348714,3.2491607017194943,0.2767410522766838,0.3043582281462869,0.24888928135150007,0.9730820344006611,0.7231880087507155,0.9874832211811203,Internet Content & Information,Communication Services,117.5315,1489417893907,25746480,GOOG
2009,2009-12-31,2009-12-31,6520448000.0,23650563000.0,8312186000.0,1.02,14806448000.0,0.6260505511,40496778000.0,36004224000.0,29166958000.0,2747467000.0,4492554000.0,0.0,20082078000.0,87436871576.619,5.692891743909499,10.615944795697272,0.0,0.0,0.17961127643290287,5.692891743909499,0.1811023062182926,4.128208684783487,14.973581504924049,2.7117501428893176,0.0,0.0,0.0,0.58401097983647,10.0770964674007,0.16101152541073763,11.47788636631148,0.6260505511010457,0.5223880597014925,8.980159780743609,3.5302175417439874,6.50910611105373,0.12391062304027525,0.5426229128113601,0.25335115408410386,1.019500000745579,1.125646650135704,1.0139320131254874,Internet Content & Information,Communication Services,117.5315,1489417893907,25746480,GOOG
2008,2008-12-31,2008-12-31,4226858000.0,21795550000.0,6631969000.0,0.67,13174044000.0,0.6044373278,31767575000.0,28238862000.0,20178182000.0,2302090000.0,3528713000.0,0.0,13561630000.0,39444967146.824,4.49722309235034,8.765157747959464,0.0,0.0,0.16958608302293113,4.49722309235034,0.14968230660286522,2.206947709363792,11.379998842360921,1.703384475862519,0.0,0.0,0.0,0.6860942328773915,8.030947095899812,0.1330557337159037,8.754672787841283,0.6044373278031525,0.015151515151515164,16.547203767912023,5.520861201262919,20.035510652729325,0.3247033831709335,0.005504172494837906,0.3043759342301943,1.5342704795063797,2.1195498668109356,1.6341165171849046,Internet Content & Information,Communication Services,117.5315,1489417893907,25746480,GOOG
TTM,,,,,,,,,,,,,,,,1490086204904.0,20.412643768093265,2.35258663258489,0.07881382767103935,0.11162004492245893,0.19776131453981022,20.412643768093265,0.2283908806597517,5.233490523604065,25.641648097700855,5.758151728671415,0.0,54.95291576673866,0.0,0.7702812788403507,2.1950503964911263,0.15856137226617156,24.0577918576482,0.5530195494216688,,,,,,,,,,,Internet Content & Information,Communication Services,117.5315,1489417893907,25746480,GOOG
