Quarters,Year,Quarter,FillingDate,Date,NetIncome,Revenue,OperatingIncome,EPSDiluted,GrossProfit,GrossProfitRatio,TotalAssets,CommonStockEquity,CurrentAssets,CurrentLiability,TotalLiability,Inventory,RetainedEarnings,MarketCap,EnterpriseValue,bookValuePerShare,currentRatio,debtToAssets,debtToEquity,roic,shareholdersEquityPerShare,roe,priceToSalesRatio,peRatio,pbRatio,payoutRatio,inventoryTurnover,dividendYield,assetTurnover,quickRatio,returnOnAssets,priceToFreeCashFlowsRatio,grossProfitMargin,epsdilutedGrowth,fiveYNetIncomeGrowthPerShare,fiveYRevenueGrowthPerShare,fiveYShareholdersEquityGrowthPerShare,grossProfitGrowth,netIncomeGrowth,operatingIncomeGrowth,threeYNetIncomeGrowthPerShare,threeYRevenueGrowthPerShare,threeYShareholdersEquityGrowthPerShare,Industry,Sector,Symbol
2023Q1,2023,Q1,2023-05-15,2023-03-31,983305.0,22016668.0,1793458.0,0.078,4662516.0,0.2117720992,62297134.0,5519258.0,46788473.0,33051802.0,56777876.0,2334567.0,-68021621.0,47577136.199999996,72195611.19999999,0.4408247758300341,1.415610350080156,0.4593533789210913,5.184827199598207,0.03672577825436568,0.4408247758300341,0.17815891194069927,2.160959878215904,12.096230620204311,8.62020514351748,0.0,7.433563483078447,0.0,0.3534138183628159,1.3156556486693223,0.015784112957748585,56.026293433883694,0.2117720992113793,-0.8607142857142857,-0.44456625441275976,-0.14083171320676766,-0.9483873630462888,0.20101387117962985,-0.8560898013806411,0.7057857307943621,1.330537123469195,0.2347045848720147,1.5112940284443555,Aerospace & Defense,Industrials,CVU
2022Q4,2022,Q4,2023-04-14,2022-12-31,6832768.0,24078348.0,1051397.0,0.56,3882150.0,0.1612299149,59447080.0,4197030.0,43198436.0,30301834.0,55250050.0,2493069.0,-69004926.0,39020243.2,64858811.2,0.3441930367056246,1.425604668021084,0.4993650318905487,7.07304760747481,0.6564133517249041,0.3441930367056246,1.6280007529133698,1.6205531708404581,1.4276879882355147,9.297108479091168,0.0,8.100938241179847,0.0,0.4050383635327421,1.3111264816512427,0.1149386647754608,321.4135121332433,0.16122991494266967,2.733333333333334,1.4210215658094785,-0.2629398092038544,-0.9588331030611538,-0.27134266912145755,2.6759976586440795,-0.5930414298476359,1.6325342106012015,0.7889343812692295,1.5263684064301615,Aerospace & Defense,Industrials,CVU
2022Q3,2022,Q3,2022-11-21,2022-09-30,1858752.0,20196913.0,2583548.0,0.15,5327813.0,0.2637934322,54637799.0,-2743257.0,44553251.0,30934762.0,57381056.0,3108241.0,-75837694.0,14885119.92,41024669.92,-0.22299726087796276,1.4402325448632836,0.5631070351131824,-11.21547452535435,0.07346071969327822,-0.22299726087796276,-0.6775712228201732,0.7369997543684027,2.0020314598182005,-5.426075617413899,0.0,4.783766767120053,0.0,0.3696509260923926,1.3198039797429184,0.03401952556690653,5.125620568706866,0.26379343219431606,2.7499999999999996,-0.21163890723988493,-0.2985705518552306,-1.027359226989719,0.45580991832641565,2.5908476226537567,1.684769167139493,0.07312794893192091,-0.2440267424025373,-1.02635671524329,Aerospace & Defense,Industrials,CVU
2022Q2,2022,Q2,2022-09-29,2022-06-30,517636.0,18925406.0,962298.0,0.04,3659690.0,0.1933744513,53105067.0,-4686988.0,42603574.0,30924735.0,57792055.0,3587781.0,-77696446.0,21021910.0,50236803.0,-0.3767978133290457,1.3776536484467854,0.599584103716506,-6.793478882386727,0.027641470851548413,-0.3767978133290457,-0.11044107644397638,1.1107772271833958,10.152843890301291,-4.485164032850095,0.0,4.254918569444456,0.0,0.35637665234468113,1.245178818832239,0.009747393784476347,60.233145850107014,0.19337445125351604,15.814814814814815,-0.5376227038965568,-0.2264306846205034,-1.0455831267597306,0.06553322372357377,16.718805988278522,2.2405843368625233,-0.8217900308649938,-0.2374128330440275,-1.044517542628033,Aerospace & Defense,Industrials,CVU
2022Q1,2022,Q1,2022-09-06,2022-03-31,-32931.0,20135097.0,296952.0,-0.0027,3434609.0,0.1705782197,52245816.0,-5342122.0,41168882.0,29653339.0,57587938.0,3697130.0,-78214082.0,36471271.85,66423266.85,-0.43210063978067714,1.3883388309154663,0.6294265745605352,-6.155775738554829,0.008781708491657356,-0.43210063978067714,0.006164404332211057,1.81132834125408,-276.87643747532724,-6.8271132426402845,0.0,4.5171492482006315,0.0,0.38539156896314913,1.2496346532847447,-0.0006303088461667438,-14.760121723251906,0.1705782197125745,0.9276139410187667,-1.0187226516723236,-0.28608954297068334,-1.0547665507843307,0.21089663089149766,0.9285003994997568,2.9388352050143642,-1.018848043536878,-0.25287075583768337,-1.053186702940262,Aerospace & Defense,Industrials,CVU
2021Q4,2021,Q4,2022-08-19,2021-12-31,-460576.0,26350860.0,-153160.0,-0.0373,2836418.0,0.1076404337,55005545.0,-5335073.0,43279919.0,31104143.0,60340618.0,4028925.0,-78181151.0,33751380.39,61624623.39,-0.4315304773227973,1.3914519040116295,0.6214302394422235,-6.407055536072328,-0.00421693132135534,-0.4315304773227973,0.08632984028522196,1.2808454976422021,-18.320201437982004,-6.326320256536321,0.0,5.8364059891906654,0.0,0.47905824767303007,1.2418255343026168,-0.008373264913564623,8.227057598016811,0.10764043374675437,-1.0828888888888888,-1.1525025848451453,-0.23240060206982074,-1.0557867941028967,-0.22332135080548,-1.084894811395962,-1.1728404814164886,0.7318599492292519,-0.020250604782644066,-1.054211003089698,Aerospace & Defense,Industrials,CVU
2021Q3,2021,Q3,2022-05-16,2021-09-30,5425255.0,23898748.0,886135.0,0.45,3651984.0,0.15281068280229576,49664398.0,-4979351.0,42944810.0,29815315.0,54643749.0,4979928.0,-77720575.0,32953992.5,59902603.5,-0.4155252280888272,1.4403607676122154,0.605246277222569,-6.036769048817808,0.031539130518765265,-0.4155252280888272,-1.0895506261759815,1.3789003716847426,1.51854578724871,-6.618130053494923,0.0,4.065674041873698,0.0,0.4812048260405774,0.3909090009614187,0.1092383119191337,-24.728436594222355,0.15281068280229576,7.653846153846154,1.330346870804911,-0.21721075218759806,-1.0552175654341862,0.015398423289538292,7.706164316513975,-0.035671455653086145,2.0518576273578684,-0.10475283412202517,-1.0472390756072396,Aerospace & Defense,Industrials,CVU
2021Q2,2021,Q2,2022-04-19,2021-06-30,623151.0,22301190.0,918914.0,0.052,3596602.0,0.1612739947957934,50068828.0,-10559255.0,42641852.0,34675119.0,60628083.0,5281161.0,-83145830.0,42540608.5,75907308.5,-0.8811664095025815,1.2297535878680041,0.7183450149861706,-3.4061771403380257,0.03604692113191428,-0.8811664095025815,-0.059014674804235716,1.9075488124176334,17.066733624755475,-4.028750939341838,0.0,3.541756822032125,0.0,0.44541066549430713,0.2789095258764649,0.01244588748911798,-17.05919625895557,0.1612739947957934,1.223434882395461,-0.7499365476056864,-0.2808082172464159,-1.1195838676246552,4.154061440000917,1.221563303216796,-0.39912063308140683,-0.6285589172360688,-0.17515625182055092,-1.102304616249487,Aerospace & Defense,Industrials,CVU
2021Q1,2021,Q1,2021-12-27,2021-03-31,-2812519.0,16858386.0,1529282.0,-0.2327299991948631,697819.0,0.041392989815276504,52854504.0,-11407462.0,44735271.0,36440646.0,64261966.0,5499218.0,-83768981.0,54404045.8,87156878.8,-0.951949008909922,1.2276201415309707,0.635105231523883,-2.9426503458876305,0.069022894434394,-0.951949008909922,0.24655081033800508,3.2271206626779096,-4.835882513149245,-4.7691630092653385,0.0,2.938702739189463,0.0,0.31895836161852925,0.24832235410974876,-0.05321247551580467,-11153.67718000245,0.041392989815276504,-1322.3507033136268,0.7811722354182541,-0.04547672137567996,-1.1328734907268738,-0.8494075303680071,-1347.9294201889322,-0.011222399021361804,-2.659888190994857,-0.3126435791574415,-1.111456073454131,Aerospace & Defense,Industrials,CVU
2020Q4,2020,Q4,2021-04-15,2020-12-31,2088.096791,25408819.0,1546639.0,0.00017613037826462935,4633824.0,0.18237069578086254,45424855.0,-8349334.0,40868859.0,28559487.0,58040416.0,9567921.0,0.0,45418052.724,54207084.724,-0.7042639795320345,1.4310081620163555,0.32630966020695057,-1.7752995628154293,4.050160249685668,-0.7042639795320345,-0.0002500914193874625,1.7874916864101398,5437.733169237939,-5.439721626180004,0.0,2.1713175725426663,0.0,0.5593593859573135,0.3850364329023137,4.596815534138744e-05,-6.604174814854883,0.18237069578086254,1.5698653035318646,-0.9976766027963015,-0.4167816117686979,-1.0858365381088826,0.10791433302052014,1.561425095895654,0.366492877470223,-0.9992390147404453,-0.20001032238733427,-1.0842328564826054,Aerospace & Defense,Industrials,CVU
2020Q3,2020,Q3,2020-12-31,2020-09-30,815.209,25576718.0,1131831.0,6.853681320284242e-05,4182475.0,0.16352664950991758,44751201.0,-9656892.0,40066810.0,27581779.0,57344504.0,8742093.0,0.0,31877176.92,40864335.92,-0.8118808834593625,1.45265502997468,0.28102606676410763,-1.3023086516862776,0.18836623848504622,-0.8118808834593625,-8.441732598852715e-05,1.2463357073413408,9775.768214040818,-3.3009768484518625,0.0,2.4472678339157454,0.0,0.5715314321955293,0.3951310754828396,1.8216472000382738e-05,5.323410270215387,0.16352664950991758,1.0013707362640567,-0.9997600337485736,-0.3125983569117108,-1.0996374458389602,0.6210709868612041,1.0013658958733713,5.812554478852638,-0.9996424023892729,-0.08131690661383578,-1.0996085480679256,Aerospace & Defense,Industrials,CVU
2020Q2,2020,Q2,2020-11-16,2020-06-30,-596831.0,19740767.0,-235183.0,-0.05,2580069.0,0.13069750531982877,47398244.0,-10613202.0,39215245.0,26513872.0,58011446.0,7658508.0,-82456038.0,39004279.160000004,68583519.16,-0.8952206099429425,1.479046327145277,0.7664512001752639,-3.4229482299498306,-0.008080508958601431,-0.8952206099429425,0.0562347725031522,1.975823895798983,-16.338075250782886,-3.675071779468628,0.0,2.240736446315653,0.0,0.41648730699812425,1.1055070342045854,-0.012591837790446415,68.3637942300277,0.13069750531982877,0.7916666666666667,-1.4348091816927953,-0.3511089290897588,-1.1138167420338363,2.697332689422329,0.7877948557858632,0.9018136152443711,-1.5593614221976744,-0.15338265504813728,-1.1082993401167038,Aerospace & Defense,Industrials,CVU
2020Q1,2020,Q1,2020-09-30,2020-03-31,-2812519.0,16858386.0,-2395271.0,-0.24,697819.0,0.041392989815276504,42251352.0,-10205574.0,33403441.0,22409762.0,52456926.0,6940139.0,-81859207.0,26633281.5,56745429.5,-0.8621747004776712,1.4905754465397714,0.7599956801382356,-3.1464026423207554,-0.09288258573219194,-0.8621747004776712,0.2755865569148781,1.5798239226459758,-2.367386806986904,-2.6096799160929116,0.0,2.328565321242125,0.0,0.3990022851813121,1.0885707755396956,-0.06656636691767875,-18.615273617096822,0.041392989815276504,0.7290815516129894,-3.180391311966428,-0.38973600522391844,-1.1110434729344554,1.1124899631475633,0.7317864949094612,0.751925081772606,-2.670108302124186,-0.37570085229940786,-1.1092762430128367,Aerospace & Defense,Industrials,CVU
2019Q4,2019,Q4,2020-08-25,2019-12-31,-10486120.0,13065753.0,-9655434.0,-0.8858754412219163,-6203389.0,-0.47478235659284235,44339580.0,-7740240.0,34831456.0,20979737.0,52079820.0,5891386.0,-79046688.0,79663104.22,108308066.22,-0.653901397768052,1.6602427380286036,0.7374240125864973,-4.224296791830744,-0.33900438399424954,-0.653901397768052,1.3547538577615164,6.097092469144335,-1.8992512058797726,-10.292071592095336,0.0,3.2707315392337217,0.0,0.2946747127510003,1.279206788912559,-0.2364956997788432,22.37204165991497,-0.47478235659284235,-7.327681723013688,-5.376148094177694,-0.5333884541382149,-1.085586298873049,-2.249905099405854,-7.290742228298657,-5.07727772550914,-4.626414610521478,-0.6024781480691245,-1.0845341512543858,Aerospace & Defense,Industrials,CVU
2019Q3,2019,Q3,2019-11-08,2019-09-30,1666913.0,25711153.0,2368108.0,0.14,4963088.0,0.19303249449762133,153621126.0,100165509.0,146016968.0,45085510.0,53455617.0,10404058.0,28796183.0,97315445.64,130129647.64,8.460737949306276,3.2386673234926255,0.21665469370404172,0.3322774309468142,0.014358633495097334,8.460737949306276,0.01664158667630791,3.7849506647951574,14.595159681399089,0.97154645957023,0.0,1.9942281175287566,0.0,0.16736729946895454,2.9421068542864437,0.01085080576743071,-146.13003905692761,0.19303249449762133,-0.3913043478260869,-0.2963830100489335,-0.14261224427625374,0.14072143198122244,0.0013934112992622144,-0.3850066612383078,0.05395908706738132,-0.2752658359207665,-0.1475740917122152,0.12431525153378088,Aerospace & Defense,Industrials,CVU
2019Q2,2019,Q2,2019-08-08,2019-06-30,2710457.0,23158251.0,2246869.0,0.23,4956182.0,0.21401365759443577,153624109.0,98245508.0,144916532.0,46294171.0,55378601.0,11956006.0,27129270.0,96109396.19999999,128222272.19999999,8.464029932590504,3.13034079387662,0.21393440921437662,0.33452402729700376,0.02674893457723193,8.464029932590504,0.02758860995456403,4.150114626532029,8.864685567784326,0.9782574099978187,0.0,1.5224205307357657,0.0,0.1507462022123103,2.804713923919277,0.01764343511993941,-82.47602653734957,0.21401365759443577,0.6428571428571428,1.0667149977151427,1.7125775806185606,0.1631051067433575,-0.08486782217249128,0.6341856194207397,-0.138921815137541,0.12289534369341565,-0.22898599252039517,0.14866093863177002,Aerospace & Defense,Industrials,CVU
2019Q1,2019,Q1,2019-05-10,2019-03-31,1658598.0,25583531.0,2609367.0,0.14,5415810.0,0.2116912634147335,151858590.0,95348360.0,142681526.0,45042116.0,56510230.0,11090995.0,24418813.0,76638071.65,107460820.65,8.124223083841123,3.1677358585906576,0.20703412299561058,0.32973729175834804,0.015597412316405187,8.124223083841123,0.017395139255672567,2.995601805317648,11.551634520540842,0.8037691644617695,0.0,1.818386988723735,0.0,0.1684694359403706,2.8503375374283038,0.01092198999081975,-30.13008537596523,0.2116912634147335,2.0076676397355544,-0.31163520115865284,-0.16115259080336428,-0.2491452783061539,0.14472557010538142,2.017182842914791,0.08979044635865309,1.1317625689514081,0.4790231548151046,0.13398288195073296,Aerospace & Defense,Industrials,CVU
2018Q4,2018,Q4,2019-04-01,2018-12-31,-1630580.0,25531850.0,2394375.0,-0.1389346987829645,4731099.0,0.18530184847553155,143713674.0,93423346.0,140204589.0,41854413.0,50290328.0,9711997.0,22760215.0,74760262.85,100982024.85,7.960200932065075,3.3498161591705995,0.211183133485266,0.3248642368257716,-0.01684530712334423,7.960200932065075,-0.017453667309239813,2.928117737257582,-11.462219401991929,0.8002310562715234,0.0,2.1417583839863212,0.0,0.17765776414567203,3.022858354267207,-0.011346032389374445,156.78171400230264,0.18530184847553155,-1.9262313252197636,-1.4920485998972264,-0.14207892833464256,-0.248790634067315,-0.014041744069682095,-2.227704940620546,0.08151024563692061,-2.832736032418224,-0.4080105270983248,-0.029801167576984776,Aerospace & Defense,Industrials,CVU
2018Q3,2018,Q3,2018-11-13,2018-09-30,1328153.0,19944558.0,2213918.0,0.15,4798478.0,0.24059084187275548,127101761.0,78752359.0,123618572.0,42132672.0,48349402.0,0.0,24390795.0,76727030.03,111540595.03,8.796218443045605,2.9340311480838435,0.28042222798156197,0.4525852870007361,0.015681403621318563,8.796218443045605,0.016864929722295682,3.847015814038095,14.442430584051689,0.9742823072766621,0.0,0.0,0.0,0.1569180304276036,2.8787099474725935,0.01044952477094318,201.20372903445744,0.24059084187275548,0.07142857142857129,-0.3485812964155768,-0.09532623527763039,-0.1464622673566823,0.04660163173325528,0.05641631370677484,0.0921823193108834,-0.4805941913014873,-0.2878562618895513,0.07950902227455461,Aerospace & Defense,Industrials,CVU
2018Q2,2018,Q2,2018-08-09,2018-06-30,1257225.0,20261239.0,2027059.0,0.14,4584818.0,0.22628517436668114,127848985.0,77347752.0,124300447.0,43714498.0,50501233.0,0.0,23062642.0,94291879.5,129188708.5,8.613163724242023,2.843460469339028,0.2810262983315824,0.46451158658108127,0.013971798857443589,8.613163724242023,0.016254189262022767,4.653806191220586,18.750000894827895,1.2190642528305153,0.0,0.0,0.0,0.15847790265992334,2.7817567068939004,0.009833672124968376,-77.10344076138641,0.22628517436668114,0.0,-0.34154048816990445,-0.10309474515730754,-0.14514840687934147,0.1320907249322694,0.000366019104605873,0.013515310785649002,0.20918209211888672,-0.12076465215395857,0.09506218110833366,Aerospace & Defense,Industrials,CVU
2018Q1,2018,Q1,2018-05-15,2018-03-31,1256765.0,18191623.0,2000028.0,0.14,4049868.0,0.2226226873764919,124038562.0,75914151.0,120654834.0,41049371.0,48124411.0,0.0,21805417.0,86659745.25,119830698.25,8.54102409503679,2.9392614566493602,0.2697080041930831,0.44068454378156713,0.014801058786680069,8.54102409503679,0.01655508206895444,4.763717082857313,17.238653457488073,1.1415492909879215,0.0,0.0,0.0,0.14666102788260316,2.881681914200342,0.01013205070855304,-31.75127723606994,0.2226226873764919,-0.39511890346606726,-0.291213351105911,-0.13954191996858029,-0.13536721209172933,-0.265292482989606,-0.38908152109715616,-0.38893200252734184,0.2975449871750877,-0.12299398858785437,0.10003805192183338,Aerospace & Defense,Industrials,CVU
2017Q4,2017,Q4,2018-03-22,2017-12-31,2057173.0,23812036.0,3273004.0,0.2314504467113005,5512218.0,0.23148873116099775,124184499.0,74313333.0,120382436.0,42244635.0,49871166.0,0.0,20548652.0,79549202.05,109985478.05,8.36091768628872,2.8496502810356867,0.25661135855611095,0.4288214740684555,0.02254115692074174,8.36091768628872,0.027682421403437792,3.34071400068436,9.667296096390531,1.0704566574883676,0.0,0.0,0.0,0.1917472485837383,2.792526175217279,0.016565457175134232,45.70445727782556,0.23148873116099775,0.21816024584894997,-0.4375377622399928,-0.18169212971032367,-0.13316542437230244,0.1220946186372708,0.21330417401694945,0.14116226170901477,0.1433451974638345,0.13252275392553525,0.09432401030819108,Aerospace & Defense,Industrials,CVU
2017Q3,2017,Q3,2017-11-09,2017-09-30,1695513.0,20706460.0,2868132.0,0.19,4912436.0,0.23724171104090222,120667767.0,72105357.0,116303429.0,40520640.0,48562410.0,0.0,18491479.0,82714840.45,114740090.45,8.150714965805149,2.870226852290586,0.27129310348471103,0.4540069470843893,0.018813038715044427,8.150714965805149,0.023514383265587326,3.9946393758276404,12.19613775447313,1.147138630074323,0.0,0.0,0.0,0.17159893246387828,2.809249409683559,0.014051084578369632,101.82744446660364,0.23724171104090222,1.1111111111111112,-0.45906051328080405,-0.08450159136589339,-0.1132573625285472,0.3335429025003882,1.214483959318067,0.7056477654544914,-0.042226887914678844,-0.07594097106558521,0.09892249389740031,Aerospace & Defense,Industrials,CVU
2017Q2,2017,Q2,2017-08-09,2017-06-30,765647.0,16731951.0,1681550.0,0.09,3683748.0,0.22016249031568405,116742146.0,70321859.0,111643643.0,37843758.0,46420287.0,0.0,16795966.0,79967576.60000001,112799781.60000001,8.266168648657036,2.9501204135170718,0.2907904571156333,0.48274466122973225,0.01015720401919638,8.266168648657036,0.010887752555005691,4.779333659296516,26.111111452144396,1.137165281708494,0.0,0.0,0.0,0.1433239971449557,2.8841780459541044,0.0065584454820626645,46.51589982229539,0.22016249031568405,-0.3571428571428572,-0.7588927038310717,-0.31884041277567216,-0.16560487470851942,-0.18815721560308132,-0.3871396885138169,-0.2915720860317252,1.0257133682467785,1.7024613148902725,0.1359155207420495,Aerospace & Defense,Industrials,CVU
2017Q1,2017,Q1,2017-05-10,2017-03-31,1249301.0,20032701.0,2373636.0,0.14,4537514.0,0.22650535242351993,118913280.0,69283200.0,113269160.0,40557307.0,49630080.0,0.0,16030319.0,59273721.0,93819722.0,7.889864042785503,2.7928175803191273,0.29413835864253346,0.5048403797746063,0.014340827183790641,7.889864042785503,0.018031802803565655,2.958848185274667,11.86137708206429,0.8555280500900652,0.0,0.0,0.0,0.16846479215778087,2.725449300664859,0.010505983856470866,-19.881263613634733,0.22650535242351993,-0.4166666666666666,-0.4846196123668766,-0.19570258508819904,-0.03372594381212757,-0.23088459609404147,-0.41484812901902246,-0.38961999432213257,-0.3070249917112329,-0.12212039390975964,-0.270805145438342,Aerospace & Defense,Industrials,CVU
2016Q4,2016,Q4,2017-03-08,2016-12-31,2135003.0,24268032.0,3888784.0,0.24,5899653.0,0.24310389074812494,117791895.0,67605706.0,111288206.0,40692721.0,50186189.0,0.0,14781018.0,80843483.0,112445230.0,7.735351784633029,2.734843069353853,0.2771101780814376,0.4828192016809942,0.024026974957102223,7.735351784633029,0.03158021898329114,3.3312747815727293,9.466436698215412,1.1958085756844252,0.0,0.0,0.0,0.20602463352847833,2.6818733748475556,0.018125211416286324,476.91049759608296,0.24310389074812494,0.26315789473684204,-0.36801804585644204,-0.2029846683211381,0.21501220297823942,0.17420797998872695,0.2662637561422602,0.2918599664277141,-0.13484786705687357,0.09503427617958596,-0.2700097951053911,Aerospace & Defense,Industrials,CVU
2016Q3,2016,Q3,2016-11-09,2016-09-30,1686065.0,22110829.0,3010221.0,0.19,5024368.0,0.22723562287058527,115987240.0,65308576.0,108069345.0,40680060.0,50678664.0,0.0,12646015.0,59535250.88,91196950.88,7.525236305177051,2.656567984413002,0.2787118393368098,0.49498885108136487,0.019454385058973626,7.525236305177051,0.025816900371553042,2.692583388890575,8.827543849139863,0.9115992803150387,0.0,0.0,0.0,0.19063156429965916,2.5912933510914193,0.014536642134083025,115.78115903190363,0.22723562287058527,-0.09523809523809519,-0.25569871095212326,0.06086207867091597,0.018677644532143413,-0.001913587224158279,-0.0583693551810028,-0.048967621146627054,-0.1468921798534566,0.03464198847293828,-0.2697915388169838,Aerospace & Defense,Industrials,CVU
2016Q2,2016,Q2,2016-08-08,2016-06-30,1790580.0,22280964.0,3165214.0,0.21,5034001.0,0.22593281870568976,114681697.0,63447036.0,105874088.0,40957085.0,51234661.0,0.0,10959954.0,52954285.95,84906907.95,7.368606041981764,2.5850005682777475,0.28571628129988347,0.5164374896882495,0.020730084335883636,7.368606041981764,0.028221649313925398,2.3766604510469116,7.393454348590959,0.8346219033778032,0.0,0.0,0.0,0.19428526593916726,2.5518189587955296,0.015613476664894486,-33.16076059430295,0.22593281870568976,1.1962616822429906,-0.09350506093290677,0.01678160436728581,0.024419430650415665,1.4325076053964292,1.194201439878875,1.2204266768025904,-0.021932586755161288,0.02866399464935159,-0.26867004787826065,Aerospace & Defense,Industrials,CVU
2016Q1,2016,Q1,2016-05-10,2016-03-31,-9220220.0,12670032.0,-14359487.0,-1.07,-11639104.0,-0.9186325654110423,114728556.0,61588401.0,104713103.0,42704679.0,53140155.0,0.0,9169374.0,63012623.54,93377964.53999999,7.164326034503657,2.45202880461881,0.27185636329284923,0.5064214607552484,-0.09750694065720944,7.164326034503657,-0.14970708526756524,4.973359462706961,-1.7085444691124507,1.0231248500833785,0.0,0.0,0.0,0.11043485982687692,2.4224092165638336,-0.08036551946143208,-10.819575514608136,-0.9186325654110423,-15.114742910630985,-6.3274554060230646,-0.3744276809772076,0.04802674579175163,-4.274165213479909,-15.148385710778296,-8.610473466800508,-6.376404546666275,-0.38038034333970905,-0.27473437332926526,Aerospace & Defense,Industrials,CVU
2015Q4,2015,Q4,2016-03-28,2015-12-31,651680.0,31590791.0,1886806.0,0.07580726101600435,3554831.0,0.11252744510259335,116712536.0,70532109.0,112355720.0,45062803.0,46180427.0,0.0,18389594.0,83644314.74000001,107837743.74000001,8.204710896409694,2.493314053278044,0.21587614204527267,0.35721960334405994,0.007872082868575617,8.204710896409694,0.009239479851651678,2.6477436016084566,32.08795526178493,1.1859040644878491,0.0,0.0,0.0,0.27067178970389266,2.4696698738425127,0.005583633278262414,226.37591169521482,0.11252744510259335,-0.7292597820856987,1.1700116828989564,2.274194911838018,0.2215578480509394,-0.36480403943083733,-0.7335824388768174,-0.4897030859234173,-0.8157760234409739,0.12245749199752337,-0.14936047035834368,Aerospace & Defense,Industrials,CVU
2015Q3,2015,Q3,2015-11-09,2015-09-30,2446085.0,26790881.0,3697467.0,0.28,5596432.0,0.20889316779093603,114092920.0,69785876.0,110171083.0,42598494.0,44307044.0,0.0,17737914.0,75452513.77000001,99883725.77000001,8.148351020273768,2.5862670872824753,0.23073075875347918,0.3772216888127907,0.02704826568623125,8.148351020273768,0.03505129032126787,2.8163505996685965,7.7115588552728145,1.081200353062846,0.0,0.0,0.0,0.2348163321615399,2.5155705739268623,0.02143941096432627,-89.28055378131077,0.20889316779093603,1.3333333333333337,0.32893034592669773,0.6033065142874159,0.17092008737433848,0.45423476802770213,1.4705234176473678,1.0557746795242458,-0.19389219588631101,0.22352473039705498,-0.11351454380701533,Aerospace & Defense,Industrials,CVU
2015Q2,2015,Q2,2015-08-07,2015-06-30,990108.0,21944320.0,1798576.0,0.12,3848369.0,0.17536970842568828,106913052.0,67262063.0,101674097.0,37635252.0,39650989.0,0.0,15291829.0,85601295.78,109187390.78,7.865456293563597,2.7015654631460952,0.22798700012791703,0.36238534640247355,0.012717073077507718,7.865456293563597,0.01472015510437139,3.9008406630964187,21.614130928141172,1.2726534388337152,0.0,0.0,0.0,0.20525389173250802,2.627416045998576,0.009260871160987902,12.489809619371519,0.17536970842568828,0.09090909090909087,-0.36998619594919946,0.3415612993597992,0.15088263363106716,0.06837677547166617,0.06678877731327845,0.13639298770586578,-0.6898268809268745,-0.11128146606267984,-0.20605317064164855,Aerospace & Defense,Industrials,CVU
2015Q1,2015,Q1,2015-05-08,2015-03-31,928120.0,19876566.0,1582706.0,0.11,3602071.0,0.18122199780384599,109671995.0,66128323.0,103617134.0,41214541.0,43543672.0,0.0,14301721.0,103907070.6,134322501.6,7.764298771406226,2.514091664881091,0.2849752573571767,0.4726235836949925,0.01102556687679467,7.764298771406226,0.01403513589782097,5.227616812682834,27.988587305520838,1.571294505684047,0.0,0.0,0.0,0.18123647700582085,2.449411507458011,0.008462689130438449,-22.93778116461694,0.18122199780384599,-0.45660950968956926,-0.23571199625518177,0.28024524155419533,0.18322917555028034,-0.15761128338969416,-0.4595340598011133,-0.33843898609795015,-0.6052355100599879,-0.17720495568239142,-0.04910396090266664,Aerospace & Defense,Industrials,CVU
2014Q4,2014,Q4,2014-12-31,2014-12-31,1717259.0,20067439.0,2392381.0,0.20243269244030876,4276020.0,0.21308249647600772,104154723.0,64813156.0,97700457.0,36835815.0,39341567.0,0.0,13373601.0,86612563.31,112519212.31,7.640257919529757,2.6523223933011932,0.2631811137359561,0.4229319738727119,0.02107978178822974,7.640257919529757,0.026495531246773417,4.316074577827296,12.609129331976133,1.3363423208399234,0.0,0.0,0.0,0.19266950573139155,2.5834688875487077,0.016487576852371833,20.69535464088135,0.21308249647600772,0.01216346220154374,-0.23520663569190206,0.10272350933178478,0.18924858306051318,-0.04367495477829286,0.011612049622190137,-0.1041200917007249,-0.4762908972067676,-0.32099620449569705,0.20007555759407306,Aerospace & Defense,Industrials,CVU
2014Q3,2014,Q3,2014-09-30,2014-09-30,1697547.0,21487677.0,2670426.0,0.2,4471304.0,0.20808689557275084,105896579.0,62919287.0,88785415.0,40066234.0,42977292.0,0.0,11656342.0,83558643.35,113583130.35,7.417006213876018,2.215966067586986,0.2913743228664639,0.4903988184100052,0.018574515046268867,7.417006213876018,0.026979755825904384,3.8886773730822553,12.305792321214081,1.32802908828258,0.0,0.0,0.0,0.20291190898621947,2.1844930072539386,0.01603023455554688,51.90219628243551,0.20808689557275084,1.0571408163994143,0.27002738044635927,0.5314578064722688,0.20639931603831616,1.10407299240647,1.0571719588248008,1.0596767270941279,-0.2333605068593877,0.054722691036999206,0.004026732586934886,Aerospace & Defense,Industrials,CVU
2014Q2,2014,Q2,2014-06-30,2014-06-30,-29691951.0,-23751623.0,-44748198.0,-3.500125,-42963154.0,-1.8088512940778827,106545330.0,61732438.0,87872675.0,41652542.0,44812892.0,0.0,10619794.0,107481029.04,139115441.04000002,7.2770980743859095,2.1096593576449667,0.3060125112944885,0.5281535130687695,-0.31363195408588146,7.2770980743859095,-0.48097810425047527,-4.5252077738013945,-0.9049677220604332,1.7410786374579925,0.0,0.0,0.0,-0.2229250498355958,2.079413232450495,-0.27867904674939764,-105.78508259582377,1.8088512940778827,-18.500625,-24.226487485121634,-2.46765035138295,0.2147905253501762,-10.566219385224038,-18.17420521739935,-17.87037525749565,-16.25742308358124,-2.1001649235641744,0.011697548176249656,Aerospace & Defense,Industrials,CVU
2014Q1,2014,Q1,2014-03-31,2014-03-31,1728869.0,21883517.0,2652472.0,0.2,4491132.0,0.2052289858161282,133306231.0,91116476.0,129442304.0,38857032.0,42189755.0,0.0,40311745.0,109474846.0,140296877.0,10.819966698103416,3.331245268552678,0.23851515237873613,0.3489550671384613,0.01487101156431379,10.819966698103416,0.018974274202615122,5.002616626934327,15.830413698203854,1.201482441002218,0.0,0.0,0.0,0.16415974584113777,3.301524341848858,0.01296915370745123,-12.511842808746085,0.2052289858161282,-0.28571428571428575,1.2506879797459278,0.6048001496918851,0.8666802657817974,-0.14945562783044836,-0.27059450419450487,-0.23308593286937312,0.01974884749075077,0.10298480355585782,0.5827887275895106,Aerospace & Defense,Industrials,CVU
2013Q4,2013,Q4,2013-12-31,2013-12-31,2370244.0,21285992.0,3458630.0,0.28,5280303.0,0.248064689679485,124272594.0,88951519.0,120181761.0,31741678.0,35321075.0,0.0,38582876.0,126251971.52,148654404.51999998,10.596514491245546,3.786244728460795,0.19769874603245186,0.2762014215856168,0.02138901287155541,10.596514491245546,0.026646470196872073,5.931223290885386,13.316347549028707,1.4193346323855356,0.0,0.0,0.0,0.17128468405511837,3.7539128523703127,0.019072942180638798,10.838184316134555,0.248064689679485,0.21739130434782614,0.8596406128625564,0.6432118999086608,0.8661794365170923,0.17965888814146694,0.24025116425095494,0.1655143386405461,1.6332434179185948,1.2592858294922358,0.5776613706682575,Aerospace & Defense,Industrials,CVU
2013Q3,2013,Q3,2013-09-30,2013-09-30,1911100.0,20664645.0,2967471.0,0.23,4476127.0,0.21660797947412114,131203921.0,86484121.0,127096604.0,40840157.0,44719800.0,0.0,36212632.0,97262746.86,131357649.86,10.305599983031366,3.1120498385939115,0.2662693746782156,0.40395376163908747,0.01684891046896372,10.305599983031366,0.022097698142760795,4.706722368567183,12.72339841714196,1.124631270288334,0.0,0.0,0.0,0.15750020915914548,3.0833548950362752,0.014565875664645723,-116.00511293063863,0.21660797947412114,0.09523809523809533,0.5263392098551423,0.5607006145995342,0.8603714707915194,0.056625593361293615,0.07107868961976735,0.08302849478553637,0.05961670617060263,0.26209550773462514,0.4809173049310582,Aerospace & Defense,Industrials,CVU
2013Q2,2013,Q2,2013-06-30,2013-06-30,1784276.0,21110452.0,2739975.0,0.21,4236247.0,0.20067059672620938,128290120.0,84554178.0,124063118.0,39630390.0,43735942.0,0.0,34301533.0,89961746.88000001,123218214.88000001,10.075624580401657,3.130504595084732,0.26271582722036585,0.39860650055636515,0.015997021389486776,10.075624580401657,0.021102162450210325,4.261478952700776,12.60479697087222,1.0639538933250583,0.0,0.0,0.0,0.1645524378650515,3.1029002742592238,0.013908132598207874,-167.0037496774529,0.20067059672620938,0.049999999999999906,2.4354648074079277,0.6466718223737463,0.868994710360571,-0.04601278664675931,0.06761300946103456,0.06919678395160006,0.15694495403157827,0.3151312352454445,0.4742770056531387,Aerospace & Defense,Industrials,CVU
2013Q1,2013,Q1,2013-03-31,2013-03-31,1671276.0,19927433.0,2562648.0,0.2,4440570.0,0.22283703074048725,127467281.0,82756224.0,123312600.0,40339364.0,44711057.0,0.0,32517258.0,71377612.08,104095399.08,9.87820981864374,3.056880123345524,0.26656772415189434,0.4105874018611579,0.015152774793000872,9.87820981864374,0.020195169852118916,3.5818769070757885,10.677113187767908,0.8625044574290871,0.0,0.0,0.0,0.1563337104523317,3.02882397947573,0.013111411704153319,-9.34120964205271,0.22283703074048725,-0.5348837209302325,1.7911758765393249,0.7940064093656402,0.8422253171325282,-0.42293987389475984,-0.5139315166700356,-0.5475174577546967,0.3991489111208256,0.30486632525296903,0.5053756177790177,Aerospace & Defense,Industrials,CVU
2012Q4,2012,Q4,2012-12-31,2012-12-31,3438355.0,27356030.0,5663529.0,0.43,7695160.0,0.28129666475727655,124883516.0,80594199.0,119354056.0,39645331.0,44289317.0,0.0,30845982.0,83641177.62,108691811.62,9.645344015303452,3.0105450752826353,0.22229064242553837,0.3444470860737756,0.03117197300026623,9.645344015303452,0.04266256185510325,3.057504236543095,6.081482105541749,1.0378064259935134,0.0,0.0,0.0,0.2190523687689895,2.9863287810612555,0.027532496762823367,-18.200645939750704,0.28129666475727655,0.22857142857142862,3.57829861009413,1.4770617999660662,0.9144719167531796,0.3257405041396011,0.16261310046503105,0.3521500113643526,0.5546338250479553,0.5261486672061145,0.50135137113759,Aerospace & Defense,Industrials,CVU
2012Q3,2012,Q3,2012-09-30,2012-09-30,2957437.0,21340831.0,4188536.0,0.35,5804424.0,0.2719867843946658,111017911.0,76724312.0,106794165.0,29475958.0,34293599.0,0.0,27407627.0,92652654.6,113486782.6,9.191748114252087,3.623093946598784,0.19732162857937402,0.2855188196408982,0.031199905502711407,9.191748114252087,0.03854628243522079,4.341567326970538,7.832174835846038,1.2076048932182017,0.0,0.0,0.0,0.19222872064310415,3.6008847617437914,0.026639278053070193,-14.697238362547719,0.2719867843946658,-0.027777777777777804,2.805753760945388,1.0251675974893257,0.8158784196627604,0.006202497502012605,0.09696445017635262,-0.0023525555966028115,1.2486768048329133,0.5457781249605467,0.49506665067701155,Aerospace & Defense,Industrials,CVU
2012Q2,2012,Q2,2012-06-30,2012-06-30,2696019.0,20854627.0,4198413.0,0.36,5768644.0,0.2766121877893093,106328809.0,71552251.0,101979416.0,29564424.0,34776558.0,0.0,24450190.0,79448094.0,96194250.0,9.906779651630158,3.4493963420359552,0.19138936278313812,0.28441038144278646,0.030607014962513994,9.906779651630158,0.037679024242018605,3.809614720033113,7.3671674791609405,1.1103507281692646,0.0,0.0,0.0,0.19613336400673875,3.4176488944956276,0.025355489498617444,-14.072977534418953,0.2766121877893093,0.3333333333333332,2.6921261954177553,1.1940246010587896,0.9848368332001791,0.1620055330105274,0.40467405122647604,0.46823069027681363,1.4770350598004396,0.5135478013790428,0.6537721402837904,Aerospace & Defense,Industrials,CVU
2012Q1,2012,Q1,2012-03-31,2012-03-31,1919320.0,19721095.0,2859505.0,0.27,4964386.0,0.2517297340740968,96284534.0,56772211.0,92031204.0,33982420.0,39512323.0,0.0,21754172.0,103389771.69999999,126504979.69999999,8.165244624193324,2.7082004165683315,0.24558239021024914,0.416502820367521,0.02518050452199815,8.165244624193324,0.03380738509550033,5.2425979236954126,13.466979411979244,1.8211334362158271,0.0,0.0,0.0,0.20482100479397863,2.6873822405820422,0.019933834856592857,-16.261868358949094,0.2517297340740968,-0.30148902309409464,4.6622129917835755,1.8514597799141823,0.6803889453571577,-0.241780857799298,-0.28196598530277167,-0.28940790971234426,2.0262512094855336,0.7516173708199246,0.4086828019474655,Aerospace & Defense,Industrials,CVU
2011Q4,2011,Q4,2011-12-31,2011-12-31,2673021.0,24092199.0,4024116.0,0.3865365168575884,6547429.0,0.2717655204491711,88940107.0,44026207.0,85093458.0,32907022.0,44913900.0,0.0,19834852.0,82084765.30999999,99083184.30999999,6.366480736302175,2.5858753794250964,0.20099614901520188,0.4060449495456195,0.044543475296258045,6.366480736302175,0.06071431499879151,3.4071097167178466,7.677153051734348,1.864452354707731,0.0,0.0,0.0,0.2708811560121015,2.5579383026516345,0.03005416892516219,-28.617465928959028,0.2717655204491711,0.5461460674303535,176.03443272205521,2.1900100062256955,0.3378735612201492,0.571029164232215,0.4808636031737766,0.5230062307477162,1.5457563023393543,1.257639573426897,0.12121730620808949,Aerospace & Defense,Industrials,CVU
2011Q3,2011,Q3,2011-09-30,2011-09-30,1805042.0,16607638.0,2642219.0,0.25,4167605.0,0.2509450771988166,78515335.0,51085213.0,75694789.0,26246018.0,27430122.0,0.0,17161831.0,65695473.5,79853457.5,7.38725969453588,2.8840485059485976,0.18482199687487802,0.2840618673744201,0.028726030247484522,7.38725969453588,0.0353339429161233,3.95573852826031,9.098884333439331,1.285997838552616,0.0,0.0,0.0,0.21152094683159667,2.8578819842309033,0.022989674564847747,-13.227171791525409,0.2509450771988166,0.13636363636363635,114.0470237076405,1.9643509259799514,0.5390384305683344,-0.018186011546831055,0.14911103528357236,0.22192747938919788,0.7494688445178268,0.5221265985143263,0.3335513900860863,Aerospace & Defense,Industrials,CVU
2011Q2,2011,Q2,2011-06-30,2011-06-30,1570816.0,17426223.0,2162337.0,0.22,4244801.0,0.24358697808469454,68861601.0,49252752.0,66615437.0,18393155.0,19608849.0,0.0,15356789.0,93329475.91000001,102288703.91000001,7.192958100475848,3.6217515157133184,0.13983051308958094,0.19550081181250542,0.02753736851203858,7.192958100475848,0.031892958996484096,5.355691586754055,14.853661394778257,1.8949088552452866,0.0,0.0,0.0,0.2530615429635451,3.5880961151036894,0.02281120359080818,-22.891883357926776,0.24358697808469454,0.15789473684210525,1.9371823808942386,4.641999397594893,0.49783772617588923,0.10251593203716056,0.14821534300646907,0.054962184377869344,2.7067125613885574,0.6659152834826843,0.33426970550133994,Aerospace & Defense,Industrials,CVU
2011Q1,2011,Q1,2011-03-31,2011-03-31,1368050.0,16009608.0,2049682.0,0.19,3850104.0,0.24048708750395387,62821050.0,46452284.0,60945888.0,15051309.0,16368766.0,0.0,13785974.0,103287480.8,108582670.8,6.836014503705467,4.049208477481925,0.08882977919025549,0.12013144498987391,0.02678388841907065,6.836014503705467,0.02945065090879062,6.451593368182406,18.874946237345124,2.2235178102329693,0.0,0.0,0.0,0.25484464204275475,0.34085792803801984,0.02177693623395343,-30.585672858277004,0.24048708750395387,1.4261098385282927,14.913006536827618,1.5505140552432302,0.3611207588846091,2.1424640949554896,1.461316423512115,1.4330111301125688,1.8168214521712103,0.7769354583238819,0.2748746198165316,Aerospace & Defense,Industrials,CVU
2010Q4,2010,Q4,2010-12-31,2010-12-31,-2965535.0,7464546.0,-4733555.0,-0.44589442162665416,-3370000.0,-0.45146751054920153,56457187.0,44670443.0,54747455.0,10370285.0,11786744.0,0.0,12417924.0,93642644.48,95494373.48,6.716596278678694,5.279262334641719,0.04738289564444647,0.05988534745446782,-0.06230717574693099,6.716596278678694,-0.06638696195602985,12.544988600780275,-7.894245429576788,2.096299884019507,0.0,0.0,0.0,0.13221604540800094,0.6726835376269794,-0.05252714769511985,-53.542544639921694,-0.45146751054920153,-3.123306769650734,-19.768316246192963,-0.06197991423268407,0.34653894639733607,-1.99633013472926,-3.074724894935716,-3.1505953538411773,-5.961025980358554,-0.15081519262640206,0.33315462168040927,Aerospace & Defense,Industrials,CVU
2010Q3,2010,Q3,2010-09-30,2010-09-30,1429363.0,12976084.0,2201044.0,0.21,3382413.0,0.2606651590726447,58013197.0,46282146.0,56458506.0,10142808.0,11731051.0,0.0,15383459.0,66507560.0,67889058.0,6.958930082534978,5.566358546863945,0.03503888951336366,0.04392013283048716,0.02998872942264924,6.958930082534978,0.030883680285698073,5.125395304161101,11.632377499627458,1.4370025106441695,0.0,0.0,0.0,0.22367469250143204,0.3086477630257814,0.024638583527813507,1350.3524729960204,0.2606651590726447,0.16666666666666666,1.120832733156297,0.6367097191089401,0.38988191179814397,0.009275126375238002,0.18594337791038237,0.17918040831720766,1.3085091078222086,0.5454578501655046,0.3747734167371131,Aerospace & Defense,Industrials,CVU
2010Q2,2010,Q2,2010-06-30,2010-06-30,1205254.0,12544625.0,1866588.0,0.18,3351329.0,0.267152585270584,54504205.0,44821380.0,52904834.0,7923988.0,9682825.0,0.0,13954096.0,64599412.599999994,66030162.599999994,6.834281849182015,6.676541408189917,0.040456988593815836,0.049196968054084904,0.026195314688672318,6.834281849182015,0.026890158223597756,5.149569046503981,13.399543291289636,1.4412633569069047,0.0,0.0,0.0,0.23015884737700512,0.4428793935578903,0.022113046140201476,-44.876254063039895,0.267152585270584,0.28571428571428553,0.9558781838023647,0.6418664247610432,0.3953122970936396,0.21907203932076236,0.4001312709467191,0.4316356231520576,0.8177352475152677,0.4534336431781914,0.3692577022741985,Aerospace & Defense,Industrials,CVU
2010Q1,2010,Q1,2010-03-31,2010-03-31,860815.0,11005529.0,1303815.0,0.14,2749082.0,0.2497909914189495,50303611.0,39616981.0,48892055.0,8805852.0,10686630.0,0.0,12748843.0,48070771.3006,51604696.3006,6.561956831224442,5.552223112539252,0.07909388453246428,0.10042935881459518,0.019745415653368844,6.561956831224442,0.02172843508696435,4.367874665597628,13.960831102095108,1.213388049447786,0.0,0.0,0.0,0.21878208703546154,0.37883114547008057,0.017112389804382035,-42.88965775423112,0.2497909914189495,-0.4710781657231293,0.3348247295313265,0.5812708499737005,0.36569383730819627,-0.28681780800950535,-0.457561615591303,-0.4860563139884654,1.924605139268232,0.8325918346208125,0.35043593016538677,Aerospace & Defense,Industrials,CVU
2009Q4,2009,Q4,2009-12-31,2009-12-31,1586936.0,12861542.0,2536883.0,0.26468939440060113,3854670.0,0.29970512089452417,52537131.0,38517514.0,51098046.0,11979596.0,14019617.0,0.0,11888028.0,36032744.65,38445868.65,6.424441473680523,4.265423141147664,0.08827944944309958,0.12041143153735208,0.04080938058491582,6.424441473680523,0.041200374458226975,2.801588227134818,5.676464685721415,0.9354898826024961,0.0,0.0,0.0,0.24480860974307866,0.6368125435949593,0.030205988979489572,14.41804036423686,0.29970512089452417,0.7645959626706743,-0.32855586255039027,0.29534189264430794,0.36931836244274746,0.5058504662090261,0.6798982069777338,0.8671921346147902,120.2282274549472,0.9642538529322702,0.35005362448259714,Aerospace & Defense,Industrials,CVU
2009Q3,2009,Q3,2009-09-30,2009-09-30,944662.0,9916357.0,1358662.0,0.15,2559796.0,0.2581387499461748,51048081.0,36860433.0,49587505.0,11969370.0,14187648.0,0.0,10301092.0,43766894.5,48679161.5,6.148052402941223,4.142866750714532,0.10963556103117765,0.15183448875926117,0.022249790953780706,6.148052402941223,0.025628076588248436,4.41360617613908,11.58268632060991,1.1873678884889929,0.0,0.0,0.0,0.1942552355689923,0.4746213877589213,0.01850533813406228,-206.85253916865562,0.2581387499461748,0.07142857142857129,-0.3574693842921725,0.13495240744893555,0.4296202699389679,-0.09619861206000166,0.04557111376010112,-0.022185853936231233,69.2397200962871,1.0415633866072236,0.2808658843107063,Aerospace & Defense,Industrials,CVU
2009Q2,2009,Q2,2009-06-30,2009-06-30,903489.0,11437691.0,1389489.0,0.14,2832255.0,0.2476247172615522,50904728.0,35915317.0,49327777.0,12618213.0,14989411.0,0.0,9391431.0,41368708.5,46069390.5,5.9904139211887655,3.9092522055222876,0.1012669000019016,0.14353107338576462,0.021998607703706725,5.9904139211887655,0.025156091480412104,3.6168758624446142,11.44693197703569,1.1518402719374579,0.0,0.0,0.0,0.2246881861346946,0.3590608273929121,0.017748626414426573,-39.52608162672532,0.2476247172615522,0.5555555555555558,-0.1605447045071032,0.4231800360176045,0.4695122702833008,0.37295027332920644,0.6549812152307751,0.6803164993995798,1.6156328244182852,3.229297414166254,0.24742391672936184,Aerospace & Defense,Industrials,CVU
2009Q1,2009,Q1,2009-03-31,2009-03-31,545921.0,9691236.0,826921.0,0.09,2062897.0,0.2128621158333158,47512250.0,34690454.0,46015898.0,10299064.0,12821796.0,0.0,8487942.0,40098562.0,43715296.0,5.796368503189715,4.467968933875933,0.09003292835005709,0.12330962863731908,0.014009425807315677,5.796368503189715,0.01573692290103785,4.13761072375082,18.36280432516793,1.1558961436480482,0.0,0.0,0.0,0.2039734173818331,0.35271079002907446,0.011490110445200975,-56.549167103845484,0.2128621158333158,-0.40725375942952413,-0.25805051675449403,0.37844652316380084,0.5001996688322498,-0.17868789736390642,-0.3992384851135945,-0.3461059140762765,6.20991546676967,0.7529773066939375,0.1541165530821928,Aerospace & Defense,Industrials,CVU
2008Q4,2008,Q4,2009-03-26,2008-12-31,908715.0,9235576.0,1264610.0,0.15183563191118923,2511709.0,0.27196018959727036,43351506.0,33983150.0,41823767.0,6688372.0,9368356.0,0.0,7942021.0,32916730.0,35814522.0,5.678186290071948,6.25320586235335,0.07662649597455738,0.09775062052811467,0.02348429353133655,5.678186290071948,0.026740163875332335,3.56412312561772,9.055845342048936,0.9686191539042144,0.0,0.0,0.0,0.21303933478112616,0.5082094716023571,0.020961555522430987,-36.67826997754737,0.27196018959727036,0.08454022793706585,-0.3753903060303446,0.2518868566740228,0.5179113979559395,0.1638018471934623,0.018599474062964482,-0.0647219703547461,8.072011373159615,0.28970310382427794,0.1383591728972282,Aerospace & Defense,Industrials,CVU
2008Q3,2008,Q3,2008-11-12,2008-09-30,892122.0,9434095.0,1352122.0,0.14,2158193.0,0.22876523927308343,43310824.0,33122919.0,41841656.0,9995529.0,10187905.0,0.0,7033306.0,46698832.839999996,49204379.839999996,5.539538820516697,4.186037177221936,0.05918271146261267,0.07738605404916155,0.024999095588036046,5.539538820516697,0.026933676950391963,4.950006634446653,13.086448053068974,1.4098646571577826,0.0,0.0,0.0,0.21782303195155095,4.0462373727293475,0.020598130388837673,-30.612550043265067,0.22876523927308343,1.3333333333333337,-0.5780112460283138,0.048572397094504005,0.6066279512503158,0.07850979067387341,1.4123662834088673,1.445898424780938,0.4723265841143857,0.3235619725074785,0.10639203369249875,Aerospace & Defense,Industrials,CVU
2008Q2,2008,Q2,2008-08-12,2008-06-30,369812.0,9128406.0,552812.0,0.06,2001088.0,0.2192154906343999,39212135.0,32213022.0,37946251.0,6806764.0,6999113.0,0.0,6141184.0,46428920.16,46888987.16,5.390932635896997,5.574785757226194,0.017008969289736456,0.020704608217136537,0.011247330442415111,5.390932635896997,0.011480202012713988,5.086202362164872,31.386839907845065,1.4413090507310986,0.0,0.0,0.0,0.23279543437254818,5.520598628070549,0.00943106005322077,-72.0193340809992,0.2192154906343999,-0.14285714285714296,-0.7507713917350529,0.1324935557400497,0.7828546439063716,0.08015172198624743,-0.1194218565832867,-0.13211557934894383,-0.3413283144187064,0.31129335546128106,0.10063277542040625,Aerospace & Defense,Industrials,CVU
2008Q1,2008,Q1,2008-05-13,2008-03-31,419965.0,7790754.0,636965.0,0.07,1852599.0,0.23779457033298704,37926498.0,31507217.0,36822049.0,6257041.0,6419281.0,0.0,5771373.0,48182396.4,47970890.4,5.362107298590072,5.884898149141104,0.016094815819799657,0.01937397390572452,0.013075837428513187,5.362107298590072,0.013329168361648698,6.184561391618834,28.68238805614753,1.5292495176581289,0.0,0.0,0.0,0.2054171729749475,5.855578699260561,0.011073128871534619,-187.24917669644833,0.23779457033298704,-0.22117927073806667,-0.9310664882420748,-0.15054970064694573,0.46625690703802475,0.0022331970585418976,-0.20479698858031178,-0.21419680208637895,-0.3308846703073055,0.1501336185105492,0.11597760866453485,Aerospace & Defense,Industrials,CVU
2007Q4,2007,Q4,2008-03-25,2007-12-31,528123.0,7766131.0,810591.0,0.08987947722749631,1848471.0,0.2380169739603929,36620572.0,29603514.0,35575822.0,6858854.0,7017058.0,0.0,5351408.0,51120347.4,51893262.4,5.03812248740704,5.186846374044411,0.030346494860866727,0.03753966505462831,0.017573098375517515,5.03812248740704,0.017839875360742646,6.582472971419102,24.199072659210067,1.7268337603434512,0.0,0.0,0.0,0.21207017192413052,5.15529518488074,0.014421484186538647,-33.679446190335014,0.2380169739603929,-0.0013391419167075992,-0.7904406987420333,-0.1536658005670465,7.295324661934609,-0.07280675354380474,-0.013105079830174012,-0.059787550920040455,-0.7720005057320081,-0.20192370530988035,0.07383554858503714,Aerospace & Defense,Industrials,CVU
2007Q3,2007,Q3,2007-11-14,2007-09-30,535136.0,7256709.0,862136.0,0.09,1993620.0,0.2747278415050128,35051720.0,29096154.0,34063375.0,5832982.0,5955566.0,0.0,4823285.0,43685552.4,42881617.4,5.06187419527743,5.839787436340451,7.05814151202851e-05,8.502841990731833e-05,0.018390420331845198,5.06187419527743,0.018391984040227446,6.020022630093063,20.408621546672247,1.5014201670777518,0.0,0.0,0.0,0.20702861371710146,5.81953055915482,0.015267039677368185,-118.51911284743417,0.2747278415050128,-0.10000000000000009,-0.7960156335056148,-0.5129256339327111,23.90458131022695,-0.08909723935630671,-0.0700532454713545,-0.06941781945667755,-0.6203528176824851,-0.13370893032218728,0.17704884070078064,Aerospace & Defense,Industrials,CVU
2007Q2,2007,Q2,2007-08-14,2007-06-30,575448.0,7490669.0,926448.0,0.1,2188620.0,0.29217951026804145,34067807.0,28409145.0,33056996.0,5544092.0,5658662.0,0.0,4288149.0,47242031.300000004,46214501.300000004,4.991231261895379,5.962562670316438,0.00041725609165274417,0.0005003670473011419,0.020245600801594182,4.991231261895379,0.020255731033088115,6.306783986850841,20.524022717951926,1.6629163355672973,0.0,0.0,0.0,0.21987529164997324,5.889713590611411,0.01689125455008008,83.45277419081317,0.29217951026804145,1.0,-0.7225257768994704,-0.42562956798698437,20.11165777276352,0.6108416913167991,1.14568084447908,1.1288405727166817,-0.4368122626329221,-0.01821929733992362,0.22440213308687956,Aerospace & Defense,Industrials,CVU
2007Q1,2007,Q1,2007-05-15,2007-03-31,268189.0,5471968.0,435189.0,0.05,1358681.0,0.24829841841180358,33034788.0,26730419.0,31942962.0,6197814.0,6304369.0,0.0,3712702.0,37737271.6,37921084.6,4.859139693077334,5.153907813303206,0.006979309205798445,0.008625379198133781,0.009947301987809864,4.859139693077334,0.010033101239453075,6.896471543693238,35.17787045702844,1.411772542734927,0.0,0.0,0.0,0.16564259470955284,5.0350313836459115,0.008118381144144166,-177.5545739840688,0.24829841841180358,21.900091582715845,-0.7680349378506983,-0.4366760311030025,8.19548400387689,0.654124106697184,21.32861543585047,15.945952260425996,-0.6034544224480666,-0.15323691684940743,0.2576287643466386,Aerospace & Defense,Industrials,CVU
