Year,Date,FillingDate,NetIncome,Revenue,OperatingIncome,EPSDiluted,GrossProfit,GrossProfitRatio,TotalAssets,CommonStockEquity,CurrentAssets,CurrentLiability,TotalLiability,Inventory,RetainedEarnings,EnterpriseValue,bookValuePerShare,currentRatio,debtToAssets,debtToEquity,roic,shareholdersEquityPerShare,roe,priceToSalesRatio,peRatio,pbRatio,payoutRatio,inventoryTurnover,dividendYield,assetTurnover,quickRatio,returnOnAssets,priceToFreeCashFlowsRatio,grossProfitMargin,epsdilutedGrowth,fiveYNetIncomeGrowthPerShare,fiveYRevenueGrowthPerShare,fiveYShareholdersEquityGrowthPerShare,grossProfitGrowth,netIncomeGrowth,operatingIncomeGrowth,threeYNetIncomeGrowthPerShare,threeYRevenueGrowthPerShare,threeYShareholdersEquityGrowthPerShare,Industry,Sector,Price,MarketCap,AvgVolume,Symbol
2022,2022-12-31,2023-02-02,154969000.0,3805948000.0,300120000.0,0.75,898664000.0,0.2361209349,3387483000.0,1694550000.0,1498581000.0,858976000.0,1710268000.0,542543000.0,-527603000.0,6226207600.0,8.399672846237731,1.7446133535744888,0.1853742144241019,0.37057153816647487,0.09902477036625622,8.399672846237731,0.0914514177805317,1.5366585670639745,37.7394356290613,3.451324894514768,0.2942136814459666,5.358624109056794,0.007795921601419154,1.123532723263851,0.991003241068435,0.04574753585479248,18.832410031170305,0.2361209349155585,0.3888888888888888,-0.4595413359009002,0.4545858187556279,-0.6001630702312823,0.2090599038041102,0.3677878886839248,0.46681915486349373,0.14018247167516987,0.2912320285465645,-0.37039046094171235,Oil & Gas Equipment & Services,Energy,33.57,6645987180,1369080,CHX
2021,2021-12-31,2022-02-10,113299000.0,3074990000.0,204606000.0,0.54,743275000.0,0.2417162332,3534701000.0,1770645000.0,1460900000.0,802325000.0,1780394000.0,542910000.0,-525158000.0,4546740590.0,8.783876296638043,1.8208332035023214,0.20496981215667182,0.4091768818707307,0.05876545758889946,8.783876296638043,0.06398741701470369,1.3248536060279872,35.957171643174256,2.300806536601069,0.0,4.294846291282164,0.0,0.8699434549060868,1.042118842115103,0.032053347652319104,16.713140612500258,0.24171623322352268,1.108,4.4312355299899835,0.5804386091515158,-0.5578188121989479,0.8165343669654815,1.152621461757412,4.805419681217104,-0.5377478390797311,-0.030272778207957964,-0.3061137054338565,Oil & Gas Equipment & Services,Energy,33.57,6645987180,1369080,CHX
2020,2020-12-31,2021-03-01,-742353000.0,1899996000.0,-53767000.0,-5.0,409172000.0,0.2153541376,3475776000.0,1625971000.0,1265845000.0,622560000.0,1863201000.0,430112000.0,-638457000.0,3001254000.0,10.95889330727236,2.033289964019532,0.26831821153031726,0.5735735754204718,-0.019559621597724883,10.95889330727236,-0.45655980334212604,1.1947714626767636,-3.0579266198156407,1.396126376177681,0.0,3.4661297522505765,0.0,0.5466393691653317,1.222317527627859,-0.2135790683864553,8.570245812207176,0.2153541375876581,-8.462686567164178,-8.533635689261663,-0.07416428544945626,-0.4797973169592039,0.08503754932326361,-15.231136415919025,-1.5459299196848315,-4.52025432368128,-0.01264096337796264,-0.47834036707687344,Oil & Gas Equipment & Services,Energy,33.57,6645987180,1369080,CHX
2019,2019-12-31,2020-03-02,52164000.0,1131251000.0,98487000.0,0.67,377104000.0,0.3333513075,1922825000.0,1032960000.0,493440000.0,199681000.0,886611000.0,211342000.0,107048000.0,3140015060.0,13.3410825680964,2.47114147064568,0.29366479008750146,0.5466484665427509,0.054839280516988755,13.3410825680964,0.05049953531598513,2.3120280645055784,50.13963768115942,2.532028403810409,0.0,3.568372590398501,0.0,0.5883275909144098,1.277858183803166,0.02712883387723792,22.52416968799249,0.3333513075347558,-0.44628099173553715,0.014422089155768916,0.05631606229892846,-0.36671826689040865,-0.09415107891203198,-0.4453057708871662,-0.359117352317243,5.112900412922512,0.5137207111535973,-0.3284086048922799,Oil & Gas Equipment & Services,Energy,33.57,6645987180,1369080,CHX
2018,2018-12-31,2019-02-27,94041000.0,1216646000.0,153674000.0,1.21,416299000.0,0.34216937383593915,1971756000.0,979069000.0,530310000.0,201995000.0,990229000.0,218319000.0,55829000.0,2718697360.0,12.658956323860258,2.6253620139112352,0.3378247612787789,0.6803483717695076,0.07126787483431243,12.658956323860258,0.0960514529619465,1.7214714551315664,22.271364192214033,2.1391968901068257,7.832296551504132,3.665952115940436,0.3516756532696936,0.617036793599208,1.4444912002772345,0.0476940351645944,19.76204789492555,0.34216937383593915,0.08035714285714272,0.8308049745433923,0.13730297230971403,-0.39909780490349495,0.15207224061015973,-0.1500117500316347,0.5530469934310258,0.8308049745433923,0.13730297230971403,-0.39909780490349495,Oil & Gas Equipment & Services,Energy,33.57,6645987180,1369080,CHX
2017,2017-12-31,2017-12-31,110638000.0,1009591000.0,98950000.0,1.12,361348000.0,0.3579152349812944,1904775000.0,1635285000.0,441365000.0,151065000.0,264741000.0,201591000.0,0.0,2939067000.0,21.00774646077953,2.921689339026247,0.002511057736478062,0.0029248724228498396,0.0751718510264402,21.00774646077953,0.0676567081579052,2.92989537347302,26.73580505793669,1.8088565601714686,0.0,3.2156346265458278,0.0,0.5300316310325367,1.4942971568530103,0.05808455066871415,82.84310760096342,0.3579152349812944,7.837356384992003,1.1400827885024567,-0.06231099305271751,-0.002792912831239035,0.8504949531676491,9.676809661987296,11.859306409130816,1.1400827885024567,-0.06231099305271751,-0.002792912831239035,Oil & Gas Equipment & Services,Energy,33.57,6645987180,1369080,CHX
2016,2016-12-31,2016-12-31,-12751000.0,751337000.0,-9112000.0,-0.163806,195271000.0,0.2598980217931501,1850895000.0,1546322000.0,356321000.0,112694000.0,299542000.0,184558000.0,0.0,2934582000.0,19.86488014182575,3.161845351127833,0.0014117494509413013,0.0016898162219770526,-0.0033792959973872883,19.86488014182575,-0.008246018617079754,3.9369763501597816,-231.9814916477139,1.9129236989449803,-6.6076386165790915,3.012960695282784,0.028483473270416865,0.4059317249222673,1.4686851118959305,-0.006889099597762164,28.664974028994497,0.2598980217931501,-1.2499073179885487,-1.2466439707532206,-0.3021724189174128,-0.057043110256027076,-0.490124759124545,-1.2466439707532206,-1.1024787439830852,-1.2466439707532206,-0.3021724189174128,-0.057043110256027076,Oil & Gas Equipment & Services,Energy,33.57,6645987180,1369080,CHX
2015,2015-12-31,2015-12-31,51698000.0,1076680000.0,88916000.0,0.655467,382978000.0,0.35570271575584206,1983379000.0,1639865000.0,405770000.0,127954000.0,343514000.0,216656000.0,0.0,2950861000.0,21.066583592405127,3.171217781390187,0.0016547518149582102,0.002001384260289719,0.037212873054507975,21.066583592405127,0.03152576584048077,2.7473306832113535,57.21683624124724,1.8038045814746946,0.0,3.20185916845137,0.0,0.5428513662794655,1.4098269690670084,0.026065618321057145,17.03071059267874,0.35570271575584206,0.0,0.0,0.0,0.0,0.0,0.0,0.0,0.0,0.0,0.0,Oil & Gas Equipment & Services,Energy,33.57,6645987180,1369080,CHX
TTM,,,,,,,,,,,,,,,,7000179180.0,8.516521590026528,1.7461186411052465,0.18098202285552165,0.3565970887785744,0.10800173754247837,8.516521590026528,0.10535615560343678,1.7092115725625492,36.61439842903426,3.941750120062272,0.24829619524859872,4.923935598558943,0.009532320524277629,1.168603050608655,0.9362300194885417,0.05463800469805274,14.764857483082363,0.25059800660179743,,,,,,,,,,,Oil & Gas Equipment & Services,Energy,33.57,6645987180,1369080,CHX
