Quarters,Year,Quarter,FillingDate,Date,NetIncome,Revenue,OperatingIncome,EPSDiluted,GrossProfit,GrossProfitRatio,TotalAssets,CommonStockEquity,CurrentAssets,CurrentLiability,TotalLiability,Inventory,RetainedEarnings,MarketCap,EnterpriseValue,bookValuePerShare,currentRatio,debtToAssets,debtToEquity,roic,shareholdersEquityPerShare,roe,priceToSalesRatio,peRatio,pbRatio,payoutRatio,inventoryTurnover,dividendYield,assetTurnover,quickRatio,returnOnAssets,priceToFreeCashFlowsRatio,grossProfitMargin,epsdilutedGrowth,fiveYNetIncomeGrowthPerShare,fiveYRevenueGrowthPerShare,fiveYShareholdersEquityGrowthPerShare,grossProfitGrowth,netIncomeGrowth,operatingIncomeGrowth,threeYNetIncomeGrowthPerShare,threeYRevenueGrowthPerShare,threeYShareholdersEquityGrowthPerShare,Industry,Sector,Symbol
2023Q1,2023,Q1,2023-04-25,2023-03-31,63532000.0,948347000.0,117244000.0,0.31,283355000.0,0.2987883127,3327336000.0,1688707000.0,1468498000.0,841007000.0,1657167000.0,591788000.0,-449060000.0,5379499180.0,5733691180.0,8.516521590026528,1.7461186411052465,0.18098202285552165,0.3565970887785744,0.03394349491246251,8.516521590026528,0.037621683335238146,5.672500867298573,21.168463057986525,3.1855728554450233,0.23627463325568218,1.1236997032721177,0.0027904084558295255,0.28501690241081756,0.9362300194885417,0.01909395384175208,81.6957110314664,0.29878831271675876,-0.060606060606060656,0.010447581242461645,0.3038184966722138,-0.602077587066107,0.002590022751156134,-0.06373697628837113,-0.16548749412786312,1.0391715156014392,0.4173788599730954,0.6972493633216947,Oil & Gas Equipment & Services,Energy,CHX
2022Q4,2022,Q4,2023-02-02,2022-12-31,67857000.0,985855000.0,140494000.0,0.33,282623000.0,0.2866780612,3387483000.0,1694550000.0,1498581000.0,858976000.0,1710268000.0,542543000.0,-527603000.0,5775735680.0,6153500680.0,8.505410777385158,1.7446133535744888,0.1853742144241019,0.37057153816647487,0.04424523347581527,8.505410777385158,0.04004425953793042,5.858605657018527,21.27907098751787,3.408418565400844,0.22273310049073788,1.2961774458430022,0.0026168095005344844,0.2910287667864311,0.991003241068435,0.020031687243891705,34.57758269126002,0.28667806117532496,2.0000000000000004,-0.559550275710154,0.45628220278974585,-0.5951297873256249,0.43797031692810223,1.9416074215363275,1.8716198262646908,7.392615513696169,0.5636654298656766,-0.36219299990681697,Oil & Gas Equipment & Services,Energy,CHX
2022Q3,2022,Q3,2022-10-26,2022-09-30,23068000.0,1021561000.0,48925000.0,0.11,196543000.0,0.1923947762,3402780000.0,1710686000.0,1476830000.0,796675000.0,1708060000.0,570820000.0,-530128000.0,3941808970.0,4403053970.0,8.49308661956797,1.853742115668246,0.19064323876359918,0.3792145373259616,0.012408970236127128,8.49308661956797,0.013484648848473653,3.858613406345779,42.71944869516213,2.304227058618589,0.6509016819837004,1.4453207666164465,0.00380916480587338,0.30021364884006607,1.0028844886559765,0.006779162919730338,23.752276038685185,0.19239477622971118,-0.15384615384615388,-0.5160438889841414,0.5263507468326942,0.0,-0.07242033527146417,-0.15631628995684296,0.2788843580092012,-0.11902853476513922,0.4329793424064767,-0.3569375394900855,Oil & Gas Equipment & Services,Energy,CHX
2022Q2,2022,Q2,2022-07-27,2022-06-30,27342000.0,932572000.0,38256000.0,0.13,211888000.0,0.2272081941,3463151000.0,1808321000.0,1469916000.0,753033000.0,1670296000.0,606956000.0,-503089000.0,4035941700.0000005,4567777700.0,8.893877691543462,1.9519941357151678,0.20187338062937482,0.3866116690565447,0.015441990039692047,8.893877691543462,0.015120103123283974,4.3277534603226355,36.90240015360983,2.2318723832770844,0.0,1.1873743731011803,0.0,0.26928424431969616,1.0383197017926173,0.00789512210123093,78.70094185094186,0.22720819411262616,-0.27777777777777773,-0.4418306563786532,0.39379523223347085,0.0,0.02060594383700207,-0.283734576795117,-0.3160021455390667,-0.562141753933459,0.1603290166915457,-0.3307502383380801,Oil & Gas Equipment & Services,Energy,CHX
2022Q1,2022,Q1,2022-04-27,2022-03-31,38173000.0,865960000.0,55930000.0,0.18,207610000.0,0.2397454848,3571718000.0,1792231000.0,1535289000.0,831875000.0,1794146000.0,625540000.0,-503921000.0,4971373920.0,5512355920.0,8.825289665598117,1.8455765589782118,0.20104918697388763,0.40066877539781426,0.01830069175138054,8.825289665598117,0.021299151727651178,5.740881703542889,32.55818196107196,2.7738466302613896,0.0,1.0524506826102247,0.0,0.24244915192072836,1.0042386175807663,0.010687573879012844,-67.4340620167657,0.23974548477989746,-0.14285714285714285,0.1027246119507405,0.44143264130401566,0.0,0.011177946082848306,-0.12779326417767217,-0.07821873557914168,-0.3475113438768546,0.09346217260450958,-0.3189170876526715,Oil & Gas Equipment & Services,Energy,CHX
2021Q4,2021,Q4,2022-02-10,2021-12-31,43766000.0,822145000.0,60676000.0,0.21,205315000.0,0.2497308869,3534701000.0,1770645000.0,1460900000.0,802325000.0,1780394000.0,542910000.0,-525158000.0,4088887200.0,4671626200.0,8.75170521945433,1.8208332035023214,0.23606437998574703,0.47125030709148363,0.019579463468382245,8.75170521945433,0.024717546430820407,4.973438018840959,23.356527898368597,2.309264251162712,0.0,1.1361551638393104,0.0,0.23259251631184646,1.042118842115103,0.012381811078221326,57.60456453748838,0.24973088688734957,-0.2222222222222223,-0.7202572618337653,0.19591743349976373,-0.5834058052921883,0.04954427649100566,-0.22985148166396846,0.0023457891432913736,-0.24125904024471578,0.01281964105589165,-0.3086103802600899,Oil & Gas Equipment & Services,Energy,CHX
2021Q3,2021,Q3,2021-10-28,2021-09-30,56828000.0,818785000.0,60534000.0,0.27,195623000.0,0.2389186416458533,3503002000.0,1726997000.0,1417728000.0,756679000.0,1791250000.0,497473000.0,-568607000.0,4513410720.0,5136104720.0,8.555758674672532,1.8736188000459904,0.25022794734345,0.5075567589289385,0.015494865098764488,8.555758674672532,0.03290567383730256,5.5123270699878475,19.855576124445694,2.613444447210968,0.0,1.2526549179553463,0.0,0.23373809092886616,1.1162355503456551,0.016222657023889794,67.04910822253584,0.2389186416458533,8.000000000000002,0.1896798288314892,0.22076370251296074,0.0,0.08676425654842922,6.838344827586207,1.1881868131868132,-0.1381165119460721,-0.008686121678393274,-0.3125505810114481,Oil & Gas Equipment & Services,Energy,CHX
2021Q2,2021,Q2,2021-07-29,2021-06-30,7250000.0,749172000.0,27664000.0,0.03,180005000.0,0.2402719268739355,3486010000.0,1674315000.0,1350039000.0,686578000.0,1827053000.0,467594000.0,-625435000.0,5167628550.0,5907124550.0,8.310616627040657,1.9663301183550885,0.2806908184428616,0.5844127299821121,0.006862448765377843,8.310616627040657,0.004330129037845328,6.89778655635822,178.19408793103446,3.086413578090144,0.0,1.2172247719175182,0.0,0.21490816147974331,1.1871702850950656,0.0020797415956924966,126.58620263086985,0.2402719268739355,0.0,-0.8506331710100398,0.13000039088309212,0.0,0.10886947736737057,0.2560637560637561,0.4672748488384428,-0.8745363333361863,-0.059924881448797596,-0.31145120122625203,Oil & Gas Equipment & Services,Energy,CHX
2021Q1,2021,Q1,2021-04-29,2021-03-31,5772000.0,684888000.0,18854000.0,0.03,162332000.0,0.2370197754961395,3475789000.0,1644769000.0,1301254000.0,632435000.0,1846683000.0,435272000.0,-632685000.0,4358603400.0,5144339400.0,8.200064812045069,2.057530022848198,0.30081141289071345,0.6356862270628885,0.003972854246450515,8.200064812045069,0.0035093073860219884,6.363965203069699,188.78219854469856,2.6499790548095206,0.0,1.200527486261464,0.0,0.19704533272877037,1.2459193434898448,0.001660630147572249,67.43410536087259,0.2370197754961395,-0.25000000000000006,-0.8311836573777781,0.15423294696745182,0.0,-0.022938071420402904,-0.21544107652575778,-0.4343573742949718,-0.9092488768270585,-0.06916255578512932,-0.6168635819529321,Oil & Gas Equipment & Services,Energy,CHX
2020Q4,2020,Q4,2021-03-01,2020-12-31,7357000.0,706122000.0,33332000.0,0.04,166143000.0,0.23528936925913652,3475776000.0,1625971000.0,1265845000.0,622560000.0,1863201000.0,430112000.0,-638457000.0,3058668900.0,3906648900.0,8.133393025966296,2.033289964019532,0.3019184780607266,0.6453995796973009,0.004698587376457595,8.133393025966296,0.00452468094449409,4.331643681969971,103.93736917221693,1.8811337348575097,0.0,1.2554381184435681,0.0,0.20315520908136772,1.222317527627859,0.002116649634498886,28.422592785325328,0.23528936925913652,2.0,-0.9524094743847723,0.03951389645957554,-0.6128383860138946,0.2933442316674451,1.929618397776093,4.28743654822335,-0.9524094743847723,0.03951389645957554,-0.6128383860138946,Oil & Gas Equipment & Services,Energy,CHX
2020Q3,2020,Q3,2020-10-30,2020-09-30,-7914000.0,633526000.0,6304000.0,-0.04,128460000.0,0.20276989421112945,3453732000.0,1599549000.0,1232751000.0,574407000.0,1867700000.0,471331000.0,-645863000.0,1596473910.0,2560320910.0,8.00539014759095,2.1461280938428677,0.3287194837352754,0.7097681909088124,0.0014364726483379064,8.00539014759095,-0.004947644617326509,2.519981673996016,-50.43195318423047,0.9980775268528816,0.0,1.0715739045384243,0.0,0.18343229874234596,1.1972468998462762,-0.0022914343093210477,16.199305036934817,0.20276989421112945,0.9578947368421052,-1.167371605802873,-0.0457895166816428,0.0,2.9857275829972076,0.9278216060923891,1.064047466650411,-1.167371605802873,-0.0457895166816428,0.0,Oil & Gas Equipment & Services,Energy,CHX
2020Q2,2020,Q2,2020-08-07,2020-06-30,-109645000.0,298914000.0,-98427000.0,-0.95,32230000.0,0.10782365496430411,3520833000.0,1598698000.0,1258547000.0,558349000.0,1936237000.0,527642000.0,-637861000.0,1123854240.0,2205781240.0,13.883733249963091,2.254050781858658,0.34759444710953347,0.7655116851337777,-0.03315485442812294,13.883733249963091,-0.06858393517725049,3.759791244304382,-2.5624840165990244,0.7029809507486717,0.0,0.5054260274959158,0.0,0.08489865892531683,1.18027434454078,-0.031141778096263013,30.41060287909947,0.10782365496430411,0.8883666274970623,-4.952289378722092,-0.2111633841446781,0.0,-0.6085694506855803,0.8269841319935367,-24.457340324118206,-4.952289378722092,-0.2111633841446781,0.0,Oil & Gas Equipment & Services,Energy,CHX
2020Q1,2020,Q1,2020-05-11,2020-03-31,-633728000.0,261434000.0,4196000.0,-8.51,82339000.0,0.3149513835231837,1245242000.0,388767000.0,504503000.0,198752000.0,852948000.0,206948000.0,-528253000.0,445492750.0,956084750.0,5.0178375517895635,2.5383543310256,0.45310710689167244,1.4513268873129663,0.004184396633422707,5.0178375517895635,-1.630097204752461,1.7040352440768989,-0.17574288574909108,1.145911947258898,0.0,0.8654106345555406,0.0,0.2099463397476153,1.3712516100466914,-0.5089195513803743,20.477717766030796,0.3149513835231837,-424.5,-48.98504337048625,0.1406458077802989,0.0,0.17180184154724124,-152.55657862854375,1.8464797256405083,-48.98504337048625,0.1406458077802989,0.0,Oil & Gas Equipment & Services,Energy,CHX
2019Q4,2019,Q4,2020-03-02,2019-12-31,-4127000.0,245125000.0,-4957000.0,-0.02,70267000.0,0.2866578276389597,1922825000.0,1032960000.0,493440000.0,199681000.0,886611000.0,211342000.0,107048000.0,2616598800.0,3145974800.0,13.335398915569327,2.47114147064568,0.29366479008750146,0.5466484665427509,-0.0008977924577297432,13.335398915569327,-0.003995314436183396,10.674548903620602,-158.50489459655924,2.5331075743494424,0.0,0.8273698554948851,0.0,0.12748170010271345,1.277858183803166,-0.0021463211680730174,107.59925980754997,0.2866578276389597,-1.1538461538461537,-1.0688997677626917,-0.06867404306889056,-0.3652151628702352,-0.232214075765688,-1.4036185819070905,-1.2183123403505682,-1.0688997677626917,-0.06867404306889056,-0.3652151628702352,Oil & Gas Equipment & Services,Energy,CHX
2019Q3,2019,Q3,2019-11-19,2019-09-30,10225000.0,278381000.0,22706000.0,0.13,91519000.0,0.3287544767782284,1972253000.0,1038801000.0,531138000.0,206453000.0,930447000.0,219614000.0,110458000.0,2127586534.3,2675539534.3,13.207249903583863,2.5726824022901096,0.2984302723839183,0.5665955269584839,0.010761284004891222,13.207249903583863,0.009843078703235749,7.642714604444987,52.01923066748166,2.048117526167187,0.0,0.8508656096605863,0.0,0.14114872686212165,1.3417484851273656,0.005184426135997765,38.55161510292093,0.3287544767782284,-0.5806451612903225,-0.45065631508639237,0.06515893262593309,0.0,-0.16625823319880842,-0.5699987383826065,-0.4735084749692768,-0.45065631508639237,0.06515893262593309,0.0,Oil & Gas Equipment & Services,Energy,CHX
2019Q2,2019,Q2,2019-07-29,2019-06-30,23779000.0,306054000.0,43127000.0,0.31,109769000.0,0.3586589294699628,1975438000.0,1028926000.0,529545000.0,201104000.0,943701000.0,234254000.0,100233000.0,2618513500.0,3207478500.0,13.289325153374232,2.633189792346249,0.31046329978465537,0.5960593861949256,0.02055896320850739,13.289325153374232,0.023110505517403585,8.555723826514276,27.52968480592119,2.5448997303984933,0.0,0.8379152543819957,0.0,0.15492969154182515,1.3958697987111146,0.012037330455321807,99.1072820862193,0.3586589294699628,0.06896551724137938,0.2747717980319188,0.20120690957777565,0.0,0.03998143042567907,0.06694485574550187,0.07275757425003732,0.2747717980319188,0.20120690957777565,0.0,Oil & Gas Equipment & Services,Energy,CHX
2019Q1,2019,Q1,2019-05-03,2019-03-31,22287000.0,301691000.0,40202000.0,0.29,105549000.0,0.3498579672578897,1988609000.0,1002449000.0,537798000.0,212273000.0,983406000.0,232933000.0,76454000.0,3222942579.9999995,3832235579.9999995,12.957731732223415,2.5335205136781407,0.32064976071213597,0.636089217506327,0.019274980316321046,12.957731732223415,0.02223255247897898,10.682925841340973,36.15271884955355,3.215068876321887,0.0,0.842053294294926,0.0,0.15170956180928477,1.3520513678140884,0.011207331355736597,316.22278061224483,0.3498579672578897,0.0,0.6900287868646428,0.31822817232961775,0.0,0.009207733348631748,0.010656629784146563,0.10055024774836431,0.6900287868646428,0.31822817232961775,0.0,Oil & Gas Equipment & Services,Energy,CHX
2018Q4,2018,Q4,2019-02-27,2018-12-31,22052000.0,310328000.0,36529000.0,0.29,104586000.0,0.3370176071769225,1971756000.0,979069000.0,530310000.0,201995000.0,990229000.0,218319000.0,55829000.0,2094556759.9999998,2718832760.0,12.658138001473878,2.6253620139112352,0.3378247612787789,0.6803483717695076,0.018398702532718945,12.658138001473878,0.02252343808250491,6.749493310303936,23.745655269363322,2.1393351847520448,0.3491746780337384,0.9423916379243218,0.003676195435257625,0.15738661375951182,1.4444912002772345,0.011183939594960026,35.4961489967462,0.3370176071769225,-0.12121212121212131,-0.631306660633611,0.180780254471554,-0.3974537904336372,-0.08043329171575782,-0.12710287772631912,-0.18301574521381284,-0.631306660633611,0.180780254471554,-0.3974537904336372,Oil & Gas Equipment & Services,Energy,CHX
2018Q3,2018,Q3,2018-11-02,2018-09-30,25263000.0,316468000.0,44712000.0,0.33,113734000.0,0.3593854670930394,1983356000.0,962547000.0,535897000.0,217145000.0,1018596000.0,219133000.0,33257000.0,3384398400.0,4053927400.0,12.445655546935608,2.4679223560293813,0.3466563743473184,0.7142955097257588,0.020742353100611646,12.445655546935608,0.026245991104849944,10.694283150271117,33.49165182282389,3.5160863833142693,0.503938566282706,0.9251641697051562,0.0037616729756165825,0.1595618739147183,1.3628681295908265,0.01273750148737796,175.58487159533075,0.3593854670930394,0.13793103448275876,0.3803255838184142,0.23146031666563113,0.0,0.09656954434138722,0.13884506153360682,0.17939384347550844,0.3803255838184142,0.23146031666563113,0.0,Oil & Gas Equipment & Services,Energy,CHX
2018Q2,2018,Q2,2018-08-06,2018-06-30,22183000.0,305928000.0,37911000.0,0.29,103718000.0,0.3390274835909103,1980266000.0,933475000.0,522276000.0,225751000.0,1044738000.0,215164000.0,7994000.0,3228945000.0,3905449000.0,12.069756917507112,2.313504702083269,0.3571929225669683,0.7577460564021532,0.01622084935306384,12.069756917507112,0.023763892980529742,10.554591276378757,36.38985935175585,3.4590588928466213,0.0,0.9397947612054061,0.0,0.15448833641541085,1.2632280698645852,0.01120203043429519,94.87130894667254,0.3390274835909103,-0.08544181044677755,0.1905186016139331,0.2020320169994428,0.0,0.10032781319952049,-0.0961577639245406,0.0981692833555414,0.1905186016139331,0.2020320169994428,0.0,Oil & Gas Equipment & Services,Energy,CHX
2018Q1,2018,Q1,2018-06-04,2018-03-31,24543000.0,283922000.0,34522000.0,0.317093,94261000.0,0.3319961116081177,1930149000.0,1656551000.0,472029000.0,159020000.0,268707000.0,210941000.0,0.0,2941200000.0,2950853000.0,21.4024677002584,2.9683624701295432,0.0,0.0,0.016123730102793842,21.4024677002584,0.01481572254642326,10.359183155937194,29.95966263292996,1.7754961966157394,0.0,0.899118710919167,0.0,0.14709848825142516,1.5381398566218085,0.012715598640312225,-464.20454545454544,0.3319961116081177,-0.5899399723228229,0.8602121573802901,0.23999410868243226,0.0,-0.1914756741919989,-0.5922683323919328,1.0865518283469326,0.8602121573802901,0.23999410868243226,0.0,Oil & Gas Equipment & Services,Energy,CHX
2017Q4,2017,Q4,2017-12-31,2017-12-31,60194000.0,264498000.0,16545000.0,0.7732843452120963,116584000.0,0.44077459942986336,1904775000.0,1635285000.0,441365000.0,151065000.0,264741000.0,201591000.0,0.0,2957996000.0,2939067000.0,21.00774646077953,2.921689339026247,0.002511057736478062,0.0029248724228498396,0.04039282985485991,21.00774646077953,0.036809485808284186,11.183434279276215,12.285260989467389,1.8088565601714686,0.0,0.733733152769717,0.0,0.13886049533409459,1.4942971568530103,0.03160163273877492,123.5277708176731,0.44077459942986336,2.310916205158918,0.0,0.0,0.0,0.3752329723736051,2.2676836219532057,-0.44750550991785215,0.0,0.0,0.0,Oil & Gas Equipment & Services,Energy,CHX
2017Q3,2017,Q3,2017-09-30,2017-09-30,18421000.0,258654000.0,29946000.0,0.233556,84774000.0,0.3277505857245587,,,,,,,,2957996000.0,,,0.0,0.0,0.0,0.0,,0.0,11.436111562164127,40.14434612670322,0.0,0.22420064057325878,0.0,0.0013962155459304204,0.0,0.0,0.0,1413.280458671763,0.3277505857245587,-0.01775605817190815,0.0,0.0,0.0,0.0017015242821694435,-0.017756212008104937,0.006994417916470509,0.0,0.0,0.0,Oil & Gas Equipment & Services,Energy,CHX
2017Q2,2017,Q2,2017-06-30,2017-06-30,18754000.0,256161000.0,29738000.0,0.237778,84630000.0,0.3303781606099289,,,,,,,,2957996000.0,,,0.0,0.0,0.0,0.0,,0.0,11.547409636908037,39.43153460595073,0.0,0.0,0.0,0.0,0.0,0.0,0.0,-852.2028233938346,0.3303781606099289,0.4133682051891699,0.0,0.0,0.0,0.12300955414012739,0.4133695078754993,0.30883323797368073,0.0,0.0,0.0,Oil & Gas Equipment & Services,Energy,CHX
2017Q1,2017,Q1,2017-03-31,2017-03-31,13269000.0,230278000.0,22721000.0,0.168235,75360000.0,0.3272566202589913,,,,,,,,2957996000.0,,,0.0,0.0,0.0,0.0,,0.0,12.845326084124407,55.73132866078831,0.0,0.0,0.0,0.0,0.0,0.0,0.0,225.14811995737554,0.3272566202589913,0.0,0.0,0.0,0.0,0.0,0.0,0.0,0.0,0.0,0.0,Oil & Gas Equipment & Services,Energy,CHX
