Quarters,Year,Quarter,FillingDate,Date,NetIncome,Revenue,OperatingIncome,EPSDiluted,GrossProfit,GrossProfitRatio,TotalAssets,CommonStockEquity,CurrentAssets,CurrentLiability,TotalLiability,Inventory,RetainedEarnings,MarketCap,EnterpriseValue,bookValuePerShare,currentRatio,debtToAssets,debtToEquity,roic,shareholdersEquityPerShare,roe,priceToSalesRatio,peRatio,pbRatio,payoutRatio,inventoryTurnover,dividendYield,assetTurnover,quickRatio,returnOnAssets,priceToFreeCashFlowsRatio,grossProfitMargin,epsdilutedGrowth,fiveYNetIncomeGrowthPerShare,fiveYRevenueGrowthPerShare,fiveYShareholdersEquityGrowthPerShare,grossProfitGrowth,netIncomeGrowth,operatingIncomeGrowth,threeYNetIncomeGrowthPerShare,threeYRevenueGrowthPerShare,threeYShareholdersEquityGrowthPerShare,Industry,Sector,Symbol
2023Q3,2023,Q3,2023-05-05,2023-03-31,80510000.0,184332000.0,27923000.0,6.77,70897000.0,0.3846158019,1015088000.0,605550000.0,460775000.0,130587000.0,409538000.0,104516000.0,1010395000.0,1446138840.0,1480705840.0,51.27000254000508,3.5284905848208474,0.2067318301467459,0.3465461151019734,0.03057971799773132,51.27000254000508,0.13295351333498473,7.845294577175965,4.490556576822755,2.38814109487243,0.0409886970562663,1.0853362164644649,0.002281938572371101,0.1815921378245039,2.2946235076998476,0.07931332061850795,81.89709140332994,0.3846158019226179,3.005917159763314,5.768065719985606,-0.08487511533094146,0.459633164983803,-0.019676438053097343,3.0168637429526517,0.004207724951449328,14.29993566097101,0.2384140151688462,0.35499700374470367,Specialty Industrial Machinery,Industrials,SXI
2023Q2,2023,Q2,2023-02-03,2022-12-31,20043000.0,187789000.0,27806000.0,1.69,72320000.0,0.385113079,956685000.0,529417000.0,400925000.0,132415000.0,427268000.0,105698000.0,933233000.0,1213763320.0,1324886320.0,44.66900101248734,3.027791413359514,0.23478678980019546,0.4242723599733291,0.026829248106901443,44.66900101248734,0.037858625620257755,6.463442054646438,15.139491593074888,2.2926413772130476,0.1658933293419149,1.0924426195386856,0.0027394138092754357,0.19629136027009936,1.7848355548842654,0.02095046959030402,50.61143023934618,0.3851130790408384,0.10457516339869276,8.653659833348984,-0.040345395284944664,0.3481393404698127,0.05958712437548533,0.09704433497536946,0.05766451122099658,0.7101765043919955,0.02889271128909801,0.12912385628087875,Specialty Industrial Machinery,Industrials,SXI
2023Q1,2023,Q1,2022-11-04,2022-09-30,18270000.0,180600000.0,26290000.0,1.53,68253000.0,0.377923588,921259000.0,491690000.0,384867000.0,124418000.0,429569000.0,109639000.0,916549000.0,965347950.0000001,1098607950.0,41.58758352364036,3.0933385844491954,0.25691797854892057,0.48137647704854686,0.026095174030495497,41.58758352364036,0.03715755862433647,5.345226744186047,13.209468390804599,1.9633263845105657,0.16825396825396827,1.0246992402338584,0.0031843440492104426,0.1960360767167539,1.7987188348952723,0.019831556598090223,-121.12270388958596,0.3779235880398671,0.3909090909090908,0.3993524068523364,-0.09678727794188836,0.2362442281524146,0.025497325560430315,0.376893511191499,0.9555191907170485,0.5336154822746371,-0.0400344523169008,0.08559086739506233,Specialty Industrial Machinery,Industrials,SXI
2022Q4,2022,Q4,2022-08-05,2022-06-30,13269000.0,184739000.0,13444000.0,1.1,66556000.0,0.3602704356,934439000.0,499343000.0,378998000.0,150768000.0,435096000.0,105339000.0,901421000.0,1006847280.0,1116081280.0,42.04639609296059,2.5137827655735965,0.22909788653941027,0.4287193372090927,0.013754889170073491,42.04639609296059,0.026572916812691878,5.450106799322287,18.96991634637124,2.0163440360633875,0.23370261511794407,1.1219301493274096,0.003079910987096275,0.1977004384448851,1.5152353284516609,0.014199963828564519,53.813323356493854,0.36027043558750454,-0.23611111111111102,-0.039815984492167125,-0.0926242084280124,0.3028637553715522,-0.02668870007750691,-0.2377642463235294,-0.45059256232120964,0.12081144472059756,-0.07557901275913707,0.12579401444216745,Specialty Industrial Machinery,Industrials,SXI
2022Q3,2022,Q3,2022-05-06,2022-03-31,17408000.0,189281000.0,24470000.0,1.44,68381000.0,0.3612671108,973568000.0,527620000.0,410644000.0,141739000.0,445948000.0,103930000.0,891303000.0,1197241440.0,1298587440.0,44.03438491069938,2.8971842612125105,0.24163489350512754,0.44586634320154656,0.023307428298837866,44.03438491069938,0.03299344225010424,6.325206650429784,17.19383961397059,2.269135817444373,0.17974494485294118,1.1632829789281247,0.00261350793203416,0.19441990698133052,1.8690268733376134,0.017880620562713646,140.83536525114692,0.36126711080351437,0.16129032258064513,1.4066502194975479,0.08304485619784832,0.43646113594916425,-0.005685453382190426,0.1582168995342648,0.14137786277345024,-0.30700979966148795,0.021503824409601233,0.15039884518493554,Specialty Industrial Machinery,Industrials,SXI
2022Q2,2022,Q2,2022-02-04,2021-12-31,15030000.0,185709000.0,21439000.0,1.24,68772000.0,0.3703213091,970570000.0,523450000.0,397379000.0,138010000.0,447120000.0,102223000.0,877158000.0,1331571780.0,1421646780.0,43.50120501952963,2.8793493225128612,0.24442338007562567,0.4532046995892635,0.020224872827693263,43.50120501952963,0.02871334415894546,7.1702059674006104,22.14856586826347,2.5438375776100868,0.20818363273453094,1.1439402091505826,0.0023498545455807123,0.19134014032990923,1.9294761249184842,0.015485745489763747,71.72484675464584,0.3703213091449526,-0.04615384615384619,0.540521700553408,0.12376046026888154,0.45414487095845657,0.03827166085420535,-0.049816664559362754,-0.06084632906956369,0.1780255439502855,-0.0025916011173036336,0.21389060395555098,Specialty Industrial Machinery,Industrials,SXI
2022Q1,2022,Q1,2021-11-05,2021-09-30,15818000.0,175610000.0,22828000.0,1.3,66237000.0,0.3771823928022322,960642000.0,512730000.0,376317000.0,135170000.0,447912000.0,100082000.0,865355000.0,1189194930.0,1296673930.0,42.64576228894619,2.784027520899608,0.24791962042051044,0.4644978838765042,0.02169639638820551,42.64576228894619,0.030850545121213893,6.771795057229087,18.794963490959663,2.319339476917676,0.1827032494626375,1.0928338762214984,0.0024302155408617494,0.18280483260153105,1.8376192942220908,0.016466071647918787,147.74443160641073,0.3771823928022322,0.1403508771929826,0.19951693431653314,0.030727269763391518,0.4273704884028911,0.006518964259664479,0.13398809950534088,0.018107216127018107,0.05503827927795431,-0.038056366000108754,0.17880032447066443,Specialty Industrial Machinery,Industrials,SXI
2021Q4,2021,Q4,2021-08-13,2021-06-30,13949000.0,176435000.0,22422000.0,1.14,65808000.0,0.372987219089183,962223000.0,506425000.0,374366000.0,143709000.0,455798000.0,91862000.0,852489000.0,1145373880.0,1245470880.0,41.964285714285715,2.605028216743558,0.24574760736336587,0.46692797551463694,0.02030581026425922,41.964285714285715,0.027544058843856446,6.491761158500298,20.527885153057564,2.2616851063829784,0.2080435873539322,1.204273802007359,0.002533670490198362,0.18336186102389987,1.8022531643807973,0.014496639552369878,44.25881525561266,0.372987219089183,9.363636363636362,0.203284984257787,-0.04270704086981064,0.43919422731399194,0.049569377990430624,8.775052557813595,2.968495575221239,0.164849700494449,-0.1833648578844625,0.1829814945976394,Specialty Industrial Machinery,Industrials,SXI
2021Q3,2021,Q3,2021-05-07,2021-03-31,1427000.0,172216000.0,5650000.0,0.11,62700000.0,0.3640776699029126,946338000.0,482653000.0,350794000.0,131941000.0,463685000.0,90868000.0,841491000.0,1159837520.0,1280810520.0,39.77035266974291,2.6587186697084304,0.25256620784539985,0.495206701294719,0.003243030745473202,39.77035266974291,0.002956575427895403,6.734783759929391,203.1950805886475,2.403046329350486,2.0483531885073583,1.2052207597834221,0.0025201805852943953,0.18198149075700226,1.7983719996058845,0.0015079178898025863,94.03579698394681,0.3640776699029126,-0.8817204301075269,-0.8703573592717753,0.015281180811999927,0.32085840399614374,0.08073634859349145,-0.8745715039114001,-0.6624447365276616,-0.8832519016253296,-0.16792163602159887,0.13224347306328682,Specialty Industrial Machinery,Industrials,SXI
2021Q2,2021,Q2,2021-02-05,2020-12-31,11377000.0,156283000.0,16738000.0,0.93,58016000.0,0.37122399749172974,867896000.0,498190000.0,327116000.0,117886000.0,460467000.0,90710000.0,843038000.0,945356400.0,836246400.0,40.8519885198852,2.774850279083182,0.0,0.0,0.02480653758836434,40.8519885198852,0.022836668740841847,6.049003410479707,20.773411268348422,1.8975820470101767,0.2577129295947965,1.0833094476904421,0.0031014758031997244,0.1800711145114161,1.7787947678265443,0.01310871348640851,55.566707811673425,0.37122399749172974,0.17721518987341772,-0.042869380435781555,-0.10605106363240742,0.41628499318312484,0.059923998830751245,0.1704732510288066,0.1660861084018392,5.222250792511488,-0.22381297307735923,0.23293943477003778,Specialty Industrial Machinery,Industrials,SXI
2021Q1,2021,Q1,2020-10-30,2020-09-30,9720000.0,151286000.0,14354000.0,0.79,54736000.0,0.36180479356979495,941902000.0,476568000.0,314852000.0,114397000.0,465334000.0,92174000.0,834645000.0,723897600.0,867546600.0,38.97350343473994,2.7522749722457758,0.21228004611944767,0.4195560759429924,0.015950099246951167,38.97350343473994,0.020395830185828676,4.78496093491797,18.61876543209877,1.518980712091454,0.27695473251028807,1.0474754269099746,0.0037187580121829386,0.1606175589392527,1.7879052772362911,0.010319544920809172,109.61502119927317,0.36180479356979495,4.266666666666667,-0.37029000151615277,-0.21052255653159635,0.37591132643936076,0.1666311436975148,4.29700272479564,0.4169792694965449,-0.2801747508861844,-0.2684512038097219,0.1585373467224253,Specialty Industrial Machinery,Industrials,SXI
2020Q4,2020,Q4,2020-08-25,2020-06-30,1835000.0,139385000.0,10130000.0,0.15,46918000.0,0.3366072389424974,930878000.0,461632000.0,331997000.0,122877000.0,469246000.0,85031000.0,827656000.0,704929950.0,821563950.0,37.687321413992976,2.7018644660921085,0.21393780925105116,0.4314042354082906,0.009925150762952488,37.687321413992976,0.00397502772771385,5.0574304982602145,96.03950272479564,1.5270387451476501,1.4686648501362398,1.0874504592442755,0.0038230749026906857,0.1497349813831673,1.8324015071982551,0.001971257243161832,45.199406899204924,0.3366072389424974,1.2941176470588236,-0.8842670100770907,-0.2791785208392886,0.36825616804108535,-0.1065790726459107,1.290210343191523,-0.4009107575847182,-0.8712575111565655,-0.336235236905599,0.16779200288107857,Specialty Industrial Machinery,Industrials,SXI
2020Q3,2020,Q3,2020-05-08,2020-03-31,-6323000.0,155474000.0,16909000.0,-0.51,52515000.0,0.33777351840179065,956922000.0,466804000.0,360481000.0,136803000.0,490118000.0,85274000.0,828556000.0,604759740.0,739611740.0,37.8377239199157,2.635037243335307,0.22161158380724866,0.4542913085577673,0.018645650045124758,37.8377239199157,-0.01354529952613945,3.889780542084207,-23.91110786019295,1.2955324718725632,-0.4309663134588012,1.207390294814363,0.004505921640881715,0.1624730124294352,1.577889373771043,-0.0066076440922039625,-699.9534027777778,0.33777351840179065,-1.5151515151515151,-1.5137816772724886,-0.11874252850611719,0.382891934597626,-0.2097422238273667,-1.5166693904232718,-0.05186721991701245,-1.8489987077004078,-0.13599362879782262,0.23431768137464187,Specialty Industrial Machinery,Industrials,SXI
2020Q2,2020,Q2,2020-02-04,2019-12-31,12238000.0,190585000.0,17834000.0,0.99,66453000.0,0.3486790670829289,967815000.0,489604000.0,342612000.0,145274000.0,478211000.0,108513000.0,837698000.0,982035599.9999999,1103824600.0,39.56076276664512,2.3583848451890908,0.1931980802116107,0.3819004746693246,0.020339221689504014,39.56076276664512,0.024995710819356053,5.152743395335414,20.061194639647,2.0057752796137285,0.2225036770714169,1.1439366711822547,0.002772811902134709,0.1969229656494268,1.4747167421562013,0.012644978637446206,102.19956290977207,0.3486790670829289,-0.010000000000000009,0.11899837518368198,0.029364983220682202,0.44533391907514924,-0.026814480698260208,-0.016158855213441594,-0.03291578547801095,0.2195873320549517,0.12130337247960446,0.3224249820779634,Specialty Industrial Machinery,Industrials,SXI
2020Q1,2020,Q1,2019-11-06,2019-09-30,12439000.0,196438000.0,18441000.0,1.0,68284000.0,0.34761095103798656,949292000.0,472921000.0,324382000.0,134712000.0,476371000.0,98359000.0,828226000.0,900444300.0,1033287300.0,38.30870797893884,2.407966625096502,0.19898513839787968,0.3994218907597675,0.019138288734388713,38.30870797893884,0.026302490267930585,4.583860047444995,18.09720033764772,1.904005743031077,0.19800627060053058,1.3029209325023638,0.0027353163321706853,0.2069310602006548,1.5271542253102917,0.013103449728850554,652.4958695652174,0.34761095103798656,0.01010101010101011,-0.12394601246773906,-0.003484225246707378,0.4131858767928899,-0.02565566051197169,0.003711772774953603,-0.08793708887679905,-0.08132471449658962,0.12290180510039411,0.2822075695937307,Specialty Industrial Machinery,Industrials,SXI
2019Q4,2019,Q4,2019-06-30,2019-06-30,12393000.0,209199000.0,20219000.0,0.99,70082000.0,0.33500160134608675,921889000.0,464313000.0,333873000.0,141615000.0,457576000.0,88645000.0,818282000.0,917108640.0,1021573640.0,37.348214285714285,2.357610422624722,0.21435335490498314,0.4255965264810591,0.02225248220307925,37.348214285714285,0.02669104677232815,4.383905467999369,18.50053740014524,1.9751948362419316,0.20132332768498346,1.5693722150149472,0.002720506482198227,0.2269242826414026,1.5136532147018325,0.013443050085205487,29.351233437880047,0.33500160134608675,-0.09174311926605512,0.24607866795366792,0.1639653712295391,0.37661019752151076,0.13419647192102283,-0.5282271879401575,0.3438123089193141,0.037758197505489886,0.10182856465400647,0.28088286230945275,Specialty Industrial Machinery,Industrials,SXI
2019Q3,2019,Q3,2019-03-31,2019-03-31,26269000.0,193771000.0,15046000.0,1.09,61790000.0,0.31888156638506276,1003341000.0,479617000.0,452504000.0,129828000.0,523724000.0,103383000.0,808417000.0,933986200.0000001,1129670200.0,38.27749401436552,3.4854114674800507,0.29075359224829844,0.6082457460848969,0.012792829824673991,38.27749401436552,0.054770785856214435,4.820051504095041,8.888672960523813,1.9473584130670933,0.09539761696296015,1.2766218817407118,0.002683123155352831,0.1931257668130775,1.657138675786425,0.02618152751656715,200.25433104631222,0.31888156638506276,0.038095238095238126,1.0013376670574583,0.0915023928924203,0.46792099909533247,-0.07687940719493247,0.9606657710105986,-0.2554065422873262,1.3114895421533648,0.10643553580892237,0.2712773777148811,Specialty Industrial Machinery,Industrials,SXI
2019Q2,2019,Q2,2018-12-31,2018-12-31,13398000.0,195522000.0,20207000.0,1.05,66936000.0,0.34234510694448705,1014052000.0,452826000.0,398505000.0,144300000.0,561226000.0,109423000.0,784687000.0,848886480.0000001,1045373480.0000001,35.83618233618234,2.7616424116424114,0.3103006551932248,0.6948828026659246,0.020106848330066547,35.83618233618234,0.029587523684594084,4.341641758983644,15.839798477384686,1.8746416504352665,0.18943125839677563,1.1751277153797648,0.0029897990600580657,0.19281259738159384,1.6047470547470548,0.013212340195571824,88.93519958093243,0.34234510694448705,-0.15322580645161285,0.2737357984418298,0.13497241212349126,0.4404706424718516,-0.03344307745624675,-0.15507346913035253,-0.10766173548244645,0.08781642696982325,0.07936614264063131,0.24239355523670494,Specialty Industrial Machinery,Industrials,SXI
2019Q1,2019,Q1,2018-09-30,2018-09-30,15857000.0,193080000.0,22645000.0,1.24,69252000.0,0.3586699813548788,1009607000.0,460030000.0,396826000.0,144769000.0,549577000.0,111687000.0,773938000.0,1351583640.0,1541751640.0,36.177256999056304,2.741097886978566,0.2965886726221193,0.6509097232789166,0.021193633745810705,36.177256999056304,0.03446949112014434,7.000122436295836,21.30894305354102,2.9380336934547753,0.14422652456328436,1.1087055789841254,0.0016920891407060832,0.1912427310824905,1.6142198951432973,0.015706111387896477,-208.706553428042,0.3586699813548788,0.25252525252525254,0.726346326320209,0.0399605885457408,0.49498005708723863,-0.1587667938096742,0.25749405233941314,-0.14184477792936184,-0.012128943856910539,-0.031090561030849912,0.277193305135088,Specialty Industrial Machinery,Industrials,SXI
2018Q4,2018,Q4,2018-08-28,2018-06-30,12610000.0,227509000.0,26388000.0,0.99,82322000.0,0.3618406304805524,916937000.0,450795000.0,383959000.0,161341000.0,466142000.0,127223000.0,761430000.0,1298757600.0,1382927600.0,35.4733238904627,2.379798067447208,0.21132531460721948,0.4298450515200923,0.020963908964571426,35.4733238904627,0.02797280360252443,5.708598780707576,25.748564631245042,2.8810381659068978,0.18144329896907216,1.1412008834880485,0.0017616836274913811,0.24811846397298834,1.525824186040746,0.013752307955726512,41.81986089644513,0.3618406304805524,-0.010000000000000009,-0.0015972249930174892,0.2281659783843146,0.5327302200598909,0.11589763053733124,-0.01484375,0.36534381952708644,-0.23341623106542833,0.13405388300310422,0.287875932621297,Specialty Industrial Machinery,Industrials,SXI
2018Q3,2018,Q3,2018-05-01,2018-03-31,12800000.0,216743000.0,19327000.0,1.0,73772000.0,0.340366240201529,916276000.0,446407000.0,371874000.0,148980000.0,469869000.0,131589000.0,751136000.0,1211803150.0,1320204150.0,35.125265559839484,2.4961337092227143,0.22343267749018855,0.458608399957886,0.022720600907663487,35.125265559839484,0.02867338549798726,5.59096787439502,23.6680302734375,2.714570224033225,0.17875,1.0864965916603972,0.0018880954386032089,0.23654772142891442,1.5447106994227413,0.013969589948880031,-464.6484470858896,0.340366240201529,5.545454545454545,0.3252108782573632,0.292688326689708,0.6183717534879962,0.03140116880574896,5.560028500178126,0.06320827373748487,0.009633111471087063,0.19258215130381828,0.2837570924221175,Specialty Industrial Machinery,Industrials,SXI
2018Q2,2018,Q2,2018-01-30,2017-12-31,-2807000.0,209751000.0,18178000.0,-0.22,71526000.0,0.3410043337099704,916670000.0,420932000.0,382304000.0,163719000.0,495738000.0,130715000.0,723435000.0,1293902400.0,1400670400.0,33.1338161209068,2.3351229851147393,0.23580677888444043,0.5135199984795644,-0.004751530229273765,33.1338161209068,-0.006668535535430901,6.168754380193659,-115.23890274314213,3.0738988720268354,-0.8143925899536872,1.0574532379604482,0.0017667484038981613,0.22881844066021578,1.478050806564907,-0.003062170683015698,53.27332015810277,0.3410043337099704,-1.2,-1.253590156030644,0.23171982461371354,0.5680250945201486,-0.03579083592833744,-1.2005286469495642,-0.09768688573414078,-1.2500352473666951,0.10363262291276018,0.21052843673486035,Specialty Industrial Machinery,Industrials,SXI
2018Q1,2018,Q1,2017-11-01,2017-09-30,13998000.0,214379000.0,20146000.0,1.1,74181000.0,0.34602736275474744,879940000.0,426424000.0,344751000.0,143944000.0,453516000.0,123366000.0,728553000.0,1346191200.0,1476817200.0,33.640265067844744,2.3950355693880954,0.23398868104643497,0.48284336716507514,0.02343866967353047,33.640265067844744,0.03282648256195711,6.279491927847411,24.042563223317618,3.1569311295799487,0.14473496213744821,1.1364395376359775,0.0015049868101945697,0.24362911107575516,1.4732395931751237,0.015907902811555335,-93.81123344947736,0.34602736275474744,-0.009009009009009016,0.17234132593139312,0.15821422047298017,0.655582463995698,0.019852344748889836,-0.0500169664065151,-0.021516343678663365,-0.0398916298646991,0.05913124131609011,0.24096974274318153,Specialty Industrial Machinery,Industrials,SXI
2017Q4,2017,Q4,2017-08-28,2017-06-30,14735000.0,217089000.0,20589000.0,1.11,72737000.0,0.3350561290530612,867676000.0,408664000.0,360884000.0,159964000.0,459012000.0,119401000.0,716605000.0,1148534100.0,1251944100.0,32.27228934691621,2.2560326073366506,0.22125309447305216,0.46976489242996694,0.026321548713966293,32.27228934691621,0.03605651586633518,5.290613987811451,19.486496437054633,2.8104606718477774,0.13749575839837122,1.2089680990946474,0.0017639876778582368,0.25019592566810656,1.363400515115901,0.016982145409115846,47.090369003690036,0.3350561290530612,0.8500000000000002,0.04812327787853933,0.2679980503004078,0.66857143642596,0.18564582382473757,0.9274035317200785,0.8005247048535199,0.4545328911000551,0.18583064214450443,0.1895177175665607,Specialty Industrial Machinery,Industrials,SXI
2017Q3,2017,Q3,2017-05-02,2017-03-31,7645000.0,184715000.0,11435000.0,0.6,61348000.0,0.332122458923206,847976000.0,388212000.0,348678000.0,133458000.0,459764000.0,119384000.0,703918000.0,1268299600.0,1395734600.0,30.654769425142135,2.6126421795621093,0.2540024717680689,0.5548205619609904,0.013747201620351935,30.654769425142135,0.01969284823756092,6.866251251928647,41.47480706344016,3.267028324729787,0.26527141922825376,1.0333629297058233,0.001598991279347561,0.21783045746577734,1.5426126571655503,0.009015585346755096,226.84664639599356,0.332122458923206,-0.25000000000000006,-0.17304145579297858,0.2094502068873792,0.4868991376908593,0.07828593524800506,-0.25516367887763053,-0.1359377361341998,-0.42371875247882423,0.029480784947431067,0.17559367247771432,Specialty Industrial Machinery,Industrials,SXI
2017Q2,2017,Q2,2017-02-03,2016-12-31,10264000.0,173854000.0,13234000.0,0.8,56894000.0,0.32725160191885144,710729000.0,378698000.0,358035000.0,116992000.0,332031000.0,110952000.0,698327000.0,1112093150.0,1115087150.0,29.915317165652894,3.0603374589715537,0.1748838164757594,0.32821667925365333,0.02122469043120088,29.915317165652894,0.02710339109263846,6.396707294626526,27.087225984021824,2.9366227178384885,0.19719407638347622,1.0541495421443507,0.0018199914278763428,0.24461362910476425,1.9331065371991247,0.014441510055168708,84.524827088242,0.32725160191885144,-0.26605504587155965,3.4676806454359244,0.11088902207799331,0.5326537897596574,-0.07902745402745402,-0.26163585353571683,-0.33060192210419825,-0.02598366107445333,0.007359714437063212,0.20247563574451546,Specialty Industrial Machinery,Industrials,SXI
2017Q1,2017,Q1,2016-10-28,2016-09-30,13901000.0,179600000.0,19770000.0,1.09,61776000.0,0.3439643652561247,692959000.0,378663000.0,356274000.0,118217000.0,314296000.0,106022000.0,690110000.0,1177034380.0,1159989380.0,29.87715007101152,3.013728989908389,0.15038119138361722,0.275199847885851,0.029281303123975463,29.87715007101152,0.03671074279768554,6.553643541202673,21.16816020430185,3.1083955390413114,0.12761671822171067,1.1113165192129935,0.0015071777257687237,0.25917839294965506,1.9268802287319082,0.02006034989083048,-191.48110948430127,0.3439643652561247,0.1473684210526317,0.14578785523095233,0.013406922263874788,0.5009399022729798,-0.07559705512659365,0.14054808007876599,0.41022897496255084,0.5184124587590552,-0.029439215291161853,0.23463599022805737,Specialty Industrial Machinery,Industrials,SXI
2016Q4,2016,Q4,2016-08-25,2016-06-30,12188000.0,193775000.0,14019000.0,0.95,66828000.0,0.3448742097793833,690457000.0,369959000.0,355849000.0,134107000.0,320498000.0,105402000.0,678002000.0,1048409440.0,1018535440.0,29.158180958385877,2.6534707360540466,0.13341019064185025,0.2489843469141175,0.026136928395684923,29.158180958385877,0.03294419111306929,5.4104473745323185,21.504952412208727,2.8338530485810587,0.1456350508697079,1.2044078859983682,0.0016930408409905199,0.2806474552361697,1.6948183167172481,0.017652076812893488,35.917963616430846,0.3448742097793833,0.04395604395604387,0.16851844461825796,0.09289720192436719,0.48311838018799813,0.13967052082267473,0.058353594998263286,-0.18304195804195805,-0.033488168925279185,0.04770800697275629,0.2598657305104871,Specialty Industrial Machinery,Industrials,SXI
2016Q3,2016,Q3,2016-05-03,2016-03-31,11516000.0,177465000.0,17160000.0,0.91,58638000.0,0.3304200828332347,677606000.0,382300000.0,346348000.0,117937000.0,295306000.0,109012000.0,667607000.0,987953570.0,980580570.0,30.109474679058046,2.9367204524449493,0.1564744113836064,0.2773424012555585,0.0250405586246501,30.109474679058046,0.03012294009939838,5.567033330515876,21.44741164466829,2.5842363850379284,0.15430705105939563,1.0900359593439255,0.0017986675224018875,0.26189998317606394,1.847571160874026,0.0169951269616857,83.77457559569235,0.3304200828332347,-0.052083333333333266,1.2184625701691827,0.18705454492986215,0.6771866641951827,0.006920236970893792,-0.06911324872686121,0.06836010459469556,0.1934024878921687,0.05942866698828511,0.3872727381928518,Specialty Industrial Machinery,Industrials,SXI
2016Q2,2016,Q2,2016-02-02,2015-12-31,12371000.0,181948000.0,16062000.0,0.96,58235000.0,0.32006397432233386,660457000.0,366094000.0,330670000.0,115808000.0,294363000.0,108987000.0,657887000.0,1055339800.0000001,1060058800.0000001,28.844468956823196,2.8553295109146175,0.16493579445747414,0.29755472638174896,0.026933394792296016,28.844468956823196,0.03379186766240364,5.800227537538198,21.32688949963625,2.882701710489656,0.14356155525018188,1.1351170323066053,0.0016828702944776646,0.2754880332860428,1.7554141337386018,0.018730969616492822,54.167212441615774,0.32006397432233386,-0.23200000000000004,0.3523148001416068,0.153410875783102,0.67669706385551,-0.1504988913525499,-0.22589324823227583,-0.3047656148552136,0.11867828213561696,0.06946259431027316,0.36503598008041244,Specialty Industrial Machinery,Industrials,SXI
2016Q1,2016,Q1,2015-10-29,2015-09-30,15981000.0,198398000.0,23103000.0,1.25,68552000.0,0.3455276766902892,657524000.0,358602000.0,336073000.0,125723000.0,298922000.0,113021000.0,647313000.0,953930999.9999999,962951999.9999999,28.32559241706161,2.6731226585429875,0.15869534800250637,0.2909799722254756,0.035564570775904476,28.32559241706161,0.044564726354008065,4.808168429117228,14.922892810212126,2.6601385379891913,0.09498779801013704,1.1488661399208997,0.0015913100633064656,0.30173499370365187,1.6086078124130032,0.02430481625005323,475.06523904382465,0.3455276766902892,-0.02343750000000002,0.4344571723224128,0.24588152973012117,0.69966676647158,0.049543756506828344,-0.024418533667053294,-0.02613497449732327,0.34011035082307406,0.07322916661821018,0.39402451179856884,Specialty Industrial Machinery,Industrials,SXI
2015Q4,2015,Q4,2015-08-27,2015-06-30,16381000.0,199779000.0,23723000.0,1.28,65316000.0,0.32694127010346435,660341000.0,348570000.0,335402000.0,138791000.0,311771000.0,108305000.0,632864000.0,1011514150.0000001,1018417150.0000001,27.544053733702093,2.416597618001167,0.15602696182729833,0.2955819491063488,0.037186450857442835,27.544053733702093,0.046994864733052186,5.063165547930463,15.437307704047374,2.901896749576843,0.09272938160063489,1.2415216287336688,0.001501709096209875,0.30253914265508275,1.493994567371083,0.02480688008165478,25.89111677075868,0.32694127010346435,0.292929292929293,0.932876424032974,0.2961304604726861,0.7906888935118342,0.14073142617625484,0.2974021859654681,0.33036114849708387,0.16594239463358926,0.1676295029967624,0.4241078719080329,Specialty Industrial Machinery,Industrials,SXI
2015Q3,2015,Q3,2015-05-01,2015-03-31,12626000.0,180999000.0,17832000.0,0.99,57258000.0,0.31634428919496793,649643000.0,346312000.0,324375000.0,120362000.0,303331000.0,115482000.0,618019000.0,1039519410.0,1085368410.0,27.36130204629849,2.6949950981206694,0.1998559208673071,0.37490759777310634,0.02812597250210135,27.36130204629849,0.03645845364873294,5.743232890789452,20.582912442578806,3.0016846369747507,0.12022810074449548,1.071517639112589,0.001460290193138385,0.2786130228448548,1.5728386035459696,0.019435289843806523,198.76088145315487,0.31634428919496793,0.13793103448275862,1.6941025372484384,0.31226878777939565,0.6897935877064707,-0.026224489795918366,0.12893419170243203,0.12490537471612415,0.3665079281938155,0.1857745530725305,0.3271506255523478,Specialty Industrial Machinery,Industrials,SXI
2015Q2,2015,Q2,2015-02-03,2014-12-31,11184000.0,189337000.0,15852000.0,0.87,58800000.0,0.3105573659665042,650550000.0,346412000.0,320151000.0,123890000.0,304138000.0,113221000.0,606929000.0,977802560.0000001,1021071560.0000001,27.371365360303415,2.584155299055614,0.1934363231112136,0.3632668614251238,0.02478777499695068,27.371365360303415,0.032285255707077125,5.164350127022189,21.857174535050074,2.822657875593224,0.13581902718168812,1.1529398256507184,0.0015534833535310031,0.2910414264852817,1.5155864072967955,0.01719160710168319,64.24036265685567,0.3105573659665042,-0.23008849557522118,0.8377753085497027,0.33408747960637375,0.7246776539389301,-0.11060019361084221,-0.2314458493677845,-0.25356688797852805,3.6895052946228155,0.2101087828043731,0.4023193074660378,Specialty Industrial Machinery,Industrials,SXI
2015Q1,2015,Q1,2014-10-31,2014-09-30,14552000.0,202027000.0,21237000.0,1.13,66112000.0,0.32724338825998506,650547000.0,342971000.0,318596000.0,126272000.0,307576000.0,111491000.0,597285000.0,938019280.0,991085280.0,27.108046158710085,2.5230930055752663,0.19222131529313025,0.3646051706995635,0.0324719076732908,27.108046158710085,0.042429243288791184,4.643039197730996,16.114954645409565,2.7349813249516726,0.0868609125893348,1.2190670098931753,0.00134752027698194,0.31054942994126483,1.4765031044095287,0.022368868044891452,-51.993752009312125,0.32724338825998506,0.43037974683544283,0.46328103565085293,0.3064332352328079,0.7800147904138102,0.049963472350157224,0.44839255499153974,-0.0545365506188229,0.20153209734904928,0.1419352218413839,0.3618282886942109,Specialty Industrial Machinery,Industrials,SXI
2014Q4,2014,Q4,2014-08-28,2014-06-30,10047000.0,181562000.0,22462000.0,0.79,62966000.0,0.34680164351571363,578160000.0,340726000.0,299936000.0,141170000.0,237434000.0,97065000.0,584014000.0,935375700.0,906171700.0,27.13056633821041,2.12464404618545,0.07792998477929985,0.13223528583084354,0.04152998230831992,27.13056633821041,0.0294870365044053,5.151825271807978,23.275,2.7452430985601337,0.12580869911416342,1.221820429609025,0.0013513286693250636,0.3140341773903418,1.2952893674293404,0.017377542548775427,27.592203539823007,0.34680164351571363,-0.24038461538461536,0.7537310551347544,0.285933711981388,0.9152829200862431,0.07408355082476162,-0.24001512859304086,0.576612620200744,-0.026835443037974593,0.034554278911820564,0.3799846313642303,Specialty Industrial Machinery,Industrials,SXI
2014Q3,2014,Q3,2014-05-02,2014-03-31,13220000.0,178802000.0,14247000.0,1.04,58623000.0,0.32786546011789575,541275000.0,329079000.0,280707000.0,118557000.0,212196000.0,96042000.0,575251000.0,676179600.0,663753600.0,26.075990491283676,2.367696551026089,0.08324973442335228,0.13693064583276357,0.02933398561803971,26.075990491283676,0.04017272448257105,3.7817227995212583,12.787057488653556,2.054763749737905,0.09546142208774584,1.2513171320880447,0.0018663680477790223,0.3303348575123551,1.3603583086616564,0.02442381414253383,83.19138779527559,0.32786546011789575,0.2682926829268294,1.708478583649095,0.3334089114660366,0.6751672171927857,0.018396914738378154,0.25701245602358086,-0.06723844441534634,1.562262788040314,0.20329496298533414,0.45250968254453683,Specialty Industrial Machinery,Industrials,SXI
2014Q2,2014,Q2,2014-02-03,2013-12-31,10517000.0,172243000.0,15274000.0,0.82,57564000.0,0.3342022607595084,519916000.0,314310000.0,265008000.0,111636000.0,205606000.0,97058000.0,563319000.0,794425920.0,792425920.0,24.87810669621656,2.3738578953025904,0.08859123396856415,0.14654322166014444,0.030586873694944772,24.87810669621656,0.03346059622665521,4.612239220171502,18.88432823048398,2.527523527727403,0.12009128078349339,1.1815512374044386,0.0015898272805600299,0.331290054547273,1.2785212655415816,0.020228267643234675,62.327469009885455,0.3342022607595084,0.15492957746478872,3.7718857937834294,0.07998529546300136,0.4475615864134284,-0.026253467758305706,0.1580048447478529,0.10003601008282319,0.1549257356415861,0.09690124145352481,0.446136814453751,Specialty Industrial Machinery,Industrials,SXI
2014Q1,2014,Q1,2013-11-07,2013-09-30,9082000.0,183573000.0,13885000.0,0.71,59116000.0,0.322029928148475,515494000.0,304256000.0,260734000.0,113693000.0,211238000.0,89840000.0,554087000.0,746836200.0,750848200.0,24.199156923566374,2.2933162112003376,0.09712431182516189,0.16455550588977702,0.028761322164825198,24.199156923566374,0.029849863273033236,4.0683335784674215,20.558142479630035,2.454630968657972,0.11054833737062321,1.3853183437221728,0.0013443376204849203,0.356110837371531,1.3141794129805704,0.01761805181049634,-225.83495615361355,0.322029928148475,-0.2755102040816327,0.7803968436664682,-0.005404417283833925,0.35202541201649706,0.019065678331322188,-0.27320742637644047,-0.23763246033053315,-0.1791573334913041,0.16076165509395554,0.4520615206918638,Specialty Industrial Machinery,Industrials,SXI
2013Q4,2013,Q4,2013-08-27,2013-06-30,12496000.0,183275000.0,18213000.0,0.98,58010000.0,0.31651889237484654,510573000.0,290988000.0,258301000.0,118473000.0,219585000.0,84956000.0,546031000.0,683845470.0,682853470.0,23.14387974230494,2.1802520405493233,0.09807020739443723,0.17207582443262265,0.03861277304671653,23.14387974230494,0.042943351615874197,3.731253416996317,13.681287411971832,2.3500813435605594,0.08034571062740077,1.4744691369650171,0.0014681679473580486,0.35895944360551774,1.294235817443637,0.024474463005290135,16.286300459644192,0.31651889237484654,0.30666666666666664,1.2525532678880982,-0.0074529189112073815,0.27657541180702244,0.10388004034176324,0.3069762577136283,0.5537450946937382,0.48408210705304966,0.19681037208938176,0.5046256011550673,Specialty Industrial Machinery,Industrials,SXI
2013Q3,2013,Q3,2013-05-06,2013-03-31,9561000.0,165970000.0,11722000.0,0.75,52551000.0,0.31662951135747425,508533000.0,273043000.0,250686000.0,100504000.0,235490000.0,94652000.0,534562000.0,681347044.0799999,722034044.0799999,21.70407725180308,2.494288784525989,0.13941278147140893,0.25965141021743826,0.030322299428521552,21.70407725180308,0.03501646260845361,4.105242176778935,17.815789250078442,2.4953836724618466,0.10500993619914235,1.1982736762033555,0.001473551560432272,0.32637016673450886,1.3409914033272308,0.018801139749042836,-71.94794552059133,0.31662951135747425,-0.12790697674418602,4.677837252307427,-0.0400531178105382,0.17738807311244956,-0.06642387635459229,-0.1277255724842624,-0.2794443078436194,1.052545124653015,0.21064629555865033,0.34041174302025856,Specialty Industrial Machinery,Industrials,SXI
2013Q2,2013,Q2,2013-02-01,2012-12-31,10961000.0,168629000.0,16268000.0,0.86,56290000.0,0.3338097243060209,506975000.0,265827000.0,244368000.0,111578000.0,241148000.0,96624000.0,526027000.0,645228200.0,674175200.0,21.130922098569158,2.1901091613042,0.12243799003895656,0.2335090114999605,0.03449331512699181,21.130922098569158,0.04123358424840216,3.826318130333454,14.716453790712526,2.4272485488682487,0.09187117963689444,1.162640751780096,0.0015606881410328934,0.3326179791902954,1.1294699671978348,0.02162039548301198,63.5567572892041,0.3338097243060209,-0.06521739130434788,0.9424127961308871,-0.043717513149666015,0.14894918359794596,-0.0498776268039497,-0.07345731191885038,-0.07704527402700556,0.8120127810564619,0.19535501084818957,0.3314655177334041,Specialty Industrial Machinery,Industrials,SXI
2013Q1,2013,Q1,2012-11-01,2012-09-30,11830000.0,183386000.0,17626000.0,0.92,59245000.0,0.3230617386278124,509950000.0,255190000.0,248713000.0,120394000.0,254760000.0,91475000.0,516095000.0,560508170.0,595498170.0,20.319292937335774,2.0658255394787117,0.13098146877144817,0.26174223127865515,0.03853808179534246,20.319292937335774,0.046357615894039736,3.056439259267338,11.84505853761623,2.196434695716917,0.07404902789518174,1.357103033615742,0.0015628674957583579,0.3596156485929993,1.1230543050318122,0.023198352779684284,166.66909604519773,0.3230617386278124,-0.15596330275229361,0.9624041722529214,0.02621496271509138,0.12977314802029974,0.033926109491980945,-0.15154557842645056,-0.04852901484480432,0.1983782701445539,0.19467040696812027,0.334240090468018,Specialty Industrial Machinery,Industrials,SXI
2012Q4,2012,Q4,2012-08-28,2012-06-30,13943000.0,169800000.0,18525000.0,1.09,57301000.0,0.3374617196702002,479811000.0,242907000.0,249270000.0,116785000.0,236904000.0,73076000.0,505163000.0,534636630.0,529887630.0,19.341269209331955,2.1344350729973884,0.10420769844793054,0.20584009518046,0.04733746953973852,19.341269209331955,0.05740056894202308,3.1486256183745582,9.586111848239259,2.2009930961232076,0.06289894570752348,1.5394794460561607,0.0016403664672209235,0.3538893439291721,1.3507642248576444,0.029059358789189912,25.07206105796286,0.3374617196702002,0.535211267605634,3.533193705873784,-0.029180298399552284,0.16705695812459917,0.18963190566155252,0.5288377192982456,0.19017025377449406,1.4337399575746357,0.20260405690125777,0.3653973200423412,Specialty Industrial Machinery,Industrials,SXI
2012Q3,2012,Q3,2012-05-02,2012-03-31,9120000.0,150666000.0,15565000.0,0.71,48167000.0,0.31969389245085156,455391000.0,257566000.0,227025000.0,101265000.0,197825000.0,76158000.0,492118000.0,514592889.69,535727889.69,20.61657623445038,2.2418900903569843,0.11704227795454895,0.20693725103468624,0.03866102790989592,20.61657623445038,0.035408400177042,3.415454645971885,14.106164739309209,1.9979069042109594,0.09638157894736842,1.345873053389007,0.0017081464155665376,0.3308497532889319,1.2086505702858836,0.020026746246632015,47.149797479384276,0.31969389245085156,3.1515151515151514,6.2999998158991275,-0.045195387240771184,0.23756665676684904,-0.041834095882235925,3.2157434402332363,0.0827072899276572,1.4937163112799596,0.1349941031179458,0.3244449007699806,Specialty Industrial Machinery,Industrials,SXI
2012Q2,2012,Q2,2012-02-13,2011-12-31,-4116000.0,154868000.0,14376000.0,-0.33,50270000.0,0.3245990133533073,467598000.0,244510000.0,238697000.0,113642000.0,223088000.0,78186000.0,483899000.0,428047590.0,465602590.0,19.51863973816556,2.1004294187008323,0.13751128105766064,0.2629749294507382,0.03340788627469952,19.51863973816556,-0.016833667334669337,2.763951171320092,-25.999003279883382,1.7506342889861357,-0.21355685131195334,1.3378098380784285,0.002053509984719222,0.3311990213816141,1.0421323102374123,-0.008802432858994264,46.50163932645302,0.3245990133533073,-1.3510638297872342,-1.8214257204438413,0.06922739618730511,0.11055903317573786,-0.10211299051565542,-1.3441759344426791,-0.1298347557653895,-2.8835073895109695,-0.020663939230596944,0.1357147651556633,Specialty Industrial Machinery,Industrials,SXI
2012Q1,2012,Q1,2011-10-27,2011-09-30,11959000.0,174693000.0,16521000.0,0.94,55987000.0,0.32048794170344547,491687000.0,248681000.0,241499000.0,189463000.0,243006000.0,91052000.0,488916000.0,388907090.0,438463090.0,19.905627151204676,1.2746499316489235,0.15726468261312582,0.3109405221951014,0.03780802381194652,19.905627151204676,0.048089721369947845,2.2262316749955637,8.130008570950748,1.5638793876492372,0.06254703570532653,1.3037165575714975,0.0019233385536890058,0.35529310313268403,0.6802541921113885,0.02432238395564658,-50.42228575132893,0.32048794170344547,0.17499999999999988,-0.03307471133632867,0.1461936992321561,0.1567868866957709,0.026305176712127877,0.16445959104186952,0.12128410479163838,1.3594042619814235,-0.04745522452865806,0.11214261866888035,Specialty Industrial Machinery,Industrials,SXI
2011Q4,2011,Q4,2011-09-08,2011-06-30,10270000.0,174579000.0,14734000.0,0.8,54552000.0,0.3124774457408967,474905000.0,245613000.0,220549000.0,128137000.0,229292000.0,83578000.0,477726000.0,383160310.0,420353310.0,19.66004962779156,1.721196844002903,0.10865330960929027,0.21008659965066995,0.03622948701134543,19.66004962779156,0.041813747643650784,2.194767469168686,9.327174050632912,1.5600164079262908,0.07283349561830574,1.436107588121276,0.0019521854964570833,0.367608258493804,0.910174266605274,0.02162537770712037,12.227089702268884,0.3124774457408967,1.0,0.4759187278209131,0.1163150461415332,0.20275147265723487,0.2427556041552761,1.0176817288801572,1.1030545246931203,0.8631450736330591,-0.04849282958807429,0.08441351360240883,Specialty Industrial Machinery,Industrials,SXI
2011Q3,2011,Q3,2011-04-29,2011-03-31,5090000.0,146592000.0,7006000.0,0.4,43896000.0,0.29944335297969876,478421000.0,223507000.0,223713000.0,99805000.0,254914000.0,86839000.0,468223000.0,471730500.0,540051500.0,17.952369477911645,2.2415009268072743,0.19313533477836467,0.41340987083178604,0.017929345135760895,17.952369477911645,0.02277333595815791,3.2179825638506876,23.169474459724952,2.110584903381102,0.14715127701375247,1.1826022869908681,0.001587770983644263,0.30640795450032504,1.1782175241721358,0.010639165086816841,732.5007763975156,0.29944335297969876,-0.4366197183098591,-0.09147703562576706,-0.02612524907084428,0.16856921136338784,-0.12776695942455193,-0.43563587980929147,-0.46301831838736873,2.0543427659605618,-0.14326157115414465,-0.026132027536661058,Specialty Industrial Machinery,Industrials,SXI
2011Q2,2011,Q2,2011-01-28,2010-12-31,9019000.0,155523000.0,13047000.0,0.71,50326000.0,0.3235920088990053,443437000.0,215263000.0,210390000.0,99651000.0,228174000.0,78998000.0,463904000.0,374263830.0,420523830.0,17.20314872532566,2.111268326459343,0.15303865036070513,0.31525622145933113,0.03321094013257461,17.20314872532566,0.04189758574395042,2.4064854073030997,10.374316165872049,1.7386352043779005,0.083712163210999,1.3316413073748703,0.0020172935225934068,0.35072174852346555,1.117188989573612,0.020338853095253667,32.36456502940159,0.3235920088990053,-0.17441860465116282,0.6381145915744827,-0.0949365748055315,0.11643917750629473,-0.014413849829618894,-0.1791954859847106,-0.26037414965986394,0.6068263171758556,-0.11331827126558382,-0.06461518380140395,Specialty Industrial Machinery,Industrials,SXI
2011Q1,2011,Q1,2010-10-28,2010-09-30,10988000.0,157059000.0,17640000.0,0.86,51062000.0,0.3251134923818438,434637000.0,208090000.0,204032000.0,103251000.0,226547000.0,73932000.0,455661000.0,302045145.16,352752145.16,16.665379929657664,1.9760777135330407,0.14563877442555512,0.3041953001105291,0.0442839490587105,16.665379929657664,0.052804075159786634,1.923131722219039,6.872159291044776,1.4515120628574176,0.0566982162358937,1.4337093545420116,0.002062605573977966,0.36135671836498046,1.0514087030634085,0.025280866562211686,44.78723979240807,0.3251134923818438,0.323076923076923,0.9999998828119299,-0.08909019847577895,0.14569424140847403,0.05871863985071532,0.3140397034202344,0.44661308840413316,0.833333329482936,-0.11599634240951545,-0.07338809454890588,Specialty Industrial Machinery,Industrials,SXI
2010Q4,2010,Q4,2010-08-27,2010-06-30,8362000.0,152081000.0,12194000.0,0.65,48230000.0,0.3171336327351872,446279000.0,192063000.0,217035000.0,101516000.0,254216000.0,69554000.0,445313000.0,316529327.40000004,376199327.40000004,15.381819719495603,2.137938847078293,0.20906204414727111,0.4857781040596054,0.03201959622376682,15.381819719495603,0.04353779749353077,2.081320660700548,9.463325980626644,1.6480494806391655,0.08155943554173643,1.4930988871955604,0.0021546186749961164,0.3407756134615342,1.2784585681074905,0.018737157697314908,-33.431487896070976,0.3171336327351872,0.8055555555555557,0.3420607364186782,-0.13897921134943167,0.08110185833610555,0.16810772845067692,0.8174309932623343,0.8078576723498888,1.734495935201198,-0.12542929878694575,-0.07185720140878206,Specialty Industrial Machinery,Industrials,SXI
2010Q3,2010,Q3,2010-04-29,2010-03-31,4601000.0,135411000.0,6745000.0,0.36,41289000.0,0.3049161441832643,424038000.0,201203000.0,191482000.0,96876000.0,222835000.0,74495000.0,437643000.0,320218020.0,372615020.0,16.192097215515854,1.9765679838143606,0.15281649286148882,0.3220627923042897,0.01892893240610072,16.192097215515854,0.022867452274568472,2.3647858741165786,17.39937078895892,1.5915171244961555,0.12279939143664421,1.2634673468017987,0.0017644228766388601,0.3193369462170843,0.9990812998059375,0.010850442649007872,104.16981782693559,0.3049161441832643,-0.23404255319148934,-0.07431997424754547,-0.2123988935957205,0.08531983354880662,-0.07622606049758368,-0.2272421901242862,-0.3431687603466745,2.702720103009818,-0.1372323844705393,-0.02802485780520398,Specialty Industrial Machinery,Industrials,SXI
2010Q2,2010,Q2,2010-01-28,2009-12-31,5954000.0,138853000.0,10269000.0,0.47,44696000.0,0.32189437750714783,423215000.0,196512000.0,187540000.0,92919000.0,226703000.0,76149000.0,433624000.0,248759965.02,304130965.02,15.870423842850242,2.018317028810039,0.16020226126200632,0.3450170981924768,0.026377140635079125,15.870423842850242,0.030298404168702164,1.7915346807054944,10.445077469768222,1.2658767150097703,0.10228417870339268,1.2364837358336944,0.002448143132481294,0.3280909230532944,0.9826515567322076,0.014068499462448165,15.14151591819344,0.32189437750714783,-0.39743589743589747,-0.09273867273458904,-0.17366710983608313,0.11866922385990684,-0.09132308693177198,-0.39133101615211613,-0.21358554143054068,0.20212128979820998,-0.03013746645529398,-0.0970148127411765,Specialty Industrial Machinery,Industrials,SXI
2010Q1,2010,Q1,2009-10-29,2009-09-30,9782000.0,152109000.0,13058000.0,0.78,49188000.0,0.3233733704120072,443851000.0,189525000.0,201542000.0,101630000.0,254326000.0,76819000.0,428305000.0,246782644.61999997,326028644.62,15.22911287293749,1.9830955426547279,0.19668762715415758,0.46062524732884846,0.03198995564408303,15.22911287293749,0.0516132436354043,1.6224065940871346,6.307060024023717,1.30211130257222,0.06481292169290534,1.3397857300928155,0.002569062346244987,0.3427028439724142,0.9636229459805176,0.022038927477914885,36.85523366487455,0.3233733704120072,0.6956521739130435,0.5412234209412001,-0.07336794447680908,0.08812447217134733,0.19165637037575406,0.7230931830192003,0.4150411790203728,-0.2060364743597306,0.001872059671403653,-0.11498201319631941,Specialty Industrial Machinery,Industrials,SXI
2009Q4,2009,Q4,2009-06-30,2009-06-30,5677000.0,139911000.0,9228000.0,0.46,41277000.0,0.2950232647897592,433709000.0,176286000.0,184705000.0,99247000.0,257423000.0,75634000.0,419157000.0,144361002.4,229677002.4,14.165304798410018,1.8610638104930124,0.2174268922249711,0.5349261994713137,0.028114140813562012,14.165304798410018,0.03220335137220199,1.0318059509259458,6.357275074863484,0.818902252022282,0.10921261229522636,1.3040960414628342,0.004294788687335965,0.32259187611970236,0.9376908118129516,0.013089421709026099,11.40742808376136,0.2950232647897592,1.3108108108108107,9.11535266124821,-0.045186876193920957,0.055574374333435476,0.28990625,1.3114951989026062,1.462672348959639,-0.18099654410155225,-0.10190665596603872,-0.13340293999857666,Specialty Industrial Machinery,Industrials,SXI
2009Q3,2009,Q3,2009-03-31,2009-03-31,-18225000.0,130970000.0,-19945000.0,-1.48,32000000.0,0.24433076277010002,446168000.0,191869000.0,196498000.0,104858000.0,254299000.0,87584000.0,414240000.0,113399199.99999999,208770200.0,15.566201525231218,1.8739438097236263,0.24565410338706498,0.5712387097446695,-0.056140923186795866,15.566201525231218,-0.09498668362268006,0.8658410322974726,-1.5555445816186557,0.5910240841407418,-0.1421124828532236,1.1300009134088418,0.022839667299240207,0.2935441358412078,0.8708157698983388,-0.04084784206845852,5.41931660692951,0.24433076277010002,-9.705882352941176,-6.280649687201937,-0.1477790209242333,0.13296252650168558,-0.29793769197016234,-9.480688692415077,-4.331384666778019,-4.285737406071197,-0.12115587926944907,0.013246962337978157,Specialty Industrial Machinery,Industrials,SXI
2009Q2,2009,Q2,2008-12-31,2008-12-31,2149000.0,155510000.0,5987000.0,0.17,45580000.0,0.293100122178638,499186000.0,211717000.0,223627000.0,111246000.0,287469000.0,96850000.0,435097000.0,244408960.0,358863960.0,17.18621641366994,2.010202614026572,0.264370395003065,0.6233320895346146,0.013807017347021089,17.18621641366994,0.010150342202090526,1.5716607292135554,28.432871102838533,1.1544134859269686,1.2056770590972545,1.135054207537429,0.010601084346498589,0.3115271662266169,0.96285709149093,0.0043050085539257914,51.41122423222549,0.293100122178638,-0.575,-0.3984621321673333,0.044073783319032216,0.27486127487781664,-0.2020028712489933,-0.5696836203444133,-0.4431215700865036,-0.6035318569015109,-0.08076045214635749,0.1153403149433986,Specialty Industrial Machinery,Industrials,SXI
2009Q1,2009,Q1,2008-09-30,2008-09-30,4994000.0,180695000.0,10751000.0,0.4,57118000.0,0.316101718365201,521228000.0,220312000.0,239924000.0,118008000.0,300916000.0,94841000.0,435566000.0,341574750.0,456869750.0,17.8984482898692,2.033116398888211,0.2631420414866431,0.6225580086422892,0.02176504521334275,17.8984482898692,0.02266785286321217,1.8903386922715073,17.099256607929515,1.550413731435419,0.5172206647977573,1.3029913223184066,0.007562034371685847,0.34667170604802505,1.0759016337875398,0.009581219734933658,-70.82205059091852,0.316101718365201,-0.09090909090909087,0.12699827074068704,0.1813384724510488,0.34185260166190684,0.0739494218294632,-0.08046400294605045,0.07167065390749601,-0.07791049918757893,0.063094575557052,0.2304639451608185,Specialty Industrial Machinery,Industrials,SXI
2008Q4,2008,Q4,2008-08-29,2008-06-30,5431000.0,180774000.0,10032000.0,0.44,53185000.0,0.29420713155652917,523034000.0,223158000.0,236683000.0,147740000.0,299876000.0,87619000.0,433435000.0,255288659.99999997,361296660.0,18.129661223495003,1.6020238256396373,0.25746892171445834,0.6034513662965253,0.017722953818614814,18.129661223495003,0.024337016822161876,1.4121978824388461,11.751457374332535,1.1439816632161965,0.47541889154851774,1.4561795957497803,0.010114041101551476,0.34562571458069646,0.8981656964938405,0.010383646187437146,12.781688279176887,0.29420713155652917,2.3846153846153846,0.20278210862654758,0.2697721605635188,0.3597575095892253,0.11309934911366443,2.29951397326853,0.48095659875996455,-0.11579079887208955,0.03821635273077154,0.2742322298110512,Specialty Industrial Machinery,Industrials,SXI
2008Q3,2008,Q3,2008-05-07,2008-03-31,1646000.0,169002000.0,6774000.0,0.13,47781000.0,0.28272446479923313,537566000.0,226684000.0,235906000.0,142767000.0,310882000.0,100309000.0,430588000.0,274714980.0,402291980.0,18.434089615353336,1.6523846547171266,0.2750173932131124,0.6521854211148559,0.01215469395534193,18.434089615353336,0.007261209436925412,1.6255131891930272,41.724632442284324,1.2118851793686367,1.56865127582017,1.2084758097478792,0.009398832200559286,0.3143837221848108,0.835361112862216,0.003061949602467418,67.79737907206318,0.28272446479923313,-0.7111111111111111,0.029644490299227718,0.18323670003819534,0.1788801101144686,-0.06834223764770113,-0.701378809869376,-0.39930832668262833,-0.6653655363096691,-0.0067092465872036445,0.23559553816090897,Specialty Industrial Machinery,Industrials,SXI
2008Q2,2008,Q2,2008-02-06,2007-12-31,5512000.0,172245000.0,11277000.0,0.45,51286000.0,0.29775029754129295,530079000.0,225995000.0,227703000.0,136492000.0,304084000.0,95828000.0,431524000.0,214425600.0,343545600.0,18.391520182291668,1.6682516191425139,0.2786509180707027,0.6535852563109803,0.020064245664764304,18.391520182291668,0.02438992013097635,1.2448872245928764,9.725399129172715,0.9488068320095576,0.4682510885341074,1.2622511165838795,0.01203680903772684,0.3249421312672262,0.8398074612431498,0.010398450042352177,827.8980694980695,0.29775029754129295,-0.062499999999999944,0.546785222990504,0.14712297797958088,0.219941365168645,0.03409617905030749,-0.0690761695659517,0.03973815231421722,-0.1536458552796739,0.03291775648788742,0.2963754346861255,Specialty Industrial Machinery,Industrials,SXI
2008Q1,2008,Q1,2007-11-07,2007-09-30,5921000.0,175520000.0,10846000.0,0.48,49595000.0,0.28256039197812216,548455000.0,221856000.0,244128000.0,124607000.0,326599000.0,93985000.0,428591000.0,269282153.10999995,397845153.10999995,17.985285783204574,1.9591836734693877,0.28228751675160224,0.6978490552430405,0.01838875154570562,17.985285783204574,0.0266884826193567,1.5341964055948039,11.369791973906434,1.2137699819252126,0.43455497382198954,1.3398414640634144,0.009555033522585311,0.3200262555724718,1.0621875175551936,0.01079578087536808,25.60933458012363,0.28256039197812216,1.0,0.2631578496478042,0.17332377679918862,0.19222552774919538,0.036728124085455074,0.9599470374048328,0.5070168125607892,-0.058823516985601204,0.07874074643456437,0.2850538152144828,Specialty Industrial Machinery,Industrials,SXI
2007Q4,2007,Q4,2007-09-11,2007-06-30,3021000.0,171790000.0,7197000.0,0.24,47838000.0,0.2784678968508062,539900000.0,204431000.0,236329000.0,120330000.0,335469000.0,91301000.0,426171000.0,350819259.48,495082259.48,16.572686598272277,1.9640073132219729,0.31176143730320427,0.823358492596524,0.01298296307598628,16.572686598272277,0.014777602222754866,2.04214016811223,29.031716276067527,1.7160766198864164,0.8510427010923535,1.3576193031839738,0.007328560022077611,0.3181885534358215,1.081800049862877,0.0055954806445638085,75.05760793324775,0.2784678968508062,1.3999999999999997,-0.3973300740165522,0.17795339145765712,0.12726460925589642,0.10124309392265193,1.375,0.4978147762747138,5.356896996459241,0.1827758896721838,0.23496836361466417,Specialty Industrial Machinery,Industrials,SXI
2007Q3,2007,Q3,2007-05-09,2007-03-31,1272000.0,160663000.0,4805000.0,0.1,43440000.0,0.27037961447252945,552285000.0,211902000.0,226110000.0,113143000.0,340383000.0,92829000.0,425721000.0,362647200.0,510105200.0,16.658962264150944,1.9984444464085274,0.3003992503870284,0.7829373955885268,0.011261134066455646,16.658962264150944,0.006002774867627488,2.2571917616377135,71.275,1.711391114760597,2.0220125786163523,1.2627842592293357,0.007092292453933189,0.2909059634065745,1.0257108261226944,0.0023031586952388713,37.97352879581152,0.27037961447252945,-0.736842105263158,-0.6551724157146838,0.1421202114797968,0.182371970042494,0.12922093113935895,-0.7359900373599004,-0.39246428119863447,-0.6428571300715991,0.013051018898157489,0.21249747056762083,Specialty Industrial Machinery,Industrials,SXI
2007Q2,2007,Q2,2007-02-08,2006-12-31,4818000.0,139268000.0,7909000.0,0.38,38469000.0,0.276222822184565,443162000.0,211697000.0,212135000.0,97615000.0,231465000.0,85448000.0,427021000.0,,,,,,,,,,,,,,,,,,,,,,,,,,,,,,,Specialty Industrial Machinery,Industrials,SXI
2007Q1,2007,Q1,2006-11-07,2006-09-30,12131000.0,149490000.0,10186000.0,0.98,43057000.0,0.28802595491337213,449515000.0,210855000.0,219229000.0,101904000.0,238660000.0,77846000.0,424773000.0,,,,,,,,,,,,,,,,,,,,,,,,,,,,,,,Specialty Industrial Machinery,Industrials,SXI
