Year,Date,FillingDate,NetIncome,Revenue,OperatingIncome,EPSDiluted,GrossProfit,GrossProfitRatio,TotalAssets,CommonStockEquity,CurrentAssets,CurrentLiability,TotalLiability,Inventory,RetainedEarnings,EnterpriseValue,bookValuePerShare,currentRatio,debtToAssets,debtToEquity,roic,shareholdersEquityPerShare,roe,priceToSalesRatio,peRatio,pbRatio,payoutRatio,inventoryTurnover,dividendYield,assetTurnover,quickRatio,returnOnAssets,priceToFreeCashFlowsRatio,grossProfitMargin,epsdilutedGrowth,fiveYNetIncomeGrowthPerShare,fiveYRevenueGrowthPerShare,fiveYShareholdersEquityGrowthPerShare,grossProfitGrowth,netIncomeGrowth,operatingIncomeGrowth,threeYNetIncomeGrowthPerShare,threeYRevenueGrowthPerShare,threeYShareholdersEquityGrowthPerShare,Industry,Sector,Price,MarketCap,AvgVolume,Symbol
2022,2022-06-30,2022-08-05,61393000.0,735339000.0,88294000.0,5.06,269946000.0,0.367104152,934439000.0,499343000.0,378998000.0,150768000.0,435096000.0,105339000.0,901421000.0,1124389720.0,41.702271588441626,2.5137827655735965,0.22909788653941027,0.4287193372090927,0.08966450561692771,41.702271588441626,0.12294755308475337,1.3805275118006797,16.535365921196227,2.032982779372095,0.1995178603423843,4.418050294762623,0.012066129125490224,0.786930982118683,1.5152353284516609,0.06570038279652284,18.860301346957733,0.3671041519625642,0.7037037037037035,0.3952307882031006,0.029893923693464542,0.2925067339897852,0.11889613323330335,0.683245140240726,0.4923349953519817,0.3661937178139999,-0.024499405997147755,0.1293337962819586,Specialty Industrial Machinery,Industrials,136.27,1621980929,69242,SXI
2021,2021-06-30,2021-08-13,36473000.0,656232000.0,59165000.0,2.97,241261000.0,0.3676458935,962223000.0,506425000.0,374366000.0,143709000.0,455798000.0,91862000.0,852489000.0,1245889960.0,41.6604968739717,2.605028216743558,0.24574760736336587,0.46692797551463694,0.05605596704049741,41.6604968739717,0.07202053611097399,1.7581068280729986,31.63232966852192,2.2781773411660167,0.31390343541798044,4.517330343341099,0.009923500377854028,0.6819957535831092,1.8022531643807973,0.03790493471887494,18.659646773410966,0.3676458935254605,-0.10271903323262835,-0.26903303453850014,-0.0890893497165346,0.4280999282507228,0.11977443085563111,-0.11071829131516067,-0.022518503832936822,0.040848621330347654,-0.21061072282792612,0.17349347110259142,Specialty Industrial Machinery,Industrials,136.27,1621980929,69242,SXI
2020,2020-06-30,2020-08-25,41014000.0,604535000.0,60528000.0,3.31,215455000.0,0.3563978926,930878000.0,461632000.0,331997000.0,122877000.0,469246000.0,85031000.0,827656000.0,825880200.0,37.45796819214541,2.7018644660921085,0.2529257324805184,0.5100231353112435,0.06260052831355116,37.45796819214541,0.08884566061278247,1.1732094915927118,17.292782952162675,1.5363887252183557,0.2585946262251914,4.575742964330656,0.014953904582076015,0.6494245217955521,1.8324015071982551,0.044059479330266695,27.574596633101358,0.3563978925951351,-0.11497326203208559,-0.23066765258426325,-0.19603945967273692,0.3599293899979923,-0.19624337834813102,-0.13085676746699443,-0.22516225661507738,-0.09437816195506796,-0.17735225878937244,0.1609601656170196,Specialty Industrial Machinery,Industrials,136.27,1621980929,69242,SXI
2019,2019-06-30,2019-08-27,47189000.0,791579000.0,78117000.0,3.74,268060000.0,0.3386396051,921889000.0,464313000.0,333873000.0,141615000.0,457576000.0,88645000.0,818282000.0,1032048980.0,36.92643550182917,2.357610422624722,0.21435335490498314,0.4255965264810591,0.08487679329859747,36.92643550182917,0.1016318733268291,1.1718147904378464,19.656783996270317,1.9977557811217865,0.20822649346245947,5.905792768909696,0.010593110933200894,0.8586489262807128,1.5136532147018325,0.051187290443860375,23.797018394520126,0.3386396051436433,0.3076923076923078,0.10705099915160206,0.11150619894379529,0.3703937910170592,-0.1117988343312315,0.289176046333734,-0.07046728304715667,-0.08570936099477498,0.06225766914798353,0.265818793526303,Specialty Industrial Machinery,Industrials,136.27,1621980929,69242,SXI
2018,2018-06-30,2018-08-28,36604000.0,868382000.0,84039000.0,2.86,301801000.0,0.34754405319317994,916937000.0,450795000.0,383959000.0,161341000.0,466142000.0,127223000.0,761430000.0,1381905600.0,35.50126004095133,2.379798067447208,0.21132531460721948,0.4298450515200923,0.061824940573704495,35.50126004095133,0.08119877106001619,1.4944294100983209,35.45338214402798,2.8787710600161938,0.24281499289695116,4.453447882851371,0.006848852724699854,0.947046525551919,1.525824186040746,0.039919863632943156,33.80752357630386,0.34754405319317994,-0.2164383561643836,-0.19262674456024362,0.2249564201623137,0.5324732544791869,0.19405034143871117,-0.21357825760017188,0.29239073601328697,-0.3336125956472155,0.12083184942826723,0.2888901678808822,Specialty Industrial Machinery,Industrials,136.27,1621980929,69242,SXI
2017,2017-06-30,2017-08-28,46545000.0,755258000.0,65026000.0,3.65,252754000.0,0.3346591495886174,867676000.0,408664000.0,360884000.0,159964000.0,459012000.0,119401000.0,716605000.0,1252216200.0,32.2646455076583,2.2560326073366506,0.22125309447305216,0.46976489242996694,0.08141964342428809,32.2646455076583,0.11389552297241744,1.5210778303573083,24.681624234611668,2.8111265000097876,0.16869695993124934,4.208540966993576,0.006834921329637671,0.870437813192943,1.363400515115901,0.0536432954236374,31.056370468492336,0.3346591495886174,-0.10539215686274514,0.4883499432982189,0.17605778595683572,0.6625974871838151,0.0019861012554855642,-0.10586675887505763,-0.07559990901853747,0.08401142888230695,0.0528025579751319,0.19738797617958992,Specialty Industrial Machinery,Industrials,136.27,1621980929,69242,SXI
2016,2016-06-30,2016-08-25,52056000.0,751586000.0,70344000.0,4.08,252253000.0,0.3356275928503192,690457000.0,369959000.0,355849000.0,134107000.0,320498000.0,105402000.0,678002000.0,1018039660.0,29.171976029017504,2.6534707360540466,0.13341019064185025,0.2489843469141175,0.11603458393703776,29.171976029017504,0.14070748380225917,1.3942697974682872,20.13050676194867,2.8325129541381613,0.13151221761180268,4.737414849813097,0.0065329809709704515,1.0885341158102533,1.6948183167172481,0.07539354369642136,16.773864869623676,0.3356275928503192,-0.04449648711943783,0.4453223027959328,0.1645302830631186,0.4790892483431409,0.019261695611064868,-0.04908390113804505,-0.10553888408524491,0.14964612565343974,0.06153930989643209,0.2592587697791278,Specialty Industrial Machinery,Industrials,136.27,1621980929,69242,SXI
2015,2015-06-30,2015-08-27,54743000.0,772142000.0,78644000.0,4.27,247486000.0,0.32051876468318,660341000.0,348570000.0,335402000.0,138791000.0,311771000.0,108305000.0,632864000.0,1018417150.0000001,27.544053733702093,2.416597618001167,0.15602696182729833,0.2955819491063488,0.1263881309950475,27.544053733702093,0.15705023381243366,1.310010529151374,18.477506713187076,2.901896749576843,0.10631496264362567,4.844245418032409,0.005753750454207684,1.1693079787564304,1.493994567371083,0.08290110715524251,24.386762862240225,0.32051876468318,0.27462686567164163,0.8750811172169998,0.31215934714750654,0.7840397601164932,0.03868316902324683,0.2770727383007512,0.19396368494564886,0.7520155181716623,0.20339398841233697,0.4193453485685843,Specialty Industrial Machinery,Industrials,136.27,1621980929,69242,SXI
2014,2014-06-30,2014-08-28,42866000.0,716180000.0,65868000.0,3.35,238269000.0,0.33269429473037504,578160000.0,340726000.0,299936000.0,141170000.0,237434000.0,97065000.0,584014000.0,912583534.24,26.945857273932653,2.12464404618545,0.07792998477929985,0.13223528583084354,0.12527602419652953,26.945857273932653,0.12580783386063876,1.3150151278170292,21.970501895208326,2.7640612522672177,0.11181355853123688,4.923618193993716,0.005089258272958386,1.2387228448872285,1.2952893674293404,0.07414210599142106,18.298862071618707,0.33269429473037504,-0.0455840455840455,8.73083056441743,0.14995504980226507,0.8840670090562714,0.05383996178614394,-0.04419372101320014,0.03194472731830359,0.19366194764694405,0.11293236629211266,0.3662196808888887,Specialty Industrial Machinery,Industrials,136.27,1621980929,69242,SXI
2013,2013-06-30,2013-08-27,44848000.0,701260000.0,63829000.0,3.51,226096000.0,0.3224139406211676,510573000.0,290988000.0,258301000.0,118473000.0,219585000.0,84956000.0,546031000.0,682200790.0,23.165989968951518,2.1802520405493233,0.09807020739443723,0.17207582443262265,0.13852171962888996,23.165989968951518,0.1541231940836048,0.9742360750648832,15.23351743667499,2.347838364468638,0.08675972172672138,5.593059936908517,0.0056953177155162895,1.3734764666365045,1.294235817443637,0.08783856568992093,14.841047703871052,0.3224139406211676,0.4504132231404958,1.3708259092710233,-0.01627812064954849,0.2759263961336054,0.08447650659043379,0.45115677074906974,-0.011628987302570455,0.547649033745324,0.20062229447562716,0.5004707581041475,Specialty Industrial Machinery,Industrials,136.27,1621980929,69242,SXI
2012,2012-06-30,2012-08-28,30905000.0,634640000.0,64580000.0,2.42,208484000.0,0.3285075003151393,479811000.0,242907000.0,249270000.0,116785000.0,236904000.0,73076000.0,505163000.0,528099690.0,19.406167612047614,2.1344350729973884,0.10420769844793054,0.20584009518046,0.16463225589465216,19.406167612047614,0.12722976283104234,0.8396077933946805,17.24150428733215,2.1936325013276687,0.10946448794693416,5.831682084405276,0.006348894279912746,1.3226874748598927,1.3507642248576444,0.06441077841066586,15.797470797509636,0.3285075003151393,-0.12635379061371843,0.4189897168905933,-0.0035988760426262966,0.15888190583418088,0.043275485898436716,-0.12616280713659625,0.23180803784309612,6.630603692576616,0.0294354856068949,0.356888363149081,Specialty Industrial Machinery,Industrials,136.27,1621980929,69242,SXI
2011,2011-06-30,2011-09-08,35367000.0,633753000.0,52427000.0,2.77,199836000.0,0.3153215842765241,474905000.0,245613000.0,220549000.0,128137000.0,229292000.0,83578000.0,477726000.0,419131693.23,19.722931568663366,1.721196844002903,0.10865330960929027,0.21008659965066995,0.12725955866687821,19.722931568663366,0.14399482112103187,0.6026617518654744,10.799295762433909,1.555042661544788,0.0812904685158481,5.19176098973414,0.007527386072582861,1.3344837388530337,0.910174266605274,0.07447173645255367,7.594875484300742,0.3153215842765241,0.22566371681415942,0.5026455601836956,0.05631061011679314,0.20575543204803987,0.08960049726558453,0.232342590334158,0.24040600009463872,0.8858152371409566,-0.10327841179970437,0.08629111172551036,Specialty Industrial Machinery,Industrials,136.27,1621980929,69242,SXI
2010,2010-06-30,2010-08-27,28699000.0,578454000.0,42266000.0,2.26,183403000.0,0.31705719037295965,446279000.0,192063000.0,217035000.0,101516000.0,254216000.0,69554000.0,445313000.0,375024000.0,15.439147909967845,2.137938847078293,0.20906204414727111,0.4857781040596054,0.1051183474858458,15.439147909967845,0.14942492827874188,0.5451669449947619,10.988327119411828,1.6419299917214665,0.08676260496881424,5.679773988555654,0.00789588843014517,1.296171229208634,1.2784585681074905,0.0643073055196413,18.848484848484848,0.31705719037295965,6.136363636363636,0.19533344893623292,-0.1450061013824572,0.07735874998669791,0.04221054127006677,6.309713228492137,6.019764158777612,0.32585837556094505,-0.08619092244837968,-0.07801738539804963,Specialty Industrial Machinery,Industrials,136.27,1621980929,69242,SXI
2009,2009-06-30,2009-06-30,-5405000.0,607086000.0,6021000.0,-0.44,175975000.0,0.2898683217863696,433709000.0,176286000.0,184705000.0,99247000.0,257423000.0,75634000.0,419157000.0,228297600.0,14.301963329547299,1.8610638104930124,0.2174268922249711,0.5349261994713137,0.14208014697230695,14.301963329547299,-0.03066040411603871,0.2355211617464412,-26.453580018501388,0.8110774536832193,-1.5511563367252543,5.699962979612343,0.058636915519199674,1.3997542130783545,0.9376908118129516,-0.012462273090943467,4.266706454596998,0.2898683217863696,-1.2953020134228188,-1.5040275507291578,0.03969291085270909,0.06605353510482755,-0.1281762919438981,-1.2920043219881145,-0.8453338128387577,-1.2320126939849791,0.02230279962585739,-0.1256538150265353,Specialty Industrial Machinery,Industrials,136.27,1621980929,69242,SXI
2008,2008-06-30,2008-08-29,18510000.0,697541000.0,38929000.0,1.49,201847000.0,0.28936937040259997,523034000.0,223158000.0,236683000.0,147740000.0,299876000.0,87619000.0,433435000.0,360923340.0,18.156211862338296,1.6020238256396373,0.25746892171445834,0.6034513662965253,0.07053705882273036,18.156211862338296,0.08294571559164358,0.36544853994245496,13.771763371150728,1.142308767778883,0.5574284170718531,5.657380248576222,0.040476183190858585,1.3336437019390708,0.8981656964938405,0.03538966874046429,7.325363947239862,0.28936937040259997,-0.1286549707602339,0.28716233879831154,0.19455223506883465,0.35599863735365617,0.16806902617994954,-0.12861312494115432,0.293451174535668,-0.21969949374374462,0.043511136499949636,0.2669581139172584,Specialty Industrial Machinery,Industrials,136.27,1621980929,69242,SXI
TTM,,,,,,,,,,,,,,,,1656547929.0,51.27000254000508,3.5284905848208474,0.2067318301467459,0.3465461151019734,0.09612232859891931,51.27000254000508,0.24852681091251175,2.1994154652455724,12.184575674529874,2.657889472380481,0.09690215910123247,4.395824562746374,0.008072209583914287,0.7264985892848699,2.2946235076998476,0.1301286193906341,30.965653474608626,0.3770048545005831,,,,,,,,,,,Specialty Industrial Machinery,Industrials,136.27,1621980929,69242,SXI
