Quarters,Year,Quarter,FillingDate,Date,NetIncome,Revenue,OperatingIncome,EPSDiluted,GrossProfit,GrossProfitRatio,TotalAssets,CommonStockEquity,CurrentAssets,CurrentLiability,TotalLiability,Inventory,RetainedEarnings,MarketCap,EnterpriseValue,bookValuePerShare,currentRatio,debtToAssets,debtToEquity,roic,shareholdersEquityPerShare,roe,priceToSalesRatio,peRatio,pbRatio,payoutRatio,inventoryTurnover,dividendYield,assetTurnover,quickRatio,returnOnAssets,priceToFreeCashFlowsRatio,grossProfitMargin,epsdilutedGrowth,fiveYNetIncomeGrowthPerShare,fiveYRevenueGrowthPerShare,fiveYShareholdersEquityGrowthPerShare,grossProfitGrowth,netIncomeGrowth,operatingIncomeGrowth,threeYNetIncomeGrowthPerShare,threeYRevenueGrowthPerShare,threeYShareholdersEquityGrowthPerShare,Industry,Sector,Symbol
2023Q1,2023,Q1,2023-05-15,2023-03-31,-4478795.0,93471.0,-1371650.0,-0.45,47563.0,0.5088530132,32843646.0,-19469710.0,964560.0,17529207.0,52313356.0,0.0,-591376156.0,15577905.72,49724069.72,-1.9747289753144044,0.05502587766805424,1.0571646339142737,-1.783341457063305,-0.17169269652499833,-1.9747289753144044,0.23003912230844734,166.6603087588664,-0.8695366566230426,-0.8001097972183459,0.0,0.0,0.0,0.002845938602553444,0.032801084498574294,-0.13636716824922543,-14.336124915908888,0.5088530132340512,0.8780487804878049,0.9989292360280203,-0.9998120637110288,0.9980848324427647,-0.49142991563572597,0.8897595849001181,-0.16828738345020608,-290.9861993774362,39.139508272366726,-284.1766573336471,Oil & Gas E&P,Energy,CEI
2022Q4,2022,Q4,2023-03-17,2022-12-31,-40627523.0,130689.0,-1174069.0,-3.69,93523.0,0.7156149332,34696714.0,-17123633.0,1223429.0,17831042.0,51820347.0,0.0,-589030080.0,22220000.0,54981164.0,-1.556693909090909,0.06861231104721754,0.9778378436643885,-1.9813412258952292,-0.13581107425227695,-1.556693909090909,2.372599494511474,170.02196053225597,-0.13672996997626463,-1.2976218306010179,0.0,0.0,0.0,0.0037666102905306825,0.06542500432672414,-1.170932872778673,8.055955170893565,0.715614933161934,0.2064516129032259,0.9999997508369488,-0.9999999944888642,0.9999999340789966,-0.10680381257998586,0.10393107766632047,0.03900635495414676,0.8940215640928145,-0.9925841931244657,-1.0296634939564109,Oil & Gas E&P,Energy,CEI
2022Q3,2022,Q3,2022-11-14,2022-09-30,-45339730.0,158508.0,-1221724.0,-4.65,104706.0,0.660572337,37518753.0,-33079090.0,2597771.0,37424116.0,70597843.0,0.0,-568129284.0,95099998.5,125761059.5,-3.391389406804249,0.06941435837789729,0.8826719001028632,-1.001138453325046,-63.18103169064717,-3.391389406804249,1.3706462299900029,599.9697081535317,-0.5243745303511953,-2.8749278925145765,0.0,0.0,0.0,0.004224767278379428,0.06561779575501529,-1.2084551424190457,-100.75326415154308,0.6605723370429253,-4.604651162790698,0.9999993900637248,-0.9999999890349263,0.9999998258269174,-0.17823507251836504,-5.462888996639328,-0.2605385015394012,-1084.4433292606316,-0.9748630675635443,-6.282911675637563,Oil & Gas E&P,Energy,CEI
2022Q2,2022,Q2,2022-08-12,2022-06-30,10159278.0,171651.0,-969208.0,1.29,127416.0,0.7422968698,44816344.0,-28444596.0,2433295.0,40899578.0,73260940.0,0.0,-544848557.0,157015939.75,187122098.75,-3.598691320382331,0.0594943791351588,0.7208472203801363,-1.1357425150281621,-0.5549774661364844,-3.598691320382331,-0.35716021419323374,914.7394407839162,3.863855771788113,-5.520062220254419,0.0,0.0,0.0,0.00383009823380506,0.05393605772656138,0.22668689797632757,-155.85636836933216,0.7422968698114197,1.0591200733272228,1.0000003361905783,-0.9999999885870772,0.9999997295287346,0.5137035937035938,1.0750907222847592,0.04752601543482555,1.0008133531351098,-0.9998602348680659,-1.000541453919266,Oil & Gas E&P,Energy,CEI
2022Q1,2022,Q1,2022-05-20,2022-03-31,-135293385.0,136407.0,-1017569.0,-21.82,84175.0,0.6170870996,48324248.0,-68185830.0,4525985.0,84952218.0,116510078.0,0.0,-549443592.0,262406408.025,289702931.025,-10.998074614378503,0.05327683145365316,0.651919942965279,-0.46202474913042785,0.05506596328937546,-10.998074614378503,1.9841862304821984,1923.701921638919,-0.4848840318855945,-3.848400877792351,0.0,0.0,0.0,0.0028227443911801793,0.04959731598767674,-2.799699749078351,-48.39335906350072,0.6170870996356492,-1.3491758681389021,0.999271376529357,-0.9999798143519232,0.9977627110035024,-0.12092445224220398,-1.8724789936220474,0.2873762447309686,-13.473735368312552,-0.8465212844295049,-2.3666876147104325,Oil & Gas E&P,Energy,CEI
2021Q4,2021,Q4,2022-05-20,2021-12-31,155067785.0,135140.0,-1427919.0,62.49,95754.0,0.7085540921,46404080.0,-71813552.0,5935604.0,96664577.0,118217632.0,0.0,-481288115.0,105465662.5,121111280.5,-28.939048858674738,0.06140412738784343,0.4633213286417918,-0.29938638879747936,0.05728834199741296,-28.939048858674738,-2.1593108916266948,780.4178074589315,0.17003154862242986,-1.4686038994422668,0.0,0.0,0.0,0.002912243923379151,0.06081618709198924,3.341684287243708,-87.13239637576451,0.7085540920526862,1.3830687182002084,1.0002603261994232,-0.9999992020052896,-1.000036475596152,0.5290304036791007,1.2935829299089947,-0.5515698039565101,1.0031611495072779,-0.9999540284282541,-1.0004097479562846,Oil & Gas E&P,Energy,CEI
2021Q3,2021,Q3,2022-05-20,2021-09-30,-528190740.0,103191.0,-920306.0,-163.13,62624.0,0.6068746305,32779361.0,-165531949.0,5316843.0,177758708.0,198311310.0,0.0,-558108048.0,618429350.0,633764561.0,-51.12403261423476,0.029910450294226936,0.625393521246494,-0.12384316214388318,0.012669005385772102,-51.12403261423476,3.190868851547202,5993.055111395373,-0.2927111851676915,-3.7360120130042085,0.0,0.0,0.0,0.003148047943948633,0.02911114768003377,-16.11351545260446,-696.2060037037662,0.606874630539485,-2.3603235490326884,0.999968941862537,-0.9999993230570958,-1.0000547521461145,-0.011522555797581841,-5.16224379795692,0.24827262294211583,-1.0001570733901248,-0.9999981495202287,-1.001046237819312,Oil & Gas E&P,Energy,CEI
2021Q2,2021,Q2,2022-05-20,2021-06-30,126900481.0,97238.0,-1224255.0,119.92,63354.0,0.651535408,25004945.0,-30449397.0,2280407.0,34902407.0,55454342.0,0.0,-293552526.0,34863222.625,53310148.625,-28.774029152590423,0.06533666861428783,0.8198378360760241,-0.6732481434689823,0.248493629450789,-28.774029152590423,-4.167586011637603,358.53496189761205,0.06868221134835573,-1.1449560930549791,0.0,0.0,0.0,0.003888750805090753,0.05882327829137973,5.075015401953493,-44.169855308317885,0.6515354079680783,1.7802212101496424,1.000133300550234,-0.9999988007643884,-1.0000316152089421,0.9489940318710391,2.4470745548800146,0.3421114147300881,297.5517719297179,-0.45779165680557,-9.22831912514952,Oil & Gas E&P,Energy,CEI
2021Q1,2021,Q1,2022-05-20,2021-03-31,-87694501.0,65653.0,-1860885.0,-153.7,32506.0,0.4951182733,29587391.0,-122716104.0,654956.0,134252777.0,152303495.0,0.0,-356390639.0,29383634.0,47041261.0,-215.08161162094518,0.004878528508948459,0.608367260229197,-0.14668001519996104,0.03480300197714919,-215.08161162094518,0.7146128188684999,447.5596545473931,-0.08376703688638357,-0.23944399343056066,0.0,0.0,0.0,0.002218951985323748,0.0025502116801650963,-2.963914628363143,-55.84384282795648,0.49511827334622943,0.0,0.999650925266141,-0.9998857767922,-1.00895912820442,0.0,0.0,0.0,0.6377080920269963,-0.9977189119932446,0.791405641035492,Oil & Gas E&P,Energy,CEI
2020Q3,2020,Q3,2020-12-18,2020-09-30,-3285374.0,57458.0,-827642.0,-8.29,27399.0,0.4768526576,11795451.0,4183149.0,1479009.0,1592285.0,7612302.0,0.0,-161725908.0,12682144.0,11569179.0,10.555058198361413,0.9288594692533058,0.0,0.0,-0.31607751339223356,10.555058198361413,-0.7853829734489496,220.7202478331999,-0.9650456842965215,3.031721796187513,0.0,0.0,0.0,0.0048711999227498805,0.7902649337273164,-0.2785289006753536,-21.40775038866729,0.47685265759337253,0.49327628361858195,0.9999918789676955,-0.9999995000244766,-0.9999995764977913,1.7229859883368077,-0.33369895934609506,-0.1401456656412856,0.9999989122639004,-0.9999999021763037,1.0000005420807827,Oil & Gas E&P,Energy,CEI
2020Q2,2020,Q2,2020-08-14,2020-06-30,-2463355.0,33689.0,-725909.0,-16.36,-37897.0,-1.1249072398,13910159.0,6203155.0,2233251.0,1687656.0,7707004.0,0.0,-159669400.0,8958201.0,7252827.0,41.20109857994925,1.3232856695914332,0.0,0.0,-0.18077404519899096,41.20109857994925,-0.39711324318028485,265.90878328237704,-0.9091463674541428,1.4441362500211588,0.0,0.0,0.0,0.002421898987639178,1.1763522898031353,-0.17709035532951134,-11.924536866331843,-1.1249072397518478,-10225.999999999998,0.9999885761013312,-0.9999994316850441,-0.9999983914073073,-2.4555484635725358,-5.177833368666525,0.5179064422016241,0.999995720421139,-0.9999998824046906,1.0000030966015914,Oil & Gas E&P,Energy,CEI
2020Q1,2020,Q1,2020-06-29,2020-03-31,589625.0,88899.0,-1505743.0,0.0016,-10967.0,-0.1233647173,9695218.0,2624787.0,1132660.0,2028908.0,7070431.0,0.0,-158074768.0,21266325975.0,21265669360.0,0.006973487835855483,0.5582608969948366,0.0,0.0,0.7384332692214313,0.006973487835855483,0.22463727532938862,239218.9560624979,9016.886145855417,8102.114943041092,0.0,0.0,0.0,0.009169365763616662,0.44949204202457677,0.06081606416689135,-13315.388144564855,-0.12336471726341129,1.0000459110473459,1.0000000575298393,-0.9999999691839505,-0.9999999868941731,-1.795979097111337,1.288001551312999,-0.3246885438871377,1.0000000523041241,-0.999999783311249,1.000001418585357,Oil & Gas E&P,Energy,CEI
2019Q4,2019,Q4,2020-02-14,2019-12-31,-2047298.0,94115.0,-1136677.0,-34.85,13778.0,0.1463953674,5101015.0,3082846.0,2429777.0,1976032.0,2018169.0,0.0,-157616709.0,5610147.5,3356408.5,52.47844071835901,1.2296243178248125,0.0,0.0,-0.6718428743388132,52.47844071835901,-0.664093503210994,59.60949370451044,-0.6850672813630454,1.819794923262466,0.0,0.0,0.0,0.018450249607186022,1.2296243178248125,-0.40135110365290044,4.1685192931982105,0.14639536736970726,-8103.6511627906975,0.9999800047898533,-0.9999976536514995,-0.9999981016025614,-0.9887448341664291,-47.45561051809425,-1.2214737031369398,0.9998548127084318,-0.9999765238869878,-0.9999338546881872,Oil & Gas E&P,Energy,CEI
2019Q3,2019,Q3,2019-11-19,2019-09-30,-42251.0,6378288.0,-511677.0,-0.0043,1224149.0,0.1919243847,31187717.0,6333524.0,10007807.0,3826860.0,24854193.0,0.0,-155783031.0,4027794500.0,4025786267.0,0.6419545915264545,2.6151484506880314,0.09059345382671005,0.44610283311470833,-0.007658459412692093,0.6419545915264545,-0.006671009693813428,631.4852041801813,-23832.5394665215,635.9484072374242,0.0,0.0,0.0,0.2045128215059794,2.598098179708691,-0.0013547320568543058,-1976.0838965966743,0.19192438472518017,0.9999972789287839,0.9999999971235187,-0.9999993489141483,-0.9999999777843002,190.84941066997519,0.9657660168710799,0.6184399405524033,0.9999999991846628,-0.9999862681213021,-0.9999993124878889,Oil & Gas E&P,Energy,CEI
2019Q2,2019,Q2,2019-08-14,2019-06-30,-1234183.0,121351.0,-1341013.0,-1580.26,-6448.0,-0.0531351204,7166011.0,5190798.0,6675287.0,1663144.0,1975213.0,0.0,-155506067.0,7528644.75,1123827.75,6646.348271446863,4.013655462184874,0.0,0.0,-0.2476270739749299,6646.348271446863,-0.2377636348014313,62.0402365864311,-1.5250260192370175,1.4503829180022032,0.0,0.0,0.0,0.0169342469611057,3.9257905509084,-0.17222733819415015,-5.796142869460915,-0.05313512043576073,-1045.5298013245033,0.9990549069038009,-0.9998350401294374,-0.9997811715286137,0.9630211618971153,-0.0667621481784323,0.2607918655922069,0.9982433905399068,-0.9979721359233588,-0.992697383873835,Oil & Gas E&P,Energy,CEI
2019Q1,2019,Q1,2019-07-01,2019-03-31,-1156943.0,110003.0,-1814121.0,-1.51,-174370.0,-1.5851385871,8582672.0,6175056.0,8170965.0,2103802.0,2407616.0,0.0,-154218469.0,18790483125.0,18782704402.0,8.04724832214765,3.8839039985702075,0.0,0.0,-0.22903088291930307,8.04724832214765,-0.18735749117093028,170817.915193222,-4060.3735717749273,3042.9656224979985,0.0,0.0,0.0,0.012816871016392098,3.758794791525058,-0.13479986186120127,-12580.118785001992,-1.585138587129442,0.9999236124530926,0.999944831533681,-0.9999937655301806,-0.9999864449954956,0.4453898047398068,0.45808170207264687,-0.17288034121171017,0.9999965757710358,-0.9998576986286364,-0.9996647954752264,Oil & Gas E&P,Energy,CEI
2018Q4,2018,Q4,2019-02-14,2018-12-31,-2134903.0,127937.0,-1546723.0,-19767.62,-314401.0,-2.4574673472,10107938.0,7627658.0,9575136.0,2160505.0,2480280.0,0.0,-152731437.0,8032500.0,-1239888.0,70626.46296296296,4.4318971721889096,0.0,0.0,-0.27294383830900687,70626.46296296296,-0.279889711887974,62.784808147760224,-0.9406165057616201,1.0530755311787707,0.0,0.0,0.0,0.012657081988433249,4.324432945075341,-0.2112105357195503,-3.9008056565931266,-2.457467347209955,-1.0190336878486825,0.9863246610706303,-0.9991290531192569,-0.9976999723004906,-3.21257067824316,-1.0437369857349283,-1.0630990820356236,0.9826547024661275,-0.9935516080027661,-0.9970792090532528,Oil & Gas E&P,Energy,CEI
2018Q3,2018,Q3,2018-11-16,2018-09-30,48812303.0,809466.0,24512607.0,1038559.64,-74634.0,-0.0922015255,6989085.0,2296638.0,5502791.0,4359995.0,4692447.0,0.0,-151145353.0,24227031.25,19189081.25,48864.63829787234,1.2621094748961867,0.04201236642564799,0.1278512329762026,19.886381903235335,48864.63829787234,21.253807957544897,29.92964652005149,0.12408260705298006,10.548911604702177,0.0,0.0,0.0,0.11581859427950869,1.2346851315196463,6.984076313279921,-10.5015716359535,-0.09220152545011155,2596400.1,1.5476552044283818,-0.9859692113259688,-0.9984565769875025,-1.1668969958809086,13.07103671489413,13.195448213415059,2.0174206886497954,-0.940606120372641,-0.9980393966706502,Oil & Gas E&P,Energy,CEI
2018Q2,2018,Q2,2018-08-14,2018-06-30,-4043754.0,1694696.0,-2009980.0,-0.4,447186.0,0.2638738747,14721077.0,-28131728.0,1321551.0,41867435.0,42852805.0,0.0,-174373719.0,7873437500000.0,7873473271024.0,-2.8131728,0.03156512931828759,2.458493967526968,-1.2865074978685989,-0.28712933163372834,-2.8131728,0.1437435339912287,4645929.122391272,-486765.3608503386,-279877.4927725734,0.0,0.0,0.0,0.1151203814775237,0.026360272608054448,-0.27469145090403374,-3917965.4085718705,0.26387387472443435,0.999057137469357,0.9999996412608798,-0.9999998856818295,-1.000000094736015,7.87908029544913,0.6354999570036851,-0.20690814677109828,0.9999997176577293,-0.9999995695758735,-1.0000001098332172,Oil & Gas E&P,Energy,CEI
2018Q1,2018,Q1,2018-07-02,2018-03-31,-11093974.0,1319125.0,-1665396.0,-424.24,50364.0,0.0381798541,14267864.0,-26963261.0,1664775.0,40004558.0,41231125.0,0.0,-170861622.0,31453546875.0,31488725528.0,-1031.0998470363288,0.041614633012568215,2.518875285046171,-1.3328866267325752,-0.3226537085755674,-1031.0998470363288,0.4114477844501079,23844.250450108975,-708.7980122136576,-1166.5334869917997,0.0,0.0,0.0,0.09245427346377846,0.035176191672958865,-0.777549743956068,-10538.532630419319,0.03817985406993272,0.9999713801340729,0.9657603969181126,-0.9986501866216445,-1.0016990989238186,-0.9039549638715509,0.2515838947816507,0.29342823892484077,0.9844196668161393,-0.9934182957651759,-1.0019378274480384,Oil & Gas E&P,Energy,CEI
2017Q4,2017,Q4,2018-02-14,2017-12-31,-14823270.0,2155784.0,-2357009.0,-14823270.0,524379.0,0.2432428295,18186271.0,-23614536.0,3193456.0,40763869.0,41800807.0,0.0,-164481937.0,4773437.5,40007477.5,-23614536.0,0.0783403557694683,1.9894832755983896,-1.5321614619063444,-0.3056281458036069,-23614536.0,0.6277180292680745,2.214246649942666,-0.08050581113344087,-0.20213979643724525,0.0,0.0,0.0,0.1185390891843633,0.05830685502399196,-0.815080232775592,-1.37164354559054,0.24324282952280935,-0.9450261615228006,-3.788935927704958,0.11820612637099012,-1.7639409178515586,2.7590471781660093,-0.9450261615228006,0.21857529281765026,-7.50471643716074,2.1572561924889024,-1.8542512704953793,Oil & Gas E&P,Energy,CEI
2017Q3,2017,Q3,2017-11-20,2017-09-30,-7621116.0,1482053.0,-3016297.0,-7621116.0,-298104.0,-0.2011426042,34497712.0,-19471375.0,1545647.0,51663748.0,53969087.0,202677.0,-155385128.0,6562500.0,50260556.0,-19471375.0,0.029917438432844633,1.2691867507039307,-2.2486362159837197,-0.15137357941941382,-19471375.0,0.3914010181612752,4.427979296286975,-0.21527358985219489,-0.33703320900552736,0.0,8.783221579162905,0.0,0.04296090708856286,0.02202941219053639,-0.22091656397386586,-22.86011871586222,-0.20114260421186017,-0.9934091118936523,-4.031874435482593,-0.4576814552352543,-1.5848999529740002,-1.47498741244479,-0.9934091118936523,-1.309687403565114,-4.1189896782158435,0.49258467748432944,-1.6738330516723203,Oil & Gas E&P,Energy,CEI
2017Q2,2017,Q2,2017-11-06,2017-06-30,-3823157.0,1902805.0,-1305933.0,-3823157.0,627604.0,0.3298309601,37527579.0,-13305263.0,2394057.0,48590725.0,50832842.0,202677.0,-149139012.0,10078125.0,54010819.0,-13305263.0,0.04926983493248969,1.1713708470242645,-3.30385893161225,-0.053420677538207166,-13305263.0,0.2873417083149728,5.296457072584947,-0.6590185153264697,-0.7574540240204196,0.0,6.29178939889578,0.0,0.050704176786890515,0.023253367798072574,-0.10187592969959507,-9.490206695230473,0.32983096008261487,-126.65157459413943,-1.0142700138458913,0.10769557662249207,-1.4021121395300638,0.549673943371581,0.9406271718412343,-0.8120190479890552,-1.2864841621273775,1.020134406319008,-1.4380706885600882,Oil & Gas E&P,Energy,CEI
2017Q1,2017,Q1,2017-07-14,2017-03-31,-64392368.0,2343446.0,-720706.0,-29949.94,404991.0,0.1728185757,39858212.0,-10568979.0,3930684.0,48213987.0,50427191.0,202677.0,-146090034.0,49475195312.5,49518917422.5,-4915.804186046512,0.0815258028754187,1.1146346454276475,-4.203560627757894,-0.042090909688940775,-4915.804186046512,6.0925816959235135,21112.15505392486,-192.08485744964372,-4681.170746247107,0.0,9.564257414506827,0.0,0.058794559073548004,0.03989475087384912,-1.6155357897137985,-21186.26121347231,0.1728185757213949,0.8752287858724208,0.1283197811379317,-0.968888065708751,-1.00844104743705,1.6005747850858396,-8.580646466762524,0.6525150622160165,-0.09589357789134138,-0.9525970919289284,-1.0082803146140344,Oil & Gas E&P,Energy,CEI
2016Q4,2016,Q4,2017-02-14,2016-12-31,-6721088.0,1910820.0,-2074064.0,-240038.86,-674339.0,-0.3529055589,71340189.0,22214671.0,6803289.0,13440999.0,49125518.0,202677.0,-113540996.0,1356250000.0,1397847261.0,793381.1071428572,0.5061594751997229,0.6108407562531128,1.9616538547881264,-0.048180821092660496,793381.1071428572,-0.3025517686037304,709.7738143833537,-50.4475614662388,61.05199577342378,0.0,12.755068409340971,0.0,0.026784622059243493,0.3044428468449406,-0.09421180535420225,-321.5833209639841,-0.3529055588700139,0.9542992944018576,0.8885156463197973,-0.947780982813488,-0.9748233408755251,-4.243979065734527,0.9326515925314971,0.9586942454992904,0.833939914560104,-0.9498257363235075,-0.974162680019061,Oil & Gas E&P,Energy,CEI
2016Q3,2016,Q3,2016-11-14,2016-09-30,-99795797.0,894513.0,-50212471.0,-5252410.37,-128593.0,-0.143757553,71328538.0,17740978.0,5966782.0,15939364.0,53587560.0,194997.0,-109142424.0,2226562500.0,2272693974.0,933735.6842105263,0.3743425396395992,0.6588194896129793,2.6488185149657477,-1.523649947322934,933735.6842105263,-5.625157587140912,2489.1337521086894,-5.577796277332201,125.50393219584625,0.0,5.246778155561367,0.0,0.012540744911945342,0.16165318766796466,-1.3991005535540346,-786.9555659152657,-0.1437575529925222,-4.838554537087265,-1.197060038140631,-0.9513359647617662,-0.9630953300001752,0.5051374607474909,-54.46626808565509,-52.33309718233265,-1.7697108264035608,-0.9616456713535018,-0.9705073199597697,Oil & Gas E&P,Energy,CEI
2016Q2,2016,Q2,2016-08-12,2016-06-30,-1799216.0,153244.0,-941488.0,-899608.0,-259856.0,-1.6957009736,14734471.0,1820265.0,587284.0,11506110.0,12914206.0,194997.0,-58337147.0,296875000.0,305125843.0,910132.5,0.05104105557829709,0.5640414915472703,4.565737955737214,-0.12201369570319186,910132.5,-0.9884362991102944,1937.269974680901,-41.25060581942357,163.09438460883442,0.0,2.1184941306789336,0.0,0.010400373382933124,0.019595501868137886,-0.12210930409378118,-370.90736904705386,-1.6957009736107123,-1.043137711980466,-0.01851562517690268,-0.9378293752185692,-0.9571321626025787,-0.4213217960148118,0.9591372457603907,-0.10319679219327457,0.2019183597066393,-0.9483135213749243,-0.969350504789364,Oil & Gas E&P,Energy,CEI
2016Q1,2016,Q1,2016-07-13,2016-03-31,-44030708.0,100740.0,-853418.0,-440307.08,-182827.0,-1.8148401826,14792132.0,2400698.0,542987.0,11085304.0,12391434.0,194997.0,-56966795.0,12031640625.0,12039538514.0,24006.98,0.048982598943610386,0.5472876391313977,3.372165511863633,-0.15952199246275625,24006.98,-18.340794219014636,119432.60497319834,-68.31391755612924,5011.72601676679,0.0,1.4542121160838373,0.0,0.006810377300581147,0.026267660318562307,-2.97663027885365,-12579.924034102316,-1.8148401826484017,0.613648119208215,-13.41593578643673,-0.9385253404478119,-0.943177715364023,0.09854397893626148,-37.635188079178484,0.0586619692676271,-34.536032618696346,-0.9730436295037662,-0.9604400737723123,Oil & Gas E&P,Energy,CEI
2015Q4,2015,Q4,2016-02-16,2015-12-31,-1139653.0,183705.0,-906601.0,-1139653.0,-202813.0,-1.1040145886,36315753.0,24180595.0,587098.0,10987980.0,12135158.0,194996.0,-34524732.0,285156250.0,292676145.0,24180595.0,0.05343093088993609,0.2139792062138984,0.3213657893860759,-0.03160597879581922,24180595.0,-0.047130891526862756,1552.2508913747583,-62.553305699190894,11.792772262221009,0.0,1.982184249933332,0.0,0.005058548558803118,0.03126643841725231,-0.03138178079358564,-591.1922270758654,-1.1040145886067336,-0.11645638567483398,-0.006644107439863408,-0.7324397423218705,0.05308685784295665,0.08944261117471435,-0.11645638567483398,-0.02486533537567615,0.6318136823510103,-0.9047121342189279,-0.21774681753235345,Oil & Gas E&P,Energy,CEI
2015Q3,2015,Q3,2015-11-16,2015-09-30,-1020777.0,289974.0,-884605.0,-1020777.0,-222735.0,-0.7681205901,36483419.0,24923266.0,616989.0,3442233.0,11560153.0,194997.0,-33501604.0,83984375.0,91204847.0,24923266.0,0.1792409171604595,0.20477066581945075,0.29974939881474605,-0.029259279358195976,24923266.0,-0.04095679113644255,289.6272596853511,-20.568737099288093,3.369717877263758,0.0,2.6293173741134477,0.0,0.007948103767357988,0.11203541422094321,-0.02797920337455215,-214.69331489354087,-0.768120590121873,0.28727490317458876,-0.8473695926393114,-0.6910536016791144,0.3987799881691741,-4.052398775093569,0.28727490317458876,-0.40073535815457406,0.3260276197569208,-0.8938915965221134,-0.2513308838559938,Oil & Gas E&P,Energy,CEI
2015Q2,2015,Q2,2015-08-14,2015-06-30,-1432217.0,393727.0,-631529.0,-1432217.0,-44085.0,-0.1119684451,37130567.0,25613133.0,971957.0,10434240.0,11517434.0,194519.0,-32548913.0,136718750.0,143472810.0,25613133.0,0.09315072300426289,0.19567185709822316,0.28365944142795807,-0.026660196724415684,25613133.0,-0.05591729055559115,347.24250559397757,-23.86488046155017,5.337837819371805,0.0,2.250741572802657,0.0,0.01060385099963596,0.06436089259974852,-0.038572451640719624,-296.4786334794922,-0.11196844514092252,-51.59810704884126,-0.6494400009213352,-0.31826886449423414,0.40461990485179505,0.7501926607584034,-0.05196214097682508,0.20684705096291756,0.24542158315226897,-0.7707964524494922,-0.2259189682535341,Oil & Gas E&P,Energy,CEI
2015Q1,2015,Q1,2015-07-14,2015-03-31,-1361472.0,383218.0,-796226.0,-27229.44,-176476.0,-0.4605107276,37938518.0,26604532.0,697458.0,10282292.0,11333986.0,194519.0,-31517040.0,10253906250.0,10261339064.0,532090.64,0.06783098554291203,0.20030858875404675,0.2856434760814436,-0.029377053329551324,532090.64,-0.05117443900159567,26757.371130792395,-1882.871305836624,385.4195311535644,0.0,2.8773230378523436,0.0,0.010101027140807134,0.03278831217786851,-0.035886272626674556,-23222.73613621231,-0.46051072757542705,0.9843773562822048,-1.0155921062371385,-0.13777415783931685,0.4930415910732669,-3.3246501825667165,0.21886781411023973,0.08519832119497094,0.20749873540623878,-0.7812306794717586,-0.08633416566933212,Oil & Gas E&P,Energy,CEI
2014Q4,2014,Q4,2015-02-17,2014-12-31,-1742947.0,682803.0,-870381.0,-1742947.0,-40807.0,-0.0597639436,38758115.0,27643548.0,927290.0,10109047.0,11114567.0,188220.0,-30438191.0,119628906.25,126384222.25,27643548.0,0.09172872576415957,0.18116582811109364,0.2540066853936405,-0.03349160975655332,27643548.0,-0.06305077047273382,175.20266643526756,-17.15899942023481,4.327552535947991,0.0,3.8444904898523005,0.0,0.017617033232911354,0.06040915627358345,-0.0449698598603157,-184.93614790389356,-0.05976394362649256,-0.17071144208765088,-1.722074461854659,0.42964853581015156,0.5663159283233862,-1.3564365948674948,-0.17071144208765088,0.20876684384349167,0.19050056267262763,-0.47752878629276624,-0.12277696214192656,Oil & Gas E&P,Energy,CEI
2014Q3,2014,Q3,2014-11-14,2014-09-30,-1488793.0,992944.0,-1100031.0,-1488793.0,114486.0,0.1152995537,39727165.0,28896438.0,1088766.0,9803655.0,10830727.0,112677.0,-29131526.0,445996093.75,452916558.75,28896438.0,0.1110571516439532,0.18190701501101325,0.25008791741044345,-0.030730957463319636,28896438.0,-0.05152167890035443,449.1654048465976,-74.89222708428909,15.434293103876678,0.0,7.796249456410803,0.0,0.024994081505690123,0.08113667810627771,-0.03747544029381407,-577.9839248432885,0.11529955365055834,0.10960977663587844,-1.051345892053064,1.3971531898662057,0.6233854523025674,0.16505032208167544,0.10960977663587844,-0.3163304135554279,0.3772444695049974,0.026360236582658184,0.1420935566600404,Oil & Gas E&P,Energy,CEI
2014Q2,2014,Q2,2014-08-14,2014-06-30,-1672068.0,941920.0,-835680.0,-1672068.0,98267.0,0.1043262697,40807767.0,30372411.0,1713574.0,4913253.0,10435356.0,112677.0,-27642642.0,566406250.0,572938362.0,30372411.0,0.34876567520540874,0.17740510035748833,0.23835796242846838,-0.029628835161850355,30372411.0,-0.055052198523192646,601.3315886699507,-84.68648553766953,18.64870885620506,0.0,7.487357668379527,0.0,0.023081880466529814,0.2682619844734232,-0.04097425865032017,-347.0137480624667,0.10432626974689994,-60.18238194695498,-13.126610511730862,1.1336281101063734,0.6823529424797842,-0.47045287980686323,-0.22364763893909967,-0.1288335602671335,-0.8930771895740071,-0.23573184080126772,0.43056046906977663,Oil & Gas E&P,Energy,CEI
2014Q1,2014,Q1,2014-06-27,2014-03-31,-1366462.0,1149692.0,-740304.0,-27329.24,185568.0,0.1614067072,40738477.0,29683680.0,1586716.0,4646223.0,11054797.0,112677.0,-26388766.0,36621093750.0,36627795106.0,593673.6,0.3415066388333061,0.17731421329275515,0.24334957794990378,-0.026020183635970705,593673.6,-0.046034117063652485,31852.96040156842,-6699.983927471089,1233.711377767177,0.0,8.556528839070973,0.0,0.028221280829914187,0.2434777667795971,-0.03354229467144783,-36682.09607577401,0.16140670718766417,0.9810934946807113,-0.47468627645659667,1.8947829590089635,0.6165594458241161,-0.09259032874823352,0.05467473403556154,0.09318033156371958,0.1052231798495764,0.40315513777792955,0.40517009136781024,Oil & Gas E&P,Energy,CEI
2013Q4,2013,Q4,2014-02-13,2013-12-31,-1445494.0,1360131.0,-816374.0,-1445494.0,204503.0,0.1503553702,42005182.0,30706788.0,2848879.0,4960594.0,11298394.0,112677.0,-25335383.0,942382812.5,948330753.5,30706788.0,0.5743019888344016,0.17613772034126646,0.24094662717572415,-0.027382979655586805,30706788.0,-0.04707408668076909,692.8617997089987,-162.98628920286075,30.68972282284946,0.0,10.256112605056932,0.0,0.03238007634391395,0.4339010610422865,-0.03441227798989182,-292.85873829778967,0.1503553701812546,0.23775940939951223,0.2911618227146923,1.0512383158542433,0.6157042039643458,28.603792704111175,0.23775940939951223,0.33124278609655017,-0.27679040676388156,0.9809858242073543,0.3373084859727317,Oil & Gas E&P,Energy,CEI
2013Q3,2013,Q3,2013-11-14,2013-09-30,-1896375.0,1227492.0,-1220733.0,-1896375.0,6908.0,0.0056277353,43419015.0,31659913.0,5752020.0,4635170.0,11759102.0,114027.0,-24204451.0,1210937500.0,1214140070.0,31659913.0,1.2409512488215104,0.17003382043558565,0.23318765910695965,-0.038043824117260365,31659913.0,-0.059898301047131744,986.5135577258345,-159.63845494693823,38.24828893244274,0.0,10.704341954098592,0.0,0.028270839400663512,1.026442827339666,-0.04367614051124836,-433.23227636136227,0.005627735252042376,-0.6823572829624924,-2.620660028829723,0.22992972070644016,0.5048105827544717,-0.9833951488259063,-0.6823572829624924,-0.6014338657308714,-2.4319988707047417,0.30780425958086066,0.7768639443794035,Oil & Gas E&P,Energy,CEI
2013Q2,2013,Q2,2013-08-14,2013-06-30,-1127213.0,1482438.0,-762275.0,-1127213.0,416023.0,0.2806343334,37489847.0,29694861.0,1447838.0,6899580.0,7794986.0,115951.0,-22645896.0,1269531250.0,1272465527.0,29694861.0,0.20984436733830175,0.08753826069228823,0.11051730466089739,-0.02758016728067243,29694861.0,-0.03795986787074033,856.3806715694012,-281.5641875138062,42.75255742062574,0.0,9.197117748014247,0.0,0.039542385969193204,0.15609008084550074,-0.030067153915031983,-494.81432155006564,0.2806343334426128,-89.97441253095128,-1.8108687676692108,0.11983193886708304,0.37760140912652335,-0.15275268874139816,-0.8194882506190256,-2.073503618732738,-0.29817633204922234,1.566814419780448,0.6284611817073406,Oil & Gas E&P,Energy,CEI
2013Q1,2013,Q1,2013-06-28,2013-03-31,-619522.0,1868575.0,-248015.0,-12390.44,491029.0,0.2627826017,37743287.0,30342549.0,1685982.0,6548865.0,7400738.0,64630.0,-21701152.0,64453125000.0,64454933394.0,606850.98,0.2574464430095902,0.05985395495628137,0.07445270995525129,-0.00812076781032623,606850.98,-0.02041759906196411,34493.1966873152,-26009.215572651174,2124.1829419143396,0.0,21.314343184279746,0.0,0.04950747930353814,0.19598693819463373,-0.016414097691067553,-10657.233364236985,0.2627826017152108,0.9959970355207676,-1.533148516146971,0.40161556244646174,0.5046873719182968,10.986549493470035,0.7998517760383754,0.8966266480383592,0.08282825292018885,3.2042222782212697,0.702818438459228,Oil & Gas E&P,Energy,CEI
2012Q4,2012,Q4,2013-02-14,2012-12-31,-3095316.0,1927895.0,-2399216.0,-3095316.0,40965.0,0.0212485638,63920061.0,30911469.0,5083034.0,31768441.0,33008592.0,66766.0,-21081630.0,1435546875.0,1455579966.0,30911469.0,0.16000262650597177,0.3705596275948485,0.766259086554573,-0.0495107581546294,30911469.0,-0.10013487227022436,744.6188070408399,-115.9450985779804,46.44059054585856,0.0,28.26183985861067,0.0,0.030161031917663533,0.147247641141723,-0.048424797341792274,-2398.462352638473,0.021248563848134883,-1.0436956280602785,-18.20518492990784,1.3771150756513688,0.6184299891348874,-0.9716594820876719,-1.0436956280602785,-1.037187423049817,-3.8341576852136727,3.0366141682823775,0.7514801740563322,Oil & Gas E&P,Energy,CEI
2012Q3,2012,Q3,2012-11-13,2012-09-30,-1514568.0,2732809.0,-1177710.0,-1514568.0,1445457.0,0.5289271954,65818484.0,33290095.0,2433689.0,31425673.0,32528389.0,66766.0,-18334164.0,2216796875.0,2238856578.0,33290095.0,0.07744270106800895,0.34012006414489887,0.6724578887503926,-0.021058945676817636,33290095.0,-0.04549605520801307,811.1788547973898,-365.9124045602442,66.59028383667875,0.0,19.281550489770243,0.0,0.041520388102527554,0.06378533245731921,-0.023011286616689622,-1176.961131239209,0.5289271954241954,0.20203410261976062,-25.588739528540813,5.330738776805592,0.7545797880364037,1.0801803500218026,0.20203410261976062,0.2523136053389574,-1.0868601914671987,5.597513869508327,0.870218603717539,Oil & Gas E&P,Energy,CEI
2012Q2,2012,Q2,2012-08-14,2012-06-30,-1898036.0,1717805.0,-1575139.0,-1898036.0,694871.0,0.4045109893,65454471.0,33088439.0,1749609.0,31268713.0,32366032.0,63868.0,-16812845.0,1435546875.0,1457369327.0,33088439.0,0.05595398186039829,0.34377850215915734,0.6800514221900889,-0.028199058877858472,33088439.0,-0.05736251262865558,835.6867484959002,-189.0831990278372,43.385149568403634,0.0,16.016377528652846,0.0,0.026244272908415987,0.04772492555098126,-0.028997805207225644,-575.5745734652547,0.4045109893148524,-54.241530132257004,-3698.5687680199485,169.14236926868114,219.59903497203015,2.1265568194089486,-0.10483060264514014,0.31341990889123394,-15.035720622153882,2.8911553376945798,0.8327959776954437,Oil & Gas E&P,Energy,CEI
2012Q1,2012,Q1,2012-06-29,2012-03-31,-1717943.0,1751699.0,-2294181.0,-34358.86,222248.0,0.126875679,64021067.0,29118449.0,2424500.0,33891977.0,34902618.0,63868.0,-14905673.0,121093750000.0,121115168404.0,582368.98,0.07153610425263772,0.34523609236315916,0.7590508340605642,-0.03120474802361911,582368.98,-0.05899843772585552,69129.31388326419,-17621.910331134386,4158.6607171281685,0.0,23.94706269180184,0.0,0.02736129030776697,0.06376007513518613,-0.02683402636822657,-18144.177388790755,0.126875678983661,0.9840422698812931,-60.77428982380439,3.546372139861302,2.911660148900868,15.467387058976696,0.2021134940646514,-0.14312386020508835,-0.8540046966799479,3.4105624937053083,0.5857772277122577,Oil & Gas E&P,Energy,CEI
2011Q4,2011,Q4,2012-02-14,2011-12-31,-2153117.0,1306872.0,-2006940.0,-2153117.0,-15362.0,-0.0117547855,62289213.0,31512565.0,4575181.0,30120645.0,30776648.0,63868.0,-12439809.0,2255859375.0,2275924704.0,31512565.0,0.15189518683945846,0.3583364105113995,0.708304544552308,-0.03727556422068968,31512565.0,-0.0683256662858133,1726.1517386553542,-261.9294928004377,71.58602846198016,0.0,20.702605373583015,0.0,0.020980711379352313,0.14415610953882296,-0.03456645053454119,-565.7910758952208,-0.011754785472486977,0.09936067703649294,-13.934197168207513,2.2971261482414027,3.46309865945151,0.8776842658428415,0.09936067703649294,-0.11299481086009287,-0.055840791979772895,0.9709174486259535,0.6581019072460365,Oil & Gas E&P,Energy,CEI
2011Q3,2011,Q3,2011-11-14,2011-09-30,-2390654.0,967442.0,-1803189.0,-2390654.0,-125593.0,-0.1298196688,28660361.0,25301288.0,2346056.0,2890641.0,3359073.0,66268.0,-10286389.0,1269531250.0,1268124565.0,25301288.0,0.8116040698239595,0.002559772362951046,0.002899615229074504,-0.08097144746018219,25301288.0,-0.09448744269461697,1312.2556701073552,-132.75982743634168,50.17654634815429,0.0,16.494160077262027,0.0,0.033755401755058145,0.7488484388064792,-0.08341325498307575,-197.06284248430597,-0.1298196687760093,-1.7066438419752417,-20.887975641814883,1.223682547125359,10.443963842533647,-1.2198799346626072,-1.7066438419752417,-1.045686753439468,-3.564363789103892,-0.030636721982970246,0.20258214037791952,Oil & Gas E&P,Energy,CEI
2011Q2,2011,Q2,2011-08-15,2011-06-30,-883254.0,1232447.0,-881459.0,-883254.0,571189.0,0.4634592806,23968198.0,21231127.0,1543564.0,2269932.0,2737071.0,0.0,-8188291.0,2773437500.0,2772729046.0,21231127.0,0.6800045111483516,0.0033796032559477353,0.003815294402412081,-0.041319920964585415,21231127.0,-0.04160184242692345,2250.3503193240763,-785.0056439031129,130.63072440761152,0.0,0.0,0.0,0.05142009424321344,0.6414214170292326,-0.03685108075292102,-3928.053462954229,0.4634592806019245,-27.918301625114427,-10.991561085972851,7.8989840641765285,12.455186404328753,5.596798596468638,0.4216339674977114,0.557127217167482,-1.635375108802774,-0.06901097141268647,-0.015047402560861435,Oil & Gas E&P,Energy,CEI
2011Q1,2011,Q1,2011-06-29,2011-03-31,-1527154.0,819362.0,-1990321.0,-30543.08,-124258.0,-0.1516521391,24977875.0,21124617.0,3429999.0,3384032.0,3853258.0,0.0,-7304191.0,175292968750.0,175290588483.0,422492.34,1.0135835003924312,0.0036368586198785927,0.004300243644654007,-0.07203027163078886,422492.34,-0.0722926242875788,213938.36759576353,-28696.020301488912,8298.042456817086,0.0,0.0,0.0,0.032803511107329986,0.9684323316091573,-0.0611402691381873,-20352.112490045583,-0.15165213910335115,0.9730216026237246,-53.913843941028404,1.1265780075578258,1.8377995847132453,-1.3589974720115565,-0.348919868813768,-0.7580306519298562,-5.244343040324494,-0.385397679794893,0.04757001254280178,Oil & Gas E&P,Energy,CEI
2010Q4,2010,Q4,2011-02-14,2010-12-31,-1132131.0,686593.0,-1132131.0,-1132131.0,346125.0,0.5041196167,26574027.0,22961634.0,6417578.0,3223811.0,3612393.0,0.0,-5314242.0,2275390625.0,2269483187.0,22961634.0,1.9906805951093287,0.0,0.0,,22961634.0,-0.049305332538616374,3314.0312018910768,-502.45745081620413,99.0953267959937,0.0,0.0,0.0,0.02583699489731082,1.9626656153229827,-0.0426029144924102,-1035.719414652709,0.5041196167161622,-1.048894503191526,-7.80093351835499,0.7322153458789455,2.252037335717236,-0.4501588562351072,-1.048894503191526,-1.108498762424642,-7.292902960434894,-0.15342351573259944,0.20220093924165367,Oil & Gas E&P,Energy,CEI
2010Q3,2010,Q3,2010-11-15,2010-09-30,-552557.0,938590.0,-536937.0,-552557.0,629500.0,0.6706868814,21563287.0,17817860.0,2087208.0,3362845.0,3745427.0,0.0,-4182111.0,1621093750.0,1619649043.0,17817860.0,0.6206673218658606,0.0,0.0,-0.030566803677381092,17817860.0,-0.031011412144892822,1727.1585569844128,-733.4509154711641,90.98139451090086,0.0,0.0,0.0,0.04352722291364948,0.59740933643983,-0.025624896612469146,-606.5675947000807,0.6706868813859086,0.3636372012138592,-1302.1750576932134,227812.1067961165,30092.669774354817,1.3538605931205199,0.3636372012138592,0.07006666170182181,-9.970663679459705,1.1743078672976999,-0.06089613075413827,Oil & Gas E&P,Energy,CEI
2010Q2,2010,Q2,2010-08-11,2010-06-30,-868305.0,577540.0,-577393.0,-868305.0,267433.0,0.4630553728,23032748.0,18234921.0,4403249.0,4464415.0,4797827.0,0.0,-3637364.0,2197265625.0,2193223058.0,18234921.0,0.986299212774798,0.0,0.0,-0.0322150865937556,18234921.0,-0.04761770012603839,3804.5254441250822,-632.6307072399675,120.49767723150542,0.0,0.0,0.0,0.025074732724032756,0.9686736112122193,-0.03769871489064179,-451.86207081634427,0.463055372788032,-63.27413504670822,-402.6211840888067,59.90909090909091,0.0,0.5984280676588369,-0.28548270093416434,0.37627212753844874,-1692.5471830437152,56.203247136569104,120.57134325349128,Oil & Gas E&P,Energy,CEI
2010Q1,2010,Q1,2010-07-14,2010-03-31,-675470.0,444452.0,-925713.0,-13509.4,167310.0,0.3764411005,24798707.0,17819016.0,2502996.0,6652279.0,6979691.0,0.0,-2783909.0,37841796875.0,37842124095.0,356380.32,0.3762614286021377,0.08669806857268808,0.12065761655974719,-0.031635123786434065,356380.32,-0.037907255933773226,85142.59554462574,-14005.728187410248,2123.674891756088,0.0,0.0,0.0,0.017922386034078308,0.3139366223214631,-0.027238113664555173,-21763.56873084851,0.3764411005012915,0.9789014853951501,-102.21974327628362,0.0,1031.6272600834493,-0.08709957276849291,-0.05492573024249533,-1.4894461550873324,-23.288745055735344,0.153533906399236,1.3937378937946507,Oil & Gas E&P,Energy,CEI
2009Q4,2009,Q4,2010-02-16,2009-12-31,-640301.0,477602.0,-371855.0,-640301.0,183273.0,0.3837358303,22117668.0,17648769.0,1037409.0,4269975.0,4468899.0,0.0,-1794079.0,587890625.0,590184094.0,17648769.0,0.24295434984982348,0.11298315898403033,0.14159197165536022,-0.02178761209137947,17648769.0,-0.036280207418432416,1230.921614649855,-229.53682135433178,33.3105739556113,0.0,0.0,0.0,0.02159368700172188,0.10479827165264434,-0.02894975184544772,-609.7008435764155,0.3837358302519671,0.11775590963453685,-3635.4209450249887,0.0,39570.23094170404,-0.3049969473001619,0.11775590963453685,-1.6282662934769547,-4.846414003976764,0.20494894882772785,1.4995806360056494,Oil & Gas E&P,Energy,CEI
2009Q3,2009,Q3,2009-11-16,2009-09-30,-725764.0,414218.0,-141483.0,-725764.0,263701.0,0.6366237102,22370285.0,17800109.0,1876735.0,4377027.0,4570176.0,0.0,-1256978.0,781250000.0,782555096.0,17800109.0,0.4287693450371679,0.11175539337116179,0.14044857815196524,-0.010428115912474837,17800109.0,-0.04077300874955316,1886.08413926966,-269.11296234037513,43.89018067248914,0.0,0.0,0.0,0.018516438212566357,0.3467314686429853,-0.032443216525851144,3239.7923215366877,0.6366237102202222,-5.131679663408328,-726.2184368737475,0.0,0.0,1.2902640264026404,-5.131679663408328,0.6773382107109219,-7.037668668785252,-0.04791260116350965,7.0511238712099455,Oil & Gas E&P,Energy,CEI
2009Q2,2009,Q2,2009-08-14,2009-06-30,-118363.0,441464.0,-438487.0,-118363.0,115140.0,0.2608140188,22109417.0,18053531.0,904103.0,1593512.0,4055886.0,0.0,-771918.0,820312500.0,822839750.0,18053531.0,0.5673650402381658,0.11646620985076178,0.14263137776205664,-0.008149504018434518,18053531.0,-0.006556224375165168,1858.1639726002572,-1732.620202259152,45.43778721182022,0.0,0.0,0.0,0.019967238394390952,0.4646510349467089,-0.005353510678277948,-3378.691461757074,0.2608140188101408,-5.386869585112215,-55.74699352451434,45.55811010335372,0.0,0.2879194630872483,0.8722626082977557,0.46795179027093403,-2.338947963800905,2.1876268114633954,10.44139097568055,Oil & Gas E&P,Energy,CEI
2009Q1,2009,Q1,2009-06-29,2009-03-31,-926612.0,397160.0,-824149.0,-18532.24,89400.0,0.2250981972,22154926.0,18362257.0,747830.0,1261070.0,3792669.0,0.0,-463192.0,23437500000.0,23440013159.0,367245.14,0.5930122832198054,0.1196122252902131,0.1443177709581126,-0.031179792199120558,367245.14,-0.05046285976718439,59012.74045724645,-6323.4395842056865,1276.3953799361375,0.0,0.0,0.0,0.01792648731934379,0.45077592837828195,-0.04182419747193017,-21660.51469541735,0.22509819720012086,0.9909122007959813,-2.3385408034588364,0.0,0.0,-0.6411857726546634,0.5456100397990628,-0.71404535159654,-32.319381517439766,0.030791910634940377,1.4667147948290793,Oil & Gas E&P,Energy,CEI
2008Q4,2008,Q4,2009-02-17,2008-12-31,-2039244.0,663078.0,-480821.0,-2039244.0,249154.0,0.3757536821,22447218.0,19005204.0,1525063.0,1077180.0,3442014.0,0.0,463420.0,527343750.0,528723522.0,19005204.0,1.4157921610130155,0.08687045316706953,0.10260347639520208,-0.015147981630484203,19005204.0,-0.1072992428810551,795.2967071747215,-64.6494178725057,27.747334361683254,0.0,0.0,0.0,0.02953942889493032,1.2218403609424608,-0.09084617969139873,-284.06887223294194,0.37575368207058596,-2.8934331236336908,-11580.349386642434,0.0,42611.56502242153,-0.5605517046757325,-2.8934331236336908,-1.4985302915466103,-13.25013966732145,0.6728890144739598,1.6916914092839626,Oil & Gas E&P,Energy,CEI
2008Q3,2008,Q3,2008-11-10,2008-09-30,-523765.0,998018.0,964477.0,-523765.0,566970.0,0.5680959662,23967725.0,21039135.0,4197550.0,1487693.0,2928590.0,0.0,2502664.0,1611328125.0,1610796334.0,21039135.0,2.821516267133071,0.0,0.0,0.030514620126114098,21039135.0,-0.024894797243327733,1614.5281197333113,-769.1083429591515,76.58718502447938,0.0,0.0,0.0,0.041640080566678735,2.635291017703249,-0.02185292930388679,44916.32170931594,0.5680959662050183,-1.195922539844098,-523.814629258517,0.0,0.0,-0.4615127448727032,-1.3767741146511476,0.6455815635871633,-1234.3749352423113,242236.3786407767,35533.277462505066,Oil & Gas E&P,Energy,CEI
2008Q2,2008,Q2,2008-08-13,2008-06-30,1390130.0,1323804.0,586101.0,2673326.92,1052894.0,0.7953549015,24025851.0,21555481.0,5053446.0,769612.0,2470370.0,0.0,3026429.0,4052734375.0,4052221518.0,21555481.0,6.566225578603245,0.0,0.0,0.01793275193689633,21555481.0,0.0644907900686605,3061.4308273732363,728.8408952759814,188.01410068279154,0.0,0.0,0.0,0.05509915132662731,6.547879970686528,0.05785976113811744,-8039.4009529685045,0.7953549014808838,547.5450880334961,641.9833487511563,138.6123180763552,0.0,-0.22326829671334902,6.68406892209056,2.761560124670516,641.9833487511563,138.6123180763552,0.0,Oil & Gas E&P,Energy,CEI
2008Q1,2008,Q1,2008-06-19,2008-03-31,-244566.0,1333158.0,-332717.0,-4891.32,1355544.0,1.0167917081,22315726.0,20165351.0,4129476.0,1174737.0,2150375.0,0.0,407046.0,150390625000.0,150389482614.0,403307.02,3.5152344737588073,0.0,0.0,-0.012798666773467372,403307.02,-0.012128030898148016,112807.80297609136,-153732.14694601868,7457.872912799782,0.0,0.0,0.0,0.05974074067767278,3.4821640928990916,-0.010959356643830454,-92286.60766664785,1.0167917081096165,-1.0141378629805533,0.11883984867591431,0.0,0.0,1.854473934687208,-2.3594099140662346,-2.504526462395543,-36.372555012224936,0.0,1167.5993857209087,Oil & Gas E&P,Energy,CEI
2007Q4,2007,Q4,2008-02-07,2007-12-31,179906.0,811023.0,221144.0,345973.08,474884.0,0.5855370316,21119111.0,19099664.0,3890968.0,1614101.0,2019447.0,0.0,651612.0,5820312500.0,5817540510.0,19099664.0,2.4106099928071414,0.0,0.0,0.007628378331457503,19099664.0,0.009419328004932443,7176.507324699793,8087.991089791335,304.7337639028624,0.0,0.0,0.0,0.038402326688845946,2.2419136101148567,0.008518635088380378,-2259.5433405282856,0.5855370316254903,1.920741537738115,1022.7287596547022,0.0,42823.358744394616,0.5312121133954136,1.920741606597831,2.6692827158240555,1022.7287596547022,0.0,42823.358744394616,Oil & Gas E&P,Energy,CEI
2007Q3,2007,Q3,2007-11-13,2007-09-30,61596.0,431673.0,60269.0,118453.85,310136.0,0.7184512351,20538817.0,18973258.0,6005707.0,1260139.0,1565559.0,0.0,471706.0,7656250000.0,7651262630.0,18973258.0,4.765908364077296,0.0,0.0,0.001882769209626902,18973258.0,0.0032464640495585943,17736.226263861765,31074.461003961296,403.5284820350833,0.0,0.0,0.0,0.021017422765877897,4.529817742328426,0.002999004275660083,-1888.3530453754743,0.7184512350784042,0.7537777543520628,62.71943887775551,0.0,0.0,-0.09342936819274009,1.3999064910776904,-0.44703788316680887,62.71943887775551,0.0,0.0,Oil & Gas E&P,Energy,CEI
2007Q2,2007,Q2,2007-08-14,2007-06-30,25666.0,504814.0,108993.0,67542.11,342098.0,0.67767138,10440589.0,7499679.0,648621.0,390009.0,2940910.0,0.0,410110.0,4382812500000.0,4382814427154.0,149993.58,1.6630923901756114,0.22029408494099328,0.3066797925617883,0.009647497141427788,149993.58,0.003422279806909069,8682034.373056214,42690840.99587002,584400.0123205273,0.0,0.0,0.0,0.04835110356321851,1.5096472132694374,0.002458290427867623,-13396050.08986099,0.6776713799538048,122.43493347716647,-0.7625716928769657,0.06478380088588913,0.0,-0.07550575886800814,1.9229054297015462,-0.18130398858258845,-0.7625716928769657,0.06478380088588913,0.0,Oil & Gas E&P,Energy,CEI
2007Q1,2007,Q1,2007-06-29,2007-03-31,-27810.0,385296.0,133130.0,-556.2,370038.0,0.9603992774,10425990.0,7444013.0,912326.0,438770.0,2981977.0,0.0,384444.0,3917968750000.0,3917970339982.0,148880.26,2.079280716548533,0.22060255189195463,0.3089731304875475,0.01664378810459632,148880.26,-0.00373588815602552,10168724.175698685,-35220862.54944264,526324.8129738623,0.0,0.0,0.0,0.03695533949294024,1.9178681313672312,-0.0026673725948327207,-3405108.355097057,0.9603992774386446,-1.0033412027609077,0.8998018375067556,0.0,0.0,0.11713294630161303,-1.1670601380453784,-0.5369600678925822,0.8998018375067556,0.0,0.0,Oil & Gas E&P,Energy,CEI
