Quarters,Year,Quarter,FillingDate,Date,NetIncome,Revenue,OperatingIncome,EPSDiluted,GrossProfit,GrossProfitRatio,TotalAssets,CommonStockEquity,CurrentAssets,CurrentLiability,TotalLiability,Inventory,RetainedEarnings,MarketCap,EnterpriseValue,bookValuePerShare,currentRatio,debtToAssets,debtToEquity,roic,shareholdersEquityPerShare,roe,priceToSalesRatio,peRatio,pbRatio,payoutRatio,inventoryTurnover,dividendYield,assetTurnover,quickRatio,returnOnAssets,priceToFreeCashFlowsRatio,grossProfitMargin,epsdilutedGrowth,fiveYNetIncomeGrowthPerShare,fiveYRevenueGrowthPerShare,fiveYShareholdersEquityGrowthPerShare,grossProfitGrowth,netIncomeGrowth,operatingIncomeGrowth,threeYNetIncomeGrowthPerShare,threeYRevenueGrowthPerShare,threeYShareholdersEquityGrowthPerShare,Industry,Sector,Symbol
2023Q3,2023,Q3,2023-05-04,2023-03-31,52379000.0,382744000.0,81751000.0,2.18,143693000.0,0.3754284848,1363290000.0,-333780000.0,261931000.0,510564000.0,1696298000.0,24134000.0,-164668000.0,4670749350.0,5744685350.0,-13.924325226315132,0.5130228531584679,0.8355654336201395,-3.4127808736293366,0.0285676598635253,-13.924325226315132,-0.1569267181976152,12.203324807181824,22.293043729357183,-13.99349676433579,0.002691918516962905,9.905154553741609,3.0187875527938574e-05,0.28075024389528275,0.33701945299707775,0.03842102560717089,56.37393154140466,0.37542848483581714,1.5952380952380956,4.661272463151297,-0.17726667080509093,-1.127484905430945,0.1226717294830927,1.3288871103997155,0.5868434333630964,1.4443917025121717,-0.09597815445126433,-1.1308136109653109,Entertainment,Communication Services,MSGS
2023Q2,2023,Q2,2023-02-07,2022-12-31,22491000.0,353694000.0,51518000.0,0.84,127992000.0,0.3618721268,1300867000.0,-387750000.0,207937000.0,482960000.0,1687279000.0,44748000.0,-217047000.0,4423752900.0,5561258900.0,-16.069208454206382,0.43054704323339404,0.9081773924621042,-3.046854932301741,0.015745388223109846,-16.069208454206382,-0.05800386847195358,12.507288503621774,49.17247899159664,-11.408776015473888,7.588946689787026,5.043845534995977,0.03858330333052734,0.2718909773251224,0.2949975153221799,0.01728923863853876,147.9466539580616,0.3618721267536345,2.1052631578947367,-0.8838867947508648,-0.35440637425737526,-1.1468860063266495,5.271658173265386,2.213958007232687,2.435121733801326,-0.7632408891666423,-0.44257242573602296,-1.144551280496915,Entertainment,Communication Services,MSGS
2023Q1,2023,Q1,2022-10-27,2022-09-30,-18527000.0,24089000.0,-35898000.0,-0.76,20408000.0,0.8471916642,1345856000.0,-173362000.0,220002000.0,522148000.0,1517766000.0,64822000.0,-62447000.0,3320154700.0,4222216700.0,-7.135706935583453,0.421340309644009,0.730462991583052,-5.6707813707732955,-0.011047624097526793,-7.135706935583453,0.10686886399556997,137.8286645356802,-44.801569331246284,-19.151571278596233,0.0,0.05678627626423128,0.0,0.017898645917542443,0.26699326627699427,-0.013765960102715299,3274.3142998027615,0.8471916642450911,-1.6846846846846846,-0.6180641214693355,-0.9046424668115809,-1.0702185028645697,-0.7521466133909812,-1.681440341327056,-2.5143001771703366,0.7728196663007114,-0.8900048969470701,-1.0673213751360195,Entertainment,Communication Services,MSGS
2022Q4,2022,Q4,2022-08-18,2022-06-30,27188000.0,175205000.0,23706000.0,1.11,82339000.0,0.4699580491,1301966000.0,-147089000.0,205269000.0,438299000.0,1447343000.0,18810000.0,-35699000.0,3665827000.0,4568095000.0,-6.058779915146023,0.4683309795368002,0.7629123955617889,-6.752959092794159,0.01914338545154697,-6.058779915146023,-0.1848404707354051,20.923072971661767,33.70813410328086,-24.92250950105038,0.0,4.93705475810739,0.0,0.13456956633276138,0.38008528424659876,0.02088226574273061,32.21940286701179,0.46995804914243317,0.13265306122448992,1.3130580489417496,-0.44359383856497575,-1.0592728964031608,-0.3738526703218987,0.1366695932104185,-0.6138647728568404,1.3638618161421618,-0.3484799661316131,-1.055011085869517,Entertainment,Communication Services,MSGS
2022Q3,2022,Q3,2022-05-05,2022-03-31,23919000.0,337774000.0,61393000.0,0.98,131501000.0,0.3893165253,1363773000.0,-179762000.0,264069000.0,454487000.0,1541639000.0,22675000.0,-62887000.0,4353964000.0,5366918000.0,-7.405231719876416,0.5810265200104734,0.7788172958402901,-5.9085346179949045,0.015296929888066904,-7.405231719876416,-0.13305926725336834,12.890169166365677,45.5073790710314,-24.220714055250834,0.0,9.096934950385888,0.0,0.24767611618649144,0.42522888443453827,0.01753884260797068,109.68821484355318,0.38931652525061133,0.5806451612903225,2.338022193336012,-0.14123278570206382,-1.0708437281816923,0.35940827423656624,0.5738255033557047,0.6799288548365029,-0.33534395574930614,-0.3599000247495233,-1.0655471404359955,Entertainment,Communication Services,MSGS
2022Q2,2022,Q2,2022-02-03,2021-12-31,15198000.0,289581000.0,36545000.0,0.62,96734000.0,0.3340481592,1349421000.0,-212090000.0,218555000.0,451798000.0,1559031000.0,0.0,-87390000.0,4214863529.9999995,5255661530.0,-8.74201393182474,0.4837449479634704,0.8119134058236829,-5.165792823801216,0.010615826127004088,-8.74201393182474,-0.07165825828657646,14.55504169817771,69.33253602447691,-19.872995096421327,0.0,0.0,0.0,0.21459648249137964,0.36809149221554766,0.011262608185288356,97.69292439273131,0.3340481592369665,1.9117647058823528,-0.739868809076651,-0.35725139923282634,-1.0816268179944029,8.468872357086923,1.9264248704663212,2.0459957639246666,-0.8174633971771643,-0.5510759601103975,-1.079081749295484,Entertainment,Communication Services,MSGS
2022Q1,2022,Q1,2021-11-09,2021-09-30,-16405000.0,18794000.0,-34938000.0,-0.68,10216000.0,0.5435777375758221,1327936000.0,-234417000.0,165951000.0,429773000.0,1560120000.0,0.0,-103235000.0,4494783400.0,5569605400.0,-9.697873572728778,0.3861364022402524,0.8347028772470962,-4.728462526181975,-0.009704481434953456,-9.697873572728778,0.06998212586971081,239.16055123975738,-68.49715635476988,-19.17430647094707,0.0,0.0,0.0,0.014152790495927514,0.228090177838068,-0.012353758012434334,-230.608147350059,0.5435777375758221,-1.3349753694581281,0.42971717953839716,-0.8970678682300226,-1.09365032214125,-0.7870291229752548,-1.3306126561870213,-0.6831912126029773,0.5004938067612179,-0.9154962073159107,-1.0908688158936428,Entertainment,Communication Services,MSGS
2021Q4,2021,Q4,2021-08-19,2021-06-30,49620000.0,146902000.0,-20757000.0,2.03,47969000.0,0.3265374195041592,1309939000.0,-204308000.0,185246000.0,368278000.0,1511805000.0,0.0,-78898000.0,4168773490.0,5221974490.0,-8.45750714078735,0.503005881426531,0.8535534860783593,-5.472634453863774,0.025825228378079428,-8.45750714078735,-0.24286861013763533,28.37792194796531,21.003494004433698,-20.404357587563872,0.0,0.0,0.0,0.11214415327736635,0.3951335675766676,0.0378796264558884,219.2706443298969,0.3265374195041592,8.227272727272727,1.8607029953859688,-0.3164153590095283,-1.0800454826570514,-0.15099115044247788,8.074615947329919,-3.555022156573117,2.056446622910012,-0.5469897344928465,-1.078977274492551,Entertainment,Communication Services,MSGS
2021Q3,2021,Q3,2021-05-06,2021-03-31,5468000.0,183010000.0,8124000.0,0.22,56500000.0,0.3087262991093383,1304440000.0,-257738000.0,202364000.0,348553000.0,1559741000.0,0.0,-128518000.0,4335035760.0,5402479760.0,-10.669730087762874,0.580583153781491,0.8713102940725522,-4.409795994381891,0.005008304008681483,-10.669730087762874,-0.021215342712366823,23.68742560515819,198.20024506217996,-16.819544498676954,0.0,0.0,0.0,0.14029775229217134,0.4495557347089252,0.004191837110177547,-131.2454059945504,0.3087262991093383,1.130952380952381,1.0917839783501302,-0.4450685456661132,-1.0983224695126155,3.6655656482246077,1.134596923076923,1.2115294485236683,-0.4135290686749526,-0.609620816159179,-1.097687285315737,Entertainment,Communication Services,MSGS
2021Q2,2021,Q2,2021-02-03,2020-12-31,-40625000.0,28771000.0,-38406000.0,-1.68,12110000.0,0.4209099440408745,1292117000.0,-268009000.0,175480000.0,348148000.0,1557245000.0,0.0,-133986000.0,4444910400.0,5468490400.0,-11.100439032471836,0.5040385123568137,0.8469372355599377,-4.08322854829502,-0.025031488294676836,-11.100439032471836,0.15158073049785642,154.49273226512807,-27.35329476923077,-16.58492961057278,0.0,0.0,0.0,0.022266559452433488,0.3090467272539265,-0.031440651272291904,124.19072951300606,0.4209099440408745,-0.42372881355932207,-1.966163554719939,-0.9275712378561782,-1.0994060017055525,-0.2980523997217714,-0.4296019988035331,-0.40147423733761495,-1.2096111214958127,-0.9475150729806131,-1.1014672976953905,Entertainment,Communication Services,MSGS
2021Q1,2021,Q1,2020-11-09,2020-09-30,-28417000.0,57038000.0,-27404000.0,-1.18,17252000.0,0.30246502331778813,1219366000.0,-242846000.0,96100000.0,312444000.0,1459259000.0,0.0,-93361000.0,3620849759.9999995,4668190760.0,-10.092511013215859,0.30757511746104904,0.8782170406588342,-4.409658796109468,-0.017394125533260203,-10.092511013215859,0.11701654546502722,63.481359093937364,-31.854609564697185,-14.910065473592317,0.0,0.0,0.0,0.04677676759889975,0.15329467040493658,-0.023304733771484527,-62.90019560496829,0.30246502331778813,0.6391437308868501,-17.36540112922051,-0.607059282400289,-1.0913785315928726,1.0696386475925985,0.6380875966326621,-1.550126470470149,-1.50584402331431,-0.7720257970876229,-1.0993147588444583,Entertainment,Communication Services,MSGS
2020Q4,2020,Q4,2020-08-31,2020-06-30,-78519000.0,57038000.0,49814000.0,-3.27,-247736000.0,-0.3729671950980835,1233798000.0,-206986000.0,128278000.0,290254000.0,1437233000.0,0.0,-43605000.0,3529032249.9999995,4519364250.0,-8.615442247658688,0.44195084305470383,0.8657689508331186,-5.160658208767742,0.008337754745977474,-8.615442247658688,0.3793444967292474,61.87159875872225,-11.236236611520777,-17.049618090112375,0.0,0.0,0.0,0.04622960970920686,0.29419060546969206,-0.06364007722495903,-27.61435910076136,-4.343350047336863,0.33536585365853655,-74.09897799711538,-0.7605730269276723,-1.1810949022207171,-2.637382683410443,0.3347482398393615,1.3684358450933405,0.0864044092319312,-0.8169619646979925,-1.084284661757776,Entertainment,Communication Services,MSGS
2020Q3,2020,Q3,2020-05-11,2020-03-31,-118029000.0,423962000.0,-135204000.0,-4.92,151300000.0,0.3568716064175563,4309586000.0,2555082000.0,1742086000.0,886722000.0,1710309000.0,0.0,-74866000.0,2517201884.0999274,2143070884.0999274,106.44400933177803,1.9646360415101916,0.14668740802480795,0.24741358594362137,-0.03654023095337517,106.44400933177803,-0.04619382078539945,5.937329015571979,-5.331744495208651,0.9851745987408339,0.0,0.0,0.0,0.09837650298659778,1.6582807238345276,-0.02738754952331848,-20.812437547850937,0.3568716064175563,-2.2519083969465647,-10.021902871039526,0.5095148398255585,1.172964845814481,-0.4123518742207739,-2.253747039015944,-2.672447490166003,-5.677050274560015,0.09006348421982749,0.01831931112019948,Entertainment,Communication Services,MSGS
2020Q2,2020,Q2,2020-02-07,2019-12-31,94141000.0,628805000.0,80842000.0,3.93,257467000.0,0.4094544413609943,4081555000.0,2658316000.0,1405169000.0,870005000.0,1336655000.0,0.0,43163000.0,3489561638.27594,2766594638.27594,111.16614393844353,1.6151274992672455,0.0678996117901143,0.10425246659915526,0.02512893460249138,111.16614393844353,0.035413773230872476,5.549513184971398,9.266848764820695,1.3126963228886033,0.0,0.0,0.0,0.1540601559944678,1.4319032649237649,0.02306498381131701,204.58237898082547,0.4094544413609943,2.169642857142857,9.505112360138627,0.7039140588054459,1.3447659422483833,2.1277120435384727,2.177042047486278,1.9051031147137196,0.6347804305082356,0.41599492467356536,0.037991779602306736,Entertainment,Communication Services,MSGS
2020Q1,2020,Q1,2019-11-08,2019-09-30,-79981000.0,214782000.0,-89318000.0,-3.36,82318000.0,0.383263029490367,3961634000.0,2525535000.0,1335759000.0,860222000.0,1349188000.0,0.0,-50978000.0,3114525209.4748607,2464644209.4748607,105.99466991228438,1.552807298581064,0.07630815971389583,0.11969939042618692,-0.02917321742675635,105.99466991228438,-0.03166893351309723,14.500866969647646,-9.735203390414163,1.2332140356300194,0.0,0.0,0.0,0.054215508045417624,1.3707984683023684,-0.02018889175527068,-24.481411802191957,0.383263029490367,-0.09090909090909084,-1.2876174969205256,0.9491307576142102,0.0,-0.06445123822295969,-0.0921740792833636,-0.1181662264174564,-1.820616906343961,0.19336376705706224,0.023568198543528016,Entertainment,Communication Services,MSGS
2019Q4,2019,Q4,2019-08-20,2019-06-30,-73231000.0,263556000.0,-79879000.0,-3.08,87989000.0,0.33385314695928,3763551000.0,2620500000.0,1413109000.0,759784000.0,1057164000.0,0.0,29003000.0,3301628491.3847237,2269854491.3847237,110.13743538015383,1.8598825455655819,0.014507044012423373,0.020834955161228772,-0.026144234119849348,110.13743538015383,-0.027945430261400495,12.527237063032993,-11.271280234411394,1.259923102989782,0.0,0.0,0.0,0.07002854485032885,1.7019666115632863,-0.019457953406237887,-428.6159277404548,0.33385314695928,-3.0810810810810816,-0.4017330983121263,0.3344261267577143,1.3773982066280017,-0.573692574540451,-3.07623826939979,-3.0740788824552747,-0.2896899447343453,0.24517757330530676,0.04238802602932223,Entertainment,Communication Services,MSGS
2019Q3,2019,Q3,2019-05-08,2019-03-31,35271000.0,517190000.0,38513000.0,1.48,206398000.0,0.39907577486030277,3918453000.0,2687917000.0,1614551000.0,780826000.0,1137738000.0,0.0,102234000.0,3458686663.8049455,2408707663.8049455,112.97566408876934,2.067747487916642,0.026306555163479056,0.03834977047282338,0.010379942413409655,112.97566408876934,0.013122056968276922,6.687458504234315,24.515087917871238,1.2867535209624945,0.0,0.0,0.0,0.13198831273464298,1.8714335844349446,0.009001256363161687,105.91274693180259,0.39907577486030277,-0.5672514619883041,1.8185276105966837,0.949947873183322,0.0,-0.1588569472405839,-0.5677520557849973,-0.5079908529964102,1.6011048262471208,0.5922406591948612,0.041080345675786265,Entertainment,Communication Services,MSGS
2019Q2,2019,Q2,2019-02-01,2018-12-31,81599000.0,632187000.0,78277000.0,3.42,245378000.0,0.3881414834534718,3798509000.0,2628405000.0,1515074000.0,727994000.0,1078350000.0,0.0,66963000.0,3157288972.95156,2032273972.95156,110.54401312192455,2.081162756835908,0.027075360358498557,0.03912867309261701,0.02841439625789699,110.54401312192455,0.031045063451028285,4.9942326763308325,9.673185250283582,1.201218599474419,0.0,0.0,0.0,0.16643030199480902,1.9060115880075934,0.021481849852139353,92.44543591929143,0.3881414834534718,3.514705882352941,8.157643593327812,0.722876974575938,1.331643681292704,1.60414323010634,3.533186390165156,2.541340947130058,0.9705809420160213,0.6160464199836466,-0.010062725916375876,Entertainment,Communication Services,MSGS
2019Q1,2019,Q1,2018-11-01,2018-09-30,-32212000.0,218135000.0,-50785000.0,-1.36,94226000.0,0.43196185848213264,3728289000.0,2530210000.0,1335456000.0,776129000.0,1102621000.0,0.0,-14636000.0,3642630649.2526064,2676848649.2526064,106.7238906698161,1.7206624156551296,0.027653703884006845,0.04074800115405441,-0.019688064688714868,106.7238906698161,-0.012730959090352184,16.698973797201763,-28.270758174380717,1.4396554630851217,0.0,0.0,0.0,0.05850807166504528,1.5387983183207945,-0.008639888163176191,-42.02049499062843,0.43196185848213264,0.2989690721649484,0.07404748318071305,0.9894951882928641,0.0,-0.13377705050653624,0.30054502421123486,-0.1189080814312153,-20.128890164078843,0.525193350434242,-0.03371198678745482,Entertainment,Communication Services,MSGS
2018Q4,2018,Q4,2018-08-17,2018-06-30,-46053000.0,317957000.0,-45388000.0,-1.94,108778000.0,0.34211544328321125,3736173000.0,2536483000.0,1415669000.0,765505000.0,1105454000.0,0.0,-11059000.0,3644420002.0692906,2524482002.0692906,107.08785780629908,1.849326914912378,0.028290981172445707,0.0416718740082232,-0.01669737239095518,107.08785780629908,-0.01815624232450996,11.46199014982935,-19.78383602625937,1.4368004840045412,0.0,0.0,0.0,0.0851023226172878,1.7334047458867023,-0.01232624934659075,218.6739470820407,0.34211544328321125,-6.105263157894736,0.11450570066262343,0.617139551668084,1.3115708135165614,-0.31977613106963076,-6.038070233016081,-7.190398254228041,-43.67750013073186,0.35378235180001516,1.250965717253576,Entertainment,Communication Services,MSGS
2018Q3,2018,Q3,2018-05-02,2018-03-31,9141000.0,459621000.0,7332000.0,0.38,159915000.0,0.34792796673781223,3781181000.0,2586736000.0,1414574000.0,764484000.0,1096398000.0,0.0,36834000.0,2887536597.8237977,1817135597.8237977,109.22332474770933,1.850364428817346,0.02807403295425424,0.04103743095545893,0.002513038526954316,109.22332474770933,0.0035337970322444965,6.282429649262757,78.97212005863138,1.1162857739729906,0.0,0.0,0.0,0.12155487928242525,1.7292801418996342,0.002417498659810255,37.753472593271766,0.34792796673781223,-0.9522613065326633,1.2131098413896506,0.7408725691651606,0.0,-0.2874329942385071,-0.9517912801337461,-0.898781009704985,1.8651839694460837,0.6586594257919235,1.2297022303996927,Entertainment,Communication Services,MSGS
2018Q2,2018,Q2,2018-02-08,2017-12-31,189613000.0,536302000.0,72437000.0,7.96,224421000.0,0.41846012134953814,3714271000.0,2584118000.0,1355268000.0,703887000.0,1034775000.0,0.0,27693000.0,2470476851.0074797,1450729851.0074797,109.39917869692223,1.9254056403939837,0.02851165141154213,0.04098110070824939,0.07113977566007172,109.39917869692223,0.07337629318784979,4.606503147494284,3.257261963852003,0.9560232353969438,0.0,0.0,0.0,0.14438957200484295,1.7706379006857635,0.051049856082122175,-197.2751617829178,0.41846012134953814,17.93617021276596,20.420311809103737,0.47121756269146037,1.3074963224462428,0.8499488921128989,18.071486449986494,5.628562300319489,20.420311809103737,0.47121756269146037,1.3074963224462428,Entertainment,Communication Services,MSGS
2018Q1,2018,Q1,2017-11-03,2017-09-30,-11107000.0,245048000.0,-15650000.0,-0.47,121312000.0,0.4950540302308119,3660537000.0,2394913000.0,1379500000.0,716804000.0,1165470000.0,0.0,-161920000.0,2502821476.333814,1444549476.3338141,101.62146221411295,1.92451493016222,0.02886871516392267,0.04412477614009361,-0.006730472410998779,101.62146221411295,-0.004637746757397868,10.213596831371055,-56.33432691847065,1.0450573679853148,0.0,0.0,0.0,0.06694318347280741,1.7622432352498032,-0.00303425426378698,-48.22949621023267,0.4950540302308119,0.8687150837988827,0.6788126629649236,1.2483261823036345,0.0,0.6179032021445433,0.8682099717601272,0.8307559208391911,0.6788126629649236,1.2483261823036345,0.0,Entertainment,Communication Services,MSGS
2017Q4,2017,Q4,2017-08-17,2017-06-30,-84278000.0,305574000.0,-92470000.0,-3.58,74981000.0,0.24537755175505768,3712753000.0,2408163000.0,1449729000.0,762042000.0,1212262000.0,0.0,-148410000.0,2300972732.572485,1168291732.572485,102.21838787724437,1.902426637901848,0.028397526040649622,0.04378150482338612,-0.0347390165488867,102.21838787724437,-0.034996800465749205,7.530001677408697,-6.825543832828512,0.9554887823508978,0.0,0.0,0.0,0.08230388609207238,1.7622558861585056,-0.022699597845587897,23.81885378893497,0.24537755175505768,-3.8378378378378377,-0.6292095112153847,0.5625372534656474,1.2064596945168746,-0.4376073504594037,-3.8035337703049303,-14.789144050104385,-0.6292095112153847,0.5625372534656474,1.2064596945168746,Entertainment,Communication Services,MSGS
2017Q3,2017,Q3,2017-05-04,2017-03-31,-17545000.0,386033000.0,6706000.0,-0.74,133325000.0,0.3453720277800085,3735695000.0,2490406000.0,1413987000.0,692765000.0,1149786000.0,0.0,-64132000.0,2360160973.56016,1324549973.5601602,104.52910807974817,2.0410774216364858,0.028185384513457337,0.042279050082596976,0.002648824238843865,104.52910807974817,-0.0070450360302697634,6.113883977691441,-33.63010791621773,0.947701287886457,0.0,0.0,0.0,0.10333632697530179,1.8445389129069742,-0.004696582563619353,-190.79716843655297,0.3453720277800085,-1.309623430962343,0.5934003737167148,0.45343413742776334,0.0,-0.25298497845660783,-1.3039358348058068,-0.8848775128323977,0.5934003737167148,0.45343413742776334,0.0,Entertainment,Communication Services,MSGS
2017Q2,2017,Q2,2017-02-03,2016-12-31,57726000.0,445150000.0,58251000.0,2.39,178477000.0,0.40093676288891383,3552785000.0,2567230000.0,1589000000.0,649517000.0,974754000.0,0.0,-46587000.0,2039315887.525275,645241887.525275,107.0973259355054,2.4464332727241933,0.0,0.0,0.021475462276895552,107.0973259355054,0.022485714174421457,4.581188110805964,8.83187769603504,0.7943643099859674,0.0,0.0,0.0,0.1252960705474719,2.3173804534754288,0.01624809832286502,17.259228215823516,0.40093676288891383,3.0084033613445382,5.426008144025006,0.203333450646552,1.2589446162538496,1.5392243341679945,3.0165583735066024,2.773619949456505,5.426008144025006,0.203333450646552,1.2589446162538496,Entertainment,Communication Services,MSGS
2017Q1,2017,Q1,2016-11-04,2016-09-30,-28626000.0,181695000.0,-32843000.0,-1.19,70288000.0,0.3868460882247723,3459671000.0,2490890000.0,1481434000.0,633317000.0,957675000.0,0.0,-104313000.0,2021320836.6709938,731175836.6709938,103.55408663839694,2.3391666416660217,0.0,0.0,-0.011970554914618289,103.55408663839694,-0.011492277860523748,11.1248016548116,-17.65284039571538,0.8114853874201566,0.0,0.0,0.0,0.052517999543887264,2.1923365392054848,-0.008274197170771441,-67.39533331124946,0.3868460882247723,0.5020920502092051,0.1889655444610877,0.6333081424291391,0.0,-0.07524306971726288,0.5099881887742002,0.2884502892302359,0.1889655444610877,0.6333081424291391,0.0,Entertainment,Communication Services,MSGS
2016Q4,2016,Q4,2016-08-19,2016-06-30,-58419000.0,217764000.0,-46157000.0,-2.39,76007000.0,0.34903381642512077,3543950000.0,2586421000.0,1603853000.0,614815000.0,957529000.0,0.0,-75687000.0,2094675973.800237,665633973.8002369,105.65876874055313,2.6086757805193432,0.0,0.0,-0.01788324260937388,105.65876874055313,-0.02258681011328009,9.619018633935072,-8.964018443486866,0.8098743297399136,0.0,0.0,0.0,0.06144669083931771,2.479435277278531,-0.016484149042734802,61.468907879221675,0.34903381642512077,0.032388663967611364,-0.08687603872174102,0.07167536210558186,1.2807228664013126,0.24174154549910146,0.03846533675686352,0.1893178305465786,-0.08687603872174102,0.07167536210558186,1.2807228664013126,Entertainment,Communication Services,MSGS
2016Q3,2016,Q3,2016-05-06,2016-03-31,-60756000.0,336328000.0,-56936000.0,-2.47,61210000.0,0.1819949573035846,3610169000.0,2673334000.0,1656785000.0,595313000.0,936835000.0,0.0,-17268000.0,2032873629.091669,609214629.0916691,108.51771869291659,2.783048581166546,0.0,0.0,-0.021340954879610644,108.51771869291659,-0.022726677624269918,6.044318727824234,-8.36490893529721,0.7604263549154984,0.0,0.0,0.0,0.09316128967923662,2.6465237614498593,-0.016829129051853253,-62.340876110634156,0.1819949573035846,-2.4195402298850577,-0.3617052714532323,0.22465650021105502,0.0,-0.6202994925747181,-2.397075055187638,-2.1610350945166092,-0.3617052714532323,0.22465650021105502,0.0,Entertainment,Communication Services,MSGS
2016Q2,2016,Q2,2016-02-04,2015-12-31,43488000.0,410838000.0,49039000.0,1.74,161206000.0,0.39238337252152916,3746103000.0,2788454000.0,1740168000.0,618093000.0,957649000.0,0.0,43488000.0,2004118309.582434,462467309.58243394,111.66769452564975,2.8153821512296693,0.0,0.0,0.01761480102251837,111.66769452564975,0.015595738713997075,4.8781230304461465,11.521099553798944,0.7187202333559864,0.0,0.0,0.0,0.10967076986404271,2.6835621823900286,0.011608863931397508,18.449201498517283,0.39238337252152916,30.000000000000004,3.647179620015507,0.06610611754170558,1.3553448711698275,1.0397818577520213,28.129132875857767,11.714223290364869,3.647179620015507,0.06610611754170558,1.3553448711698275,Entertainment,Communication Services,MSGS
2016Q1,2016,Q1,2015-11-05,2015-09-30,-1603000.0,150381000.0,-4577000.0,-0.06,79031000.0,0.5255384656306316,3744876000.0,2753230000.0,1709720000.0,589540000.0,991646000.0,0.0,0.0,2684827313.9839997,1219081313.9839997,110.44728818998716,2.900091596838213,0.0,0.0,-0.0017993551165389162,110.44728818998716,-0.0005822252408988715,17.8535008676894,-418.71916936743605,0.9751554770157234,0.0,0.0,0.0,0.04015646980033518,2.6473979712996574,-0.00042805155631321304,-47.91938519997144,0.5255384656306316,-0.3787131367292225,0.956175998378112,0.30442162479034507,0.0,-0.19428472392137672,-0.4325290437890974,-2.0597360500115767,0.956175998378112,0.30442162479034507,0.0,Entertainment,Communication Services,MSGS
2015Q4,2015,Q4,2015-06-30,2015-06-30,-1119000.0,254965000.0,4319000.0,-0.043518842608797105,98088000.0,0.38471162708607065,2148942000.0,1223275000.0,168635000.0,533718000.0,925667000.0,0.0,0.0,3301241055.408,3287030055.408,47.574184264768796,0.31596273687602816,0.0,0.0,0.003950837710245039,47.574184264768796,-0.0009147575156853528,12.947820506375384,-737.5426844075067,2.698690854802068,0.0,0.0,0.0,0.11864675733453951,0.1819462712518596,-0.0005207213596272026,85.65752608738973,0.38471162708607065,0.9024497102580777,0.9801803078340035,0.1945343721743041,0.026924042333674535,0.40611829467587945,0.9024496556533868,1.4506469115191987,0.9801803078340035,0.1945343721743041,0.026924042333674535,Entertainment,Communication Services,MSGS
2015Q3,2015,Q3,2015-03-31,2015-03-31,-11471000.0,300856000.0,-9584000.0,-0.446117,69758000.0,0.23186507830988912,2208373000.0,1259567000.0,212730000.0,569563000.0,948806000.0,0.0,0.0,3301241055.408,3287100055.408,48.98561039163069,0.37349687391912745,0.0,0.0,-0.007524347105270961,48.98561039163069,-0.009107097915394735,10.972827716276225,-71.94754283427774,2.6209332694552967,0.0,0.0,0.0,0.13623423217001837,0.2170418373384507,-0.0051943217925595,-110.26925831411585,0.23186507830988912,-2.190432606096832,0.7536826283014817,0.04956601825235134,0.0,-0.4547770899768649,-2.1904317144043173,-1.2400861745033693,0.7536826283014817,0.04956601825235134,0.0,Entertainment,Communication Services,MSGS
2015Q2,2015,Q2,2014-12-31,2014-12-31,9636000.0,396814000.0,39919000.0,0.374752,127944000.0,0.3224281401361847,2165161000.0,1219062000.0,191532000.0,561571000.0,946099000.0,0.0,0.0,3301241055.408,3283184055.408,47.41033718352584,0.34106462050212705,0.0,0.0,0.03200499651233682,47.41033718352584,0.007904438002332941,8.319366391830933,85.64863676338729,2.7080173571221153,0.0,0.0,0.0,0.18327228321589017,0.17176812905224806,0.004450477354801791,75.10160055072002,0.3224281401361847,1.2553935629580106,0.0,0.0,0.0,1.514622641509434,1.255393586005831,2.138590986879635,0.0,0.0,0.0,Entertainment,Communication Services,MSGS
2015Q1,2015,Q1,2014-09-30,2014-09-30,-37730000.0,118916000.0,-35060000.0,-1.467351,50880000.0,0.4278650475966228,,,,,,,,3301241055.408,,,0.0,0.0,0.0,0.0,,0.0,27.76111755699822,-21.874112479512323,0.0,0.0,0.0,0.0,0.0,0.0,0.0,-69.80843847341933,0.4278650475966228,0.3317275144263979,0.0,0.0,0.0,0.2923545847091694,0.3317274482367736,0.3622323686173212,0.0,0.0,0.0,Entertainment,Communication Services,MSGS
2014Q4,2014,Q4,2014-06-30,2014-06-30,-56459000.0,213443000.0,-54973000.0,-2.1957375646560107,39370000.0,0.18445205511541723,2137191000.0,1191203000.0,157919000.0,549036000.0,945988000.0,0.0,0.0,3301241055.408,3295098055.408,46.32687745498386,0.2876295907736469,0.0,0.0,-0.04649917155492887,46.32687745498386,-0.04739662341347361,15.4666166396087,-14.617868964239536,2.771350521622259,0.0,0.0,0.0,0.09987081173371963,0.1606506677157782,-0.026417386185886054,113.22293292890215,0.18445205511541723,-0.21234700450934088,0.0,0.0,0.0,0.04371570212878768,-0.21234700450934077,-0.1724821908458815,0.0,0.0,0.0,Entertainment,Communication Services,MSGS
2014Q3,2014,Q3,2014-03-31,2014-03-31,-46570000.0,286648000.0,-46886000.0,-1.8111461128611985,37721000.0,0.1315934525969133,,,,,,,,3301241055.408,,,0.0,0.0,0.0,0.0,,0.0,11.51670709514108,-17.721929651105864,0.0,0.0,0.0,0.0,0.0,0.0,0.0,-30.061840872449118,0.1315934525969133,0.0,0.0,0.0,0.0,0.0,0.0,0.0,0.0,0.0,0.0,Entertainment,Communication Services,MSGS
