Year,Date,FillingDate,NetIncome,Revenue,OperatingIncome,EPSDiluted,GrossProfit,GrossProfitRatio,TotalAssets,CommonStockEquity,CurrentAssets,CurrentLiability,TotalLiability,Inventory,RetainedEarnings,EnterpriseValue,bookValuePerShare,currentRatio,debtToAssets,debtToEquity,roic,shareholdersEquityPerShare,roe,priceToSalesRatio,peRatio,pbRatio,payoutRatio,inventoryTurnover,dividendYield,assetTurnover,quickRatio,returnOnAssets,priceToFreeCashFlowsRatio,grossProfitMargin,epsdilutedGrowth,fiveYNetIncomeGrowthPerShare,fiveYRevenueGrowthPerShare,fiveYShareholdersEquityGrowthPerShare,grossProfitGrowth,netIncomeGrowth,operatingIncomeGrowth,threeYNetIncomeGrowthPerShare,threeYRevenueGrowthPerShare,threeYShareholdersEquityGrowthPerShare,Industry,Sector,Price,MarketCap,AvgVolume,Symbol
2022,2022-06-30,2022-06-30,-706619000.0,-706089000.0,-683526000.0,-2.93,-706089000.0,1.0,8931654000.0,4466886000.0,685766000.0,244173000.0,4464768000.0,0.0,-1632385000.0,8905482077.78,18.521970100921067,2.8085251031031278,0.4571182448402054,0.9140197444035957,-0.07994729176715742,18.521970100921067,-0.15819051571945197,-7.128213409046169,-7.122866888351431,1.1267699864693212,-0.449464279901899,0.0,0.06310159756557325,-0.07905467453172726,2.8085251031031278,-0.07911401404487903,-18.35657679322217,1.0,-1.576771653543307,-1.2486499078279703,-1.8216048716926703,-0.3461122807814274,-3.1165420182551222,-3.119579335107101,-2.979696931079625,-2.2415254190779845,-2.2386520567624273,-0.3569058998615307,Asset Management,Financial Services,19.122,4924794612,1056340,PDI
2021,2021-06-30,2021-06-30,333377000.0,333605000.0,345268000.0,5.08,333605000.0,1.0,3243589000.0,1781435000.0,162632000.0,182776000.0,1462154000.0,0.0,-3822000.0,3080858601.14,27.145513213985428,0.8897885936884492,0.38051460897172856,0.6928307796804262,0.11449138300369935,27.145513213985428,0.1871395812926096,5.667383885553273,5.671259868377242,1.0613171971696973,0.45552032683718435,0.0,0.08032083477203199,0.10285057693807692,0.8897885936884492,0.10278028443184387,-6.332028082642303,1.0,2.763888888888889,1.7917823677376283,0.04641508291531493,13.54856124730634,2.953808581167348,2.948581715735269,3.3724378663258503,0.623003202668282,0.6215338911298126,-0.13484663252527126,Asset Management,Financial Services,19.122,4924794612,1056340,PDI
2020,2020-06-30,2020-06-30,-171087000.0,-170746000.0,-145533000.0,-2.88,-170746000.0,1.0,2523589000.0,1375107000.0,166130000.0,61315000.0,1148482000.0,0.0,-169785000.0,2454147741.76,23.147919960148947,2.709451194650575,0.4120239072210253,0.7561440673343965,-0.06026495660664727,23.147919960148947,-0.12441722716850398,-8.600475219097373,-8.583333285170703,1.0679145272040649,-0.9020322993564678,0.0,0.10509114226228353,-0.06765998742267461,2.709451194650575,-0.0677951124370886,13.341722769197224,1.0,-2.2203389830508478,-2.305604217810326,-3.8313650250329507,2.4500707939961854,-2.2975901874805262,-2.302220260159384,-1.8864396352716886,-1.2444067365102371,-1.8065796631847069,-0.18280072233551597,Asset Management,Financial Services,19.122,4924794612,1056340,PDI
2019,2019-06-30,2019-06-30,131381000.0,131587000.0,164177000.0,2.36,131587000.0,1.0,2743603000.0,1603368000.0,55832000.0,60504000.0,1140235000.0,0.0,179237000.0,2812516881.7,28.801337311185044,0.9227819648287716,0.3866510570224628,0.6616179192799158,0.06162372357775455,28.801337311185044,0.08194063995289914,13.529633487350575,13.550847395742155,1.1103651075111889,1.2017643342644675,0.0,0.08868554852459462,0.04796138508377488,0.9227819648287716,0.04788630133441318,45.993693337294616,1.0,-0.24600638977635783,0.06987012181062992,1.3284251040296173,3.2926817120682994,-0.1640917811177883,-0.16407283925481014,-0.12353858144972721,1.367835906479176,-0.5134406852851767,14.435995502204245,Asset Management,Financial Services,19.122,4924794612,1056340,PDI
2018,2018-06-30,2018-06-30,157168000.0,157418000.0,187318000.0,3.13,157418000.0,1.0,2664116000.0,1575523000.0,47870000.0,39533000.0,1088593000.0,0.0,18239000.0,2570568663.5299997,31.376533033928638,1.2108871069739204,0.3738099241924901,0.6320904233070542,0.07284681161516934,31.376533033928638,0.09975608099659605,10.1659382251712,10.182108721431844,1.015727262331302,0.7588949404458923,0.0,0.07453219772133544,0.059088267928273396,1.2108871069739204,0.05899442817054513,16.302327365734893,1.0,-0.7342954159592529,0.4189378960397157,2.0881930598173355,3.6765005418878753,0.29927862790736065,-0.7247664328806466,0.5465233401033669,0.4189378960397157,2.0881930598173355,3.6765005418878753,Asset Management,Financial Services,19.122,4924794612,1056340,PDI
2017,2017-06-30,2017-06-30,571035000.0,172688000.0,121122000.0,11.78,121158000.0,0.7016005744,2608885000.0,1372674000.0,21231000.0,1201800000.0,1236211000.0,0.0,-5329000.0,2589895800.0,28.3259182831201,0.017666000998502247,0.4402662440084557,0.836763863816172,0.10119212671661525,28.3259182831201,0.4160019057693232,8.46916288335032,2.5611789119756234,1.065455308398061,0.3009622877757055,0.0,0.11750927917157941,0.06619226221163448,0.017666000998502247,0.21888086289736802,120.9596228599785,0.7016005744464004,2.8348909657320873,4.341932208794252,2.5103352517636788,3.2218231076467916,-0.3156500471642162,2.933797732414017,-0.3156175839077862,4.341932208794252,2.5103352517636788,3.2218231076467916,Asset Management,Financial Services,19.122,4924794612,1056340,PDI
2016,2016-06-30,2016-06-30,-295292000.0,223589000.0,176980000.0,-6.42,177041000.0,0.7918144453,0.0,85876000.0,153000.0,0.0,0.0,0.0,0.0,1268756250.0,1.8658555133079848,0.0,0.0,0.0,-31.11888560635517,1.8658555133079848,-3.4385858679957146,5.67518639110153,-4.297133853947956,14.776063743071406,-0.7563733524782249,0.0,0.17601810373752103,0.0,0.0,0.0,10.667764485321317,0.7918144452544624,-3.9049773755656103,-3.908552707785196,3.78549075849946,-0.7219044465609419,3.894421099192746,-3.9434714566242364,3.892734711931881,-3.908552707785196,3.78549075849946,-0.7219044465609419,Asset Management,Financial Services,19.122,4924794612,1056340,PDI
2015,2015-06-30,2015-06-30,100321000.0,46168000.0,36172000.0,2.21,36172000.0,0.7834863975,0.0,305137000.0,13506000.0,0.0,0.0,0.0,0.0,1314935590.0,6.70940434046483,0.0,0.0,0.0,0.2066267022261536,6.70940434046483,0.3287736328272219,28.774077066366313,13.241909370919348,4.353590649445986,0.2789445878729279,0.0,0.02106528447366662,0.0,0.0,0.0,4.562316357404603,0.7834863975047652,0.0,0.0,0.0,0.0,0.0,0.0,0.0,0.0,0.0,0.0,Asset Management,Financial Services,19.122,4924794612,1056340,PDI
TTM,,,,,,,,,,,,,,,,8796634275.0,18.521970100921067,2.8085251031031278,0.4571182448402054,0.9140197444035957,-0.07994729176715742,18.521970100921067,-0.2261788406837613,-6.974057484254818,-6.525631393961102,1.032292995605753,-0.449464279901899,0.0,0.16113932458512248,-0.07905467453172726,2.8085251031031278,-0.07911401404487903,-17.961379097553504,1.0,,,,,,,,,,,Asset Management,Financial Services,19.122,4924794612,1056340,PDI
