Quarters,Year,Quarter,FillingDate,Date,NetIncome,Revenue,OperatingIncome,EPSDiluted,GrossProfit,GrossProfitRatio,TotalAssets,CommonStockEquity,CurrentAssets,CurrentLiability,TotalLiability,Inventory,RetainedEarnings,MarketCap,EnterpriseValue,bookValuePerShare,currentRatio,debtToAssets,debtToEquity,roic,shareholdersEquityPerShare,roe,priceToSalesRatio,peRatio,pbRatio,payoutRatio,inventoryTurnover,dividendYield,assetTurnover,quickRatio,returnOnAssets,priceToFreeCashFlowsRatio,grossProfitMargin,epsdilutedGrowth,fiveYNetIncomeGrowthPerShare,fiveYRevenueGrowthPerShare,fiveYShareholdersEquityGrowthPerShare,grossProfitGrowth,netIncomeGrowth,operatingIncomeGrowth,threeYNetIncomeGrowthPerShare,threeYRevenueGrowthPerShare,threeYShareholdersEquityGrowthPerShare,Industry,Sector,Symbol
2023Q1,2023,Q1,2023-05-08,2023-03-31,13012000.0,40090000.0,26033000.0,0.86,40090000.0,1.0,3928478000.0,408410000.0,639742000.0,0.0,398574000.0,0.0,252884000.0,399659500.0,715531500.0,27.02911978821972,0.0,0.10145761284650187,0.9759163585612497,0.025305173668453612,27.02911978821972,0.03186014054504052,9.969057121476677,7.67867161082078,0.9785742268798512,0.3030279741776821,0.0,0.009865898345967005,0.010204969965467542,0.0,0.003312224225259757,24.67033950617284,1.0,0.036144578313253045,0.7029018466050128,0.3942980307067356,0.1856809391504876,-0.026516439221018893,0.0399616368286445,0.22646753980966738,0.7352410175828409,0.25147459338125655,0.04152034195272481,Banks—Regional,Financial Services,BHB
2022Q4,2022,Q4,2023-03-14,2022-12-31,12512000.0,41182000.0,21226000.0,0.83,41182000.0,1.0,3909803000.0,393450000.0,651811000.0,331369000.0,3516353000.0,0.0,243815000.0,482938920.0,1116258920.0,26.102965567571154,1.967024676418132,0.18558863451687976,1.8442368788918542,0.014963610660176142,26.102965567571154,0.03180073706951328,11.726941867806323,9.6495148657289,1.227446740373618,0.31289961636828645,0.0,0.008106615221651634,0.010533011509787067,1.967024676418132,0.0032001612357451257,29.43493143170598,1.0,0.09210526315789468,0.9394814666699858,0.40532153533243814,0.13622361618255044,0.0632277386208143,0.09466316710411199,0.12164447262735151,2.0689980972246764,0.33175098153365934,0.02421381670354391,Banks—Regional,Financial Services,BHB
2022Q3,2022,Q3,2022-11-04,2022-09-30,11430000.0,38733000.0,18924000.0,0.76,38733000.0,1.0,3840246000.0,379965000.0,638817000.0,0.0,3460281000.0,0.0,235218000.0,399338160.0,566278160.0,25.233430734493293,0.0,0.06484089821329155,0.6553366757464504,0.02389007808092472,25.233430734493293,0.030081718052978563,10.310024010533654,8.734430446194226,1.0509866961430658,0.342082239720035,0.0,0.009791200520381021,0.01008607261097336,0.0,0.002976371826179885,19.702889283599763,1.0,0.0857142857142858,0.35833602315062196,0.30311308004476123,0.10083348259879239,0.09168545659526493,0.08826049700085689,0.10196238281022535,1.3531770209361291,0.32912896112166695,-0.005462804425384639,Banks—Regional,Financial Services,BHB
2022Q2,2022,Q2,2022-08-03,2022-06-30,10503000.0,35480000.0,17173000.0,0.7,35480000.0,1.0,3712244000.0,393597000.0,626976000.0,0.0,3318647000.0,0.0,227698000.0,388365480.0,498802480.0,26.20834998002397,0.0,0.047829022014716706,0.4511035399151924,0.023841007456407534,26.20834998002397,0.026684654608647933,10.946039458850056,9.244155955441302,0.9867084352777079,0.3718937446443873,0.0,0.010057536524615936,0.00955756141029523,0.0,0.0028292860059845205,30.31973456163635,1.0,0.16666666666666663,0.6420470237423449,0.19754789329697042,0.16219983533889812,0.055732436694736216,0.1526558384547849,0.1754277891854894,0.7764700995392091,0.2680403169149915,0.04266503651049626,Banks—Regional,Financial Services,BHB
2022Q1,2022,Q1,2022-05-05,2022-03-31,9112000.0,33607000.0,14610000.0,0.6,33607000.0,1.0,3692070000.0,406999000.0,714959000.0,0.0,3285071000.0,0.0,221101000.0,429610069.08000004,497264069.08000004,27.113683356967375,0.0,0.04840184503544082,0.43907478888154516,0.020036460388432945,27.113683356967375,0.022388261396219647,12.783350762638737,11.786931219271292,1.0555555887852304,0.3954126426690079,0.0,0.008386674939243721,0.009102481805599569,0.0,0.0024679922103318735,76.72978551169852,1.0,-0.07692307692307698,1.0860378822761305,0.18597235720481844,0.1504600873152017,-0.039058702427586994,-0.0669670284661069,-0.0015717897902002324,0.2941765170520845,0.24422392433720036,0.10462021124762687,Banks—Regional,Financial Services,BHB
2021Q4,2021,Q4,2022-03-14,2021-12-31,9766000.0,34973000.0,14633000.0,0.65,34973000.0,1.0,3709233000.0,424147000.0,868665000.0,0.0,3285086000.0,0.0,0.0,433747490.0,361882490.0,28.289668511972252,0.0,0.04812962679885572,0.42090124414412927,0.01988268323116803,28.289668511972252,0.023025036131341256,12.402352957996168,11.103509369240221,1.0226348176457691,0.36862584476756094,0.0,0.00829975984414342,0.009428633898167088,0.0,0.002632889333185594,-16.43356406759112,1.0,-0.10958904109589036,1.2927865876624778,0.5645181069603492,0.6416326422804037,-0.05304343117080039,-0.11443598113891912,0.0,0.3263342315652817,0.21804406167404838,0.18447752471608334,Banks—Regional,Financial Services,BHB
2021Q3,2021,Q3,2021-11-08,2021-09-30,11028000.0,36932000.0,0.0,0.73,36932000.0,1.0,3738345000.0,418435000.0,3016505000.0,0.0,3319910000.0,0.0,209426000.0,420273150.0,329424150.0,27.92731762664353,0.0,0.06696813696970183,0.5983008113566026,0.0,27.92731762664353,0.026355347903497556,11.379647730965017,9.5274109085963,1.0043929164625331,0.3260790714544795,0.0,0.008556340085013757,0.009879238005053038,0.0,0.002949968502104541,23.83446662507798,1.0,0.21666666666666667,0.8367570641734641,0.568453555759712,0.5402672925300801,0.14485879909482624,0.22193905817174514,0.0,0.27210008578283923,0.291223584961306,0.21044272241177187,Banks—Regional,Financial Services,BHB
2021Q2,2021,Q2,2021-08-03,2021-06-30,9025000.0,32259000.0,0.0,0.6,32259000.0,1.0,3639675000.0,415572000.0,2840032000.0,0.0,3224103000.0,0.0,201994000.0,428298300.0,594613300.0,27.769595723354495,0.0,0.09342400076929945,0.8182288508369188,0.0,27.769595723354495,0.02171705504701953,13.27686227099414,11.8642188365651,1.0306235742542809,0.398005540166205,0.0,0.00838667816332682,0.008863153990397494,0.0,0.0024796169987704947,63.54574183976261,1.0,-0.04761904761904766,0.26349970622707913,0.30879217082397237,0.5179613181778783,-0.04190674190674191,-0.047995780590717296,0.0,0.09394132100071031,0.10827418749661386,0.20779092486852366,Banks—Regional,Financial Services,BHB
2021Q1,2021,Q1,2021-05-05,2021-03-31,9480000.0,33670000.0,0.0,0.63,33670000.0,1.0,165947000.0,405581000.0,39039000.0,0.0,3324649000.0,0.0,196561000.0,439358280.0,568059280.0,27.15822954332396,0.0,2.1224427076114663,0.86841592678158,0.0,27.15822954332396,0.02337387599517729,13.048953964953965,11.58645253164557,1.083281218794766,0.3464135021097046,0.0,0.007474537637028258,0.20289610538304398,0.0,0.0571266729739013,84.91655972168535,1.0,0.08620689655172423,0.2986600196561648,0.39701575403625833,0.5243332128406096,-0.16003492578271175,0.09722222222222222,0.0,0.2552846451678734,0.18481622126425087,0.19134457070360247,Banks—Regional,Financial Services,BHB
2020Q4,2020,Q4,2021-03-10,2020-12-31,8640000.0,40085000.0,0.0,0.58,40085000.0,1.0,154713000.0,411341000.0,27566000.0,93455000.0,3314421000.0,0.0,195607000.0,336794310.0,446810310.0,27.59011335434972,0.2949654914129795,2.1719118626101235,0.8168964435833044,0.0,27.59011335434972,0.02100447074325195,8.402003492578272,9.745205729166667,0.8187715545010101,0.3798611111111111,0.0,0.009744820213856939,0.25909264250580105,8.678540474024931,0.055845339434953754,87.27502202643171,1.0,0.035714285714285546,0.5044248370912717,0.828916101340957,0.6113455233951508,0.15296114131216385,0.028326588907403,0.0,0.35401608972034904,0.38293363540849207,0.20095696733061497,Banks—Regional,Financial Services,BHB
2020Q3,2020,Q3,2020-11-05,2020-09-30,8402000.0,34767000.0,0.0,0.56,34767000.0,1.0,180563000.0,404445000.0,53173000.0,0.0,3455265000.0,0.0,190249000.0,309873450.0,1144137450.0,26.82173884209828,0.0,2.46668475822843,1.1012424433482921,0.0,26.82173884209828,0.02077414728825922,8.912861334023644,9.22022881456796,0.7661695657011461,0.3946679362056653,0.0,0.01070114267614731,0.19254775341570532,0.0,0.04653223528629896,23.803460593025044,1.0,0.018181818181818195,0.27380496835212764,0.5229722023509696,0.564034466323518,0.013615160349854227,-0.00931493927602877,0.0,-0.0029006876114143062,0.16805404408847863,0.17012500161307384,Banks—Regional,Financial Services,BHB
2020Q2,2020,Q2,2020-08-05,2020-06-30,8481000.0,34300000.0,0.0,0.55,34300000.0,1.0,180408000.0,404174000.0,52776000.0,0.0,3376091000.0,0.0,185163000.0,345343360.0,1522986360.0,26.204227178423235,0.0,3.3631657132721386,1.5011900814995522,0.0,26.204227178423235,0.02098353679355921,10.068319533527697,10.179912746138427,0.8544422946552723,0.39971701450300673,0.0,0.009816317302293,0.19012460644760765,0.0,0.047010110416389514,28.437364953886693,1.0,0.10000000000000009,0.27215911459923636,0.50084565552556,0.5795297035530678,0.039898132427843805,0.09843284548633596,0.0,0.2910241643807958,0.12724543028049518,0.1620170111876195,Banks—Regional,Financial Services,BHB
2020Q1,2020,Q1,2020-05-08,2020-03-31,7721000.0,32984000.0,0.0,0.5,32984000.0,1.0,3677342000.0,403755000.0,731893000.0,3213738000.0,3273587000.0,0.0,180072000.0,268842240.0,1366957240.0,25.95160046278442,0.2277388511446795,0.15158475877413632,1.380612004804894,0.0,25.95160046278442,0.019122982997114586,8.150686393402863,8.704903509908045,0.6658548872459784,0.4441134568061132,0.0,0.012754692119809743,0.008969522008015571,0.22154761838083875,0.0020996143410104365,113.14909090909092,1.0,0.8518518518518517,0.14193801702659525,0.4295415132137344,0.5440810648998083,0.03365716076465058,0.8352745424292846,0.0,0.7054268155662929,0.12305027226385791,0.10115177422812438,Banks—Regional,Financial Services,BHB
2019Q4,2019,Q4,2020-03-10,2019-12-31,4207000.0,31910000.0,0.0,0.27,31910000.0,1.0,3669128000.0,396407000.0,740819000.0,3212801000.0,3272721000.0,0.0,175780000.0,394916060.0,1532552060.0,25.485855728429986,0.23058353131737697,0.1448071585401218,1.3403295098219759,0.0,25.485855728429986,0.010612829743168007,12.375934189909119,23.46779534109817,0.9962388656103449,0.8131685286427383,0.0,0.008662600351072072,0.008696889288136037,0.22414709158768314,0.0011465939591096305,48.301866438356164,1.0,-0.15624999999999997,-0.22295362215138337,0.47145379226626316,0.5525721912793756,0.060555703270406804,-0.16111665004985046,0.0,-0.047936597819998636,0.37600799252658007,0.4789290536413875,Banks—Regional,Financial Services,BHB
2019Q3,2019,Q3,2019-11-04,2019-09-30,5015000.0,30088000.0,0.0,0.32,30088000.0,1.0,3612474000.0,394459000.0,774737000.0,3175087000.0,3218015000.0,0.0,174994000.0,387586710.0,822763710.0,25.3720331896829,0.2440049674229399,0.14028336259305949,1.2847216060477769,0.0,25.3720331896829,0.01271361535672909,12.881770473278383,19.321371385842472,0.9825779358564514,0.6821535393818544,0.0,0.00882641203048474,0.008328918076642213,0.23535355094206867,0.0013882452856408102,44.06898351335986,1.0,-0.1794871794871795,-0.2578453859198088,0.3161845914023107,0.5969502746653099,0.03934505509689454,-0.18015367009972208,0.0,-0.19503299431112536,0.23144306583689028,0.3993364271322982,Banks—Regional,Financial Services,BHB
2019Q2,2019,Q2,2019-08-05,2019-06-30,6117000.0,28949000.0,0.0,0.39,28949000.0,1.0,3687635000.0,390562000.0,843640000.0,3254130000.0,3297073000.0,0.0,173400000.0,404298760.0,1869025760.0,25.13592482945038,0.25925208888397205,0.21044029574510492,1.9869495752274926,0.0,25.13592482945038,0.015662045974774812,13.965897267608552,16.523572012424392,1.0351717781043726,0.5589341180317149,0.0,0.008456617576566398,0.007850288870780323,0.24842891955760832,0.0016587867291638137,51.97310194112354,1.0,-0.17021276595744672,-0.09347068249516022,0.26731091233657683,0.61754625513156,0.03640985249892596,-0.15986814997939844,0.0,-0.1752012021978039,0.13118843981314304,0.3739977336307974,Banks—Regional,Financial Services,BHB
2019Q1,2019,Q1,2019-05-09,2019-03-31,7281000.0,27932000.0,0.0,0.47,27932000.0,1.0,3629195000.0,381023000.0,836445000.0,3205214000.0,3248172000.0,0.0,170702000.0,411669960.0,1851042960.0,24.545706371191137,0.26096385451954224,0.20562163234546504,1.9585195644357427,0.0,24.545706371191137,0.019109082653803053,14.738291565229844,14.13507622579316,1.0804333596659519,0.4264524103831891,0.0,0.007542449781859235,0.007696472633738336,0.25001076371187697,0.002006230031728799,166.80306320907619,1.0,-0.04081632653061228,-0.26779576758941365,-0.15427931675551546,0.11853771105498016,-0.05997173049740863,-0.044488188976377956,0.0,-0.040425598431846815,0.11496365351837176,0.3776978869168435,Banks—Regional,Financial Services,BHB
2018Q4,2018,Q4,2019-03-12,2018-12-31,7620000.0,29714000.0,0.0,0.49,29714000.0,1.0,3608487000.0,370579000.0,860250000.0,3194935000.0,3237908000.0,0.0,166526000.0,348023880.0,1698902880.0,23.88366847125548,0.26925430407817375,0.20058157338518887,1.953148991173272,0.0,23.88366847125548,0.02056241719039665,11.712454735141684,11.4181062992126,0.9391354609948216,0.40708661417322833,0.0,0.008913181474788454,0.008234476111456132,0.25809320064414454,0.002111688361354773,41.230171780594716,1.0,-0.1551724137931034,0.3333513140610071,0.4067261556886089,0.7437210963907819,0.004020949484710255,-0.1505016722408027,0.0,0.2749127588799952,0.3026920364836842,0.3948780049989933,Banks—Regional,Financial Services,BHB
2018Q3,2018,Q3,2018-11-06,2018-09-30,8970000.0,29595000.0,0.0,0.58,29595000.0,1.0,3560992000.0,357685000.0,819386000.0,3160300000.0,3203307000.0,0.0,162008000.0,437184600.0,1859480600.0,23.071986067212798,0.2592747523969243,0.21966126292898158,2.186873925381271,0.0,23.071986067212798,0.025077931699679885,14.772245311708058,12.184632107023411,1.222261487062639,0.34570791527313266,0.0,0.007093113526871715,0.008310886404687233,0.24846755054899852,0.002518961008617823,38.63419936373277,1.0,0.05454545454545439,0.45039030364711796,0.43324244941532986,0.6558122532450268,-0.0172018729452396,0.050966608084358524,0.0,0.32272480672822734,0.26095589828223303,0.3453781512113862,Banks—Regional,Financial Services,BHB
2018Q2,2018,Q2,2018-08-07,2018-06-30,8535000.0,30113000.0,0.0,0.55,30113000.0,1.0,3541055000.0,355963000.0,810252000.0,3142100000.0,3185092000.0,0.0,156139000.0,468949780.0,1896630780.0,22.99205529001421,0.2578695776709844,0.2199703195798992,2.1882246188508354,0.0,22.99205529001421,0.023977211114638318,15.573001029455718,13.736080257762156,1.317411584911915,0.3628588166373755,0.0,0.006604118675564791,0.008503962802046282,0.24554915502371025,0.0024102986256920606,79.48301355932203,1.0,0.10000000000000009,0.5376134852033315,0.5266017083710974,0.6875260841014279,0.024391073615457885,0.09254992319508448,0.0,0.27546295560642564,0.3127012232920362,0.3859074732116233,Banks—Regional,Financial Services,BHB
2018Q1,2018,Q1,2018-05-08,2018-03-31,7812000.0,29396000.0,0.0,0.5,29396000.0,1.0,3510987000.0,352157000.0,804477000.0,3115800000.0,3158830000.0,0.0,150701000.0,428218560.0,1884180560.0,22.796284308648367,0.2581927594839207,0.22364537379375088,2.2297327612400153,0.0,22.796284308648367,0.02218328756776097,14.567239080146958,13.703870967741937,1.2159876418756408,0.36917562724014336,0.0,0.006734878562946921,0.008372574435621664,0.24596315552987996,0.002225015358928985,58.885940594059406,1.0,0.16279069767441862,0.3882072637041358,0.5076281092606527,0.5716581085269193,-0.020525123284019727,0.18238232177993038,0.0,0.16362413408162643,0.28310794720406113,0.35634451530392935,Banks—Regional,Financial Services,BHB
2017Q4,2017,Q4,2018-03-13,2017-12-31,6607000.0,30012000.0,0.0,0.43,30012000.0,1.0,3565184000.0,354641000.0,846032000.0,3167500000.0,3210543000.0,0.0,144977000.0,416953370.0,1873231370.0,22.973440435317745,0.26709771112865033,0.23272880165511795,2.3396082235274545,0.0,22.973440435317745,0.018630107629969462,13.892888511262163,15.77695512335402,1.1757054880851339,0.4362040260329953,0.0,0.006912043905533129,0.008418078842494525,0.2550677190213102,0.0018532002836319247,24.75382153882688,1.0,-0.23214285714285723,0.3340277460353503,0.6852519200835779,0.5825954684724844,-0.013995663315592351,-0.23325983520946966,0.0,0.22958321389235092,0.39442112204482976,0.3995184284944058,Banks—Regional,Financial Services,BHB
2017Q3,2017,Q3,2017-11-08,2017-09-30,8617000.0,30438000.0,0.0,0.56,30438000.0,1.0,3475732000.0,353459000.0,804290000.0,3079300000.0,3122273000.0,0.0,141251000.0,483571200.0,1971936200.0,22.92211413748379,0.2611924788101192,0.23552736517084746,2.316053629982544,0.0,22.92211413748379,0.02437906518153449,15.88708850778632,14.029569455727051,1.3681111529201406,0.33410699779505626,0.0,0.005953621721061965,0.008757291989140705,0.24914201279511577,0.0024791899950859274,39.31473170731707,1.0,0.33333333333333354,0.46051929314506573,0.4708866183170228,0.5612849934225835,0.0023380643461652453,0.3143685173886516,0.0,0.2857063009964592,0.3424614374638989,0.4427490376549447,Banks—Regional,Financial Services,BHB
2017Q2,2017,Q2,2017-08-08,2017-06-30,6556000.0,30367000.0,0.0,0.42,30367000.0,1.0,3503411000.0,347122000.0,881507000.0,3113200000.0,3156289000.0,0.0,135456000.0,474412260.0,1988849260.0,22.550639901253817,0.2831514197610176,0.26119801530565495,2.636202833585886,0.0,22.550639901253817,0.018886731466170394,15.622625218164455,18.090766473459425,1.3667017936057064,0.4383770591824283,0.0,0.006058022193608572,0.008667838286743976,0.26896408839779007,0.00187131912299185,55.93824548991864,1.0,0.4482758620689656,0.2010219521954738,0.5336328782368257,0.5852511072373114,0.11161139175635112,0.5568748515791974,0.0,-0.019259373441837084,0.3419098642350435,0.45117807960484096,Banks—Regional,Financial Services,BHB
2017Q1,2017,Q1,2017-05-10,2017-03-31,4211000.0,27318000.0,0.0,0.29,27318000.0,1.0,3427483000.0,341048000.0,808654000.0,3043300000.0,3086435000.0,0.0,131814000.0,478700680.0,2046126680.0,23.5676870983346,0.2657161633752834,0.2582734910720199,2.5956111749665736,0.0,23.5676870983346,0.012347235579742441,17.523269639065816,28.419655663737828,1.40361673430133,0.681548325813346,0.0,0.005995395703218972,0.007970280231878612,0.25178260440968686,0.0012285983621217085,-736.4625846153846,1.0,0.035714285714285546,-0.19682983031922316,0.4899648703428012,0.7021183820699511,1.0144532114150875,0.6296439628482973,0.0,-0.5457409803900709,-0.11273993781807536,0.07396977635041771,Banks—Regional,Financial Services,BHB
2016Q4,2016,Q4,2017-03-14,2016-12-31,2584000.0,13561000.0,0.0,0.28,13561000.0,1.0,1755349000.0,156740000.0,537295000.0,1199100000.0,1598609000.0,0.0,130489000.0,286993955.1957,793370955.1956999,17.232642543385875,0.44808189475439913,0.29328412754386735,3.2845221385734336,0.0,17.232642543385875,0.01648590021691974,21.163185251508,27.766443033639707,1.8310192369254819,0.656733746130031,0.0,0.005913016526229002,0.007725529225242387,0.44808189475439913,0.0014720719355524171,68.65884095590908,1.0,-0.28813498994490666,0.0373015680950306,0.15106014621705663,0.2722451215470297,-0.04795001404099972,-0.28854625550660795,0.0,-0.22868116027116187,0.0951962989211338,0.25813680530810373,Banks—Regional,Financial Services,BHB
2016Q3,2016,Q3,2016-11-08,2016-09-30,3632000.0,14244000.0,0.0,0.393333,14244000.0,1.0,1717875000.0,164336000.0,551858000.0,1185100000.0,1553539000.0,0.0,129602000.0,221876340.48,719800340.48,18.131474817445124,0.4656636570753523,0.29833078658226003,3.1185802258786874,0.0,18.131474817445124,0.02210106124038555,15.576828171861836,15.272325198237885,1.3501383779573557,0.4573237885462555,0.0,0.007486151954762941,0.008291639380048024,0.4656636570753523,0.0021142399767154186,47.480492291889576,1.0,-0.16901420353112928,0.16123067888743983,0.20881006447001596,0.34972197672499894,-0.04248453885453079,-0.1575040593829738,0.0,0.004510430734812973,0.17991154207712098,0.30124550546575923,Banks—Regional,Financial Services,BHB
2016Q2,2016,Q2,2016-08-08,2016-06-30,4311000.0,14876000.0,0.0,0.473333,14876000.0,1.0,1687549000.0,165231000.0,558457000.0,1171800000.0,1522318000.0,0.0,127672000.0,211348191.6,710583191.6,18.294007489392683,0.4765804744837003,0.31116252031792857,3.1779871815821488,0.0,18.294007489392683,0.026090745683316086,14.207326673837052,12.256332150313153,1.279107380576284,0.3771746694502436,0.0,0.007693465402710359,0.008815151441528512,0.4765804744837003,0.002554592488869953,91.45313353526612,1.0,-0.013889583333333289,0.4919783575797341,0.33449805829419543,0.42947606634615226,0.022616347013129853,-0.02156150703586019,0.0,0.3312697414189466,0.2927134694813772,0.34270792374551345,Banks—Regional,Financial Services,BHB
2016Q1,2016,Q1,2016-05-06,2016-03-31,4406000.0,14547000.0,0.0,0.48,14547000.0,1.0,1622493000.0,160594000.0,540264000.0,1113500000.0,1461899000.0,0.0,125037000.0,199625858.0199,684533858.0199,17.81646513672318,0.4851944319712618,0.3033929884443261,3.0652016887305877,0.0,17.81646513672318,0.02743564516731634,13.72281968927614,11.326932479567635,1.243046801374273,0.3615524285065819,0.0,0.007979928130559115,0.008965832210061923,0.4851944319712618,0.002715574119580177,149.9818617730278,1.0,0.26315789473684204,0.4680039873607505,0.30801465941805983,0.4627165091936505,0.09913109180204005,0.2704728950403691,0.0,0.3418410023122778,0.27862712666274836,0.22833140341187508,Banks—Regional,Financial Services,BHB
2015Q4,2015,Q4,2016-03-14,2015-12-31,3468000.0,13235000.0,0.0,0.38,13235000.0,1.0,1580055000.0,154152000.0,514689000.0,1420900000.0,1425903000.0,0.0,122260000.0,206587763.298,650749763.298,17.122406680484374,0.3622274614680836,0.2872570891519599,2.9443795734080647,0.0,17.122406680484374,0.022497275416472052,15.609200098073291,14.892428150086506,1.34015623085007,0.44982698961937717,0.0,0.007551270099912556,0.0083762906987415,0.3622274614680836,0.0021948603054956946,38.85419659544856,1.0,-0.12307624852019121,0.6358133556772309,0.31971425551355853,0.42394292229452285,-0.02719588386622565,-0.11778173492749937,0.0,0.20065488665928616,0.2743020648741294,0.17952917405523883,Banks—Regional,Financial Services,BHB
2015Q3,2015,Q3,2015-11-05,2015-09-30,3931000.0,13605000.0,0.0,0.433333,13605000.0,1.0,1567921000.0,154112000.0,515016000.0,1154100000.0,1413809000.0,0.0,120352000.0,191654714.1603,574924714.1603,17.14907146844822,0.4462490252144528,0.2523124570689467,2.567003218438538,0.0,17.14907146844822,0.025507423172757476,14.087079320859978,12.188674266109132,1.2436066896821791,0.3887051640803867,0.0,0.007972671096010615,0.008677095338349317,0.4462490252144528,0.0025071416225689942,9.062117081672891,1.0,0.015623425294199,0.29732352377897303,0.2872065193488665,0.3718211204852459,0.02470437598855163,0.014975471210947586,0.0,0.14325412375266922,0.12810664585255094,0.16806799644348597,Banks—Regional,Financial Services,BHB
2015Q2,2015,Q2,2015-08-06,2015-06-30,3873000.0,13277000.0,0.0,0.426667,13277000.0,1.0,1560009000.0,148656000.0,497176000.0,1034100000.0,1411353000.0,0.0,117950000.0,211650245.94,708776245.94,16.589891990937698,0.48078135576830094,0.32959040620919494,3.458750403616403,0.0,16.589891990937698,0.02605343881175331,15.941119676131656,13.661905883036408,1.4237585159024864,0.38574748257164987,0.0,0.007058815326978306,0.008510848334849351,0.48078135576830094,0.002482677984550089,45.10874806905371,1.0,0.0,0.35412238023659554,0.3127482627810531,0.3655583975632165,0.0024916943521594683,-0.002061324400927596,0.0,0.21883209768505826,0.15187104507092536,0.1662260921526735,Banks—Regional,Financial Services,BHB
2015Q1,2015,Q1,2015-05-07,2015-03-31,3881000.0,13244000.0,0.0,0.426667,13244000.0,1.0,1508203000.0,150093000.0,493082000.0,1005400000.0,1358110000.0,0.0,115572000.0,193787661.9,672211661.9,16.807148959156724,0.4904336582454744,0.322638265538525,3.2420166163645208,0.0,16.807148959156724,0.02585730180621348,14.632109778012685,12.483101127286782,1.291117253302952,0.37567637206905435,0.0,0.007523698803654331,0.008781311269106347,0.4904336582454744,0.0025732610265329003,-15.267286055306075,1.0,0.23076900887595306,0.20382154075480183,0.25739525704215294,0.42529443092745656,0.06591549295774649,0.25112830431979366,0.0,0.1994941270132226,0.17051896558102012,0.2138551005961914,Banks—Regional,Financial Services,BHB
2014Q4,2014,Q4,2015-03-16,2014-12-31,3102000.0,12425000.0,0.0,0.346667,12425000.0,1.0,1459320000.0,146287000.0,480325000.0,1308000000.0,1313033000.0,0.0,113149000.0,190114988.2782,607614988.2782,16.415246821745995,0.36722094801223243,0.29280760902338077,2.9209704211584078,0.0,16.415246821745995,0.02120489175388107,15.301005092812877,15.321968752272728,1.2996027553931657,0.4497098646034816,0.0,0.007337664497859903,0.008514239508812324,0.36722094801223243,0.002125647561878135,106.98648749476646,1.0,-0.19999861538355032,0.5782094267639171,0.28092743120249425,0.2221515241877886,-0.050221678642409416,-0.1978277734678045,0.0,0.2709368297185524,0.07639666933345264,0.21189873435704593,Banks—Regional,Financial Services,BHB
2014Q3,2014,Q3,2014-11-05,2014-09-30,3867000.0,13082000.0,0.0,0.433333,13082000.0,1.0,1439126000.0,141354000.0,479840000.0,987700000.0,1297772000.0,0.0,111442000.0,171594020.6271,562310020.6271,15.88780414280613,0.4858155310316898,0.28046328118594205,2.8553985030490825,0.0,15.88780414280613,0.02735684876268093,13.11680328903073,11.09348465393716,1.2139311277155227,0.3529868114817688,0.0,0.007954822638991329,0.009090239492580914,0.4858155310316898,0.0026870475552522853,26.550212072891846,1.0,0.0,-0.09179713998687952,-0.07809106865368728,0.09190135170546083,0.0019146817798881826,0.0025926886180969665,0.0,0.2595116499499116,0.1309817646622482,0.18270127661184782,Banks—Regional,Financial Services,BHB
2014Q2,2014,Q2,2014-08-06,2014-06-30,3857000.0,13057000.0,0.0,0.433333,13057000.0,1.0,1452856000.0,138015000.0,489595000.0,932300000.0,1314841000.0,0.0,108941000.0,165078463.7579,624254463.7579,15.539540059338828,0.5251474847152204,0.3241663316942629,3.4124334311487883,0.0,15.539540059338828,0.02794623772778321,12.642909072367312,10.699926351951,1.196090742005579,0.34249416645060926,0.0,0.00800225523019978,0.00898712604690348,0.5251474847152204,0.002654771016535706,86.42851505649215,1.0,-0.31578963988928416,0.018435950670656488,-0.06954388633281819,0.17588705542835514,0.03808236603593576,0.018484288354898338,0.0,0.35746514968291676,0.19115898222027083,0.2142446432107344,Banks—Regional,Financial Services,BHB
2014Q1,2014,Q1,2014-05-05,2014-03-31,3787000.0,12578000.0,0.0,0.633333,12578000.0,1.0,1404083000.0,129729000.0,477810000.0,967900000.0,1274354000.0,0.0,104651000.0,100761919.5165,489761919.5165,21.94446027934111,0.4936563694596549,0.28629575317128686,3.098636388163017,0.0,21.94446027934111,0.0291916225362101,8.010965138853553,6.651829912628729,0.7767108319381171,0.33826247689463956,0.0,0.012713136134631034,0.008958159880861743,0.4936563694596549,0.0026971340013375276,29.82004128928677,1.0,0.7378060826903449,0.5758226932131334,0.43953594214345054,0.6378039441895513,0.04260610079575597,0.16023284313725492,0.0,0.9238608373427755,0.7244331756502063,0.8016213704353331,Banks—Regional,Financial Services,BHB
2013Q4,2013,Q4,2014-03-13,2013-12-31,3264000.0,12064000.0,0.0,0.364444,12064000.0,1.0,1373893000.0,121379000.0,459370000.0,1247500000.0,1252514000.0,0.0,102147000.0,157502559.0483,537492559.0483,13.696954473218668,0.3682324649298597,0.28327533512435105,3.206403084553341,0.0,13.696954473218668,0.026890977846250174,13.055583475489058,12.063615123184741,1.2976096280929978,0.3860294117647059,0.0,0.007999870018706211,0.008780887594594338,0.3682324649298597,0.00237573086113693,34.80719536979006,1.0,-0.07865384420916388,0.6784726786616642,0.1774360252690221,0.35145335173328585,0.02271956595456087,-0.07613925842060572,0.0,0.5641183957342085,0.22211508198619323,0.1390735977179984,Banks—Regional,Financial Services,BHB
2013Q3,2013,Q3,2013-11-08,2013-09-30,3533000.0,11796000.0,0.0,0.395556,11796000.0,1.0,1379270000.0,123403000.0,474162000.0,995900000.0,1255867000.0,0.0,100147000.0,144810083.419,497018083.419,13.933938477624377,0.47611406767747766,0.2639178695976857,2.949798627261898,0.0,13.933938477624377,0.028629773992528546,12.27620239225161,10.246963162963487,1.1734729578616403,0.35125955278799886,0.0,0.008569845211740089,0.00855235015624207,0.47611406767747766,0.0025614999238727735,23.74325027365142,1.0,0.11249985937517588,0.12197790980426369,-0.06548629806686401,0.45886297051455943,0.047137150466045274,0.11451104100946373,0.0,0.18313119092116512,0.13247458833110937,0.114630091216059,Banks—Regional,Financial Services,BHB
2013Q2,2013,Q2,2013-08-08,2013-06-30,3170000.0,11265000.0,0.0,0.355556,11265000.0,1.0,1343322000.0,120464000.0,429811000.0,986300000.0,1222858000.0,0.0,97850000.0,141151435.839,488628435.839,13.624711052840997,0.43578120247389235,0.26877472415400033,2.9971692787886837,0.0,13.624711052840997,0.026314915659450128,12.530087513448734,11.13181670654574,1.1717312710768362,0.38422712933753944,0.0,0.008629030181381038,0.008385926829159352,0.43578120247389235,0.002359821397996906,29.535768118644064,1.0,-0.02438783461931053,0.169129684972038,-0.004042024206619176,0.4121157046502202,0.010948577582338689,-0.014303482587064677,0.0,0.12325558403969322,0.12881194942845212,0.12148642093285751,Banks—Regional,Financial Services,BHB
2013Q1,2013,Q1,2013-05-09,2013-03-31,3216000.0,11143000.0,0.0,0.364444,11143000.0,1.0,1307252000.0,128052000.0,434219000.0,1174200000.0,1179200000.0,0.0,95901000.0,139448470.9485,500806470.94850004,14.504607703780325,0.36979986373701246,0.2843086107345791,2.9024380720332363,0.0,14.504607703780325,0.02511479711367257,12.514445925558647,10.840210739155783,1.0889987735334083,0.3718905472636816,0.0,0.00857664477684877,0.008523987723866554,0.36979986373701246,0.0024601224553490834,37.05779190765347,1.0,0.13888749999999994,0.2609701845849602,0.022474770108983855,0.4888498245347723,0.09502751572327044,0.1363957597173145,0.0,0.009068195056039433,0.07014046579344095,0.23003232929178713,Banks—Regional,Financial Services,BHB
2012Q4,2012,Q4,2013-03-18,2012-12-31,2830000.0,10176000.0,0.0,0.32,10176000.0,1.0,1302935000.0,128046000.0,433032000.0,945800000.0,1174889000.0,0.0,93900000.0,131920057.66450001,467859057.6645,14.5163062153158,0.45784732501585956,0.2693388388522835,2.7406635115505367,0.0,14.5163062153158,0.022101432297767988,12.963842144703225,11.653715341386928,1.0302552025404934,0.4159010600706714,0.0,0.008922070084242643,0.007810059596219305,0.45784732501585956,0.002172019325599512,25.71541085077973,1.0,-0.16279021092454124,0.21107901540581153,0.006845899918003852,0.48673058085473475,-0.13857614492508252,-0.15973871733966746,0.0,0.454647270210645,0.05987255946090337,0.08077118542758842,Banks—Regional,Financial Services,BHB
2012Q3,2012,Q3,2012-11-09,2012-09-30,3368000.0,11813000.0,0.0,0.382222,11813000.0,1.0,1295430000.0,129235000.0,431871000.0,1161200000.0,1166195000.0,0.0,92277000.0,138454161.3037,472242161.3037,14.681569498234202,0.3719178436100586,0.2654199763784998,2.660525399466089,0.0,14.681569498234202,0.02606105157271637,11.720491094870058,10.277179431687946,1.0713364127651177,0.34263657957244653,0.0,0.008334888522914774,0.00911897979821372,0.00865053393041681,0.0025999089105547967,23.37173553404794,1.0,0.08860730652129953,0.21251906252613534,0.11678059171754633,0.5612931276439391,0.0488324602681346,0.08470209339774556,0.0,-0.20050207814276752,-0.15858423499558286,0.009001963782277486,Banks—Regional,Financial Services,BHB
2012Q2,2012,Q2,2012-08-09,2012-06-30,3105000.0,11263000.0,0.0,0.351111,11263000.0,1.0,1242241000.0,124554000.0,414735000.0,1112700000.0,1117687000.0,0.0,90120000.0,140093136.0,504882136.0,14.225279388420573,0.3727284982475061,0.30161619202715095,3.0081731618414502,0.0,14.225279388420573,0.024928946481044368,12.438349995560685,11.279640579710145,1.1247582253480417,0.36328502415458935,0.0,0.008051786348761584,0.009066678687951855,0.008889188460501483,0.002499514989442467,36.06929351184346,1.0,-0.024691666666666612,0.308029156405431,0.20547355702598286,0.5759644113328177,0.01826236325829491,-0.01833702181473285,0.0,-0.16835698919220626,-0.18586236974571083,0.07643609970572382,Banks—Regional,Financial Services,BHB
2012Q1,2012,Q1,2012-05-09,2012-03-31,3163000.0,11061000.0,0.0,0.36,11061000.0,1.0,1224671000.0,120878000.0,410831000.0,1098800000.0,1103793000.0,0.0,88231000.0,128972637.47610001,488434637.4761,13.846091638863488,0.3738906079359301,0.3050639722831683,3.0907443869024966,0.0,13.846091638863488,0.02616687900196893,11.660124534499595,10.193853736650333,1.0669653491627924,0.3496680366740436,0.0,0.008575462374373429,0.009031813442140787,0.012869493993447396,0.0025827344650114193,57.092801007569726,1.0,0.3333333333333332,0.8115450228215726,0.5389715788989882,0.5218039393974051,-0.02184294304916873,0.3228774571309076,0.0,-0.10874220841321078,-0.14276989010790977,0.03338989471931898,Banks—Regional,Financial Services,BHB
2011Q4,2011,Q4,2011-12-31,2011-12-31,2391000.0,11308000.0,0.0,0.27,11308000.0,1.0,1167466000.0,118250000.0,766338000.0,175813000.0,1049216000.0,0.0,86198000.0,116324443.9665,427887443.9665,13.545064745409483,4.358824432778008,0.27434032340128106,2.708524312896406,0.0,13.545064745409483,0.02021987315010571,10.28691580885214,12.162739854297364,0.9837162280465116,0.45420326223337515,0.0,0.009335956940509893,0.009685935179268603,0.04959815258257353,0.0020480253814672117,56.304183914085186,1.0,-0.21103844872626543,0.1037054515619999,0.28296968251584304,0.5253201442186074,-0.0028218694885361554,-0.20564784053156146,0.0,0.2480821767187995,0.12029209014754366,0.33646667114360135,Banks—Regional,Financial Services,BHB
2011Q3,2011,Q3,2011-09-30,2011-09-30,3010000.0,11340000.0,0.0,0.342222,11340000.0,1.0,1156032000.0,117173000.0,749629000.0,126492000.0,1038859000.0,0.0,84900000.0,108546591.2475,370962591.2475,13.433488622182631,5.926295734117573,0.23438970547528096,2.3124951994060066,0.0,13.433488622182631,0.025688511858533963,9.572009810185186,9.015497611918605,0.9263788692574227,0.3548172757475083,0.0,0.009839092943645043,0.009809417040358745,0.06756158492236664,0.002603734152687815,20.846282167754946,1.0,0.06944375000000005,0.21319422299034832,0.15873685399717574,0.5719959271866476,0.06001121704991587,0.0854670032455824,0.0,-0.029444765847706358,-0.08782733073655999,0.4064666029063826,Banks—Regional,Financial Services,BHB
2011Q2,2011,Q2,2011-06-30,2011-06-30,2773000.0,10698000.0,0.0,0.32,10698000.0,1.0,1153210000.0,110930000.0,769384000.0,152126000.0,1042280000.0,0.0,83379000.0,108638180.66790001,407512180.6679,12.797701143855829,5.057544403980911,0.26673025728184807,2.7728838005949696,0.0,12.797701143855829,0.024997746326512214,10.154999127678071,9.79428242588352,0.9793399501298117,0.3757663180670754,0.0,0.009591471374003653,0.009276714561961828,0.05733405203581242,0.0024045923986091,53.80791514011888,1.0,-0.027027355734001383,0.33297363003317865,0.2460701663986892,0.5823128912753593,0.00630232339384818,-0.03346113628441966,0.0,0.04319674979920823,-0.035226554026443646,0.32640132319654586,Banks—Regional,Financial Services,BHB
2011Q1,2011,Q1,2011-03-31,2011-03-31,2869000.0,10631000.0,0.0,0.328889,10631000.0,1.0,1162484000.0,104950000.0,765929000.0,187746000.0,1057534000.0,0.0,81979000.0,115803139.2,454677139.2,12.180395192602862,4.079602228542819,0.29892884547228177,3.311100524059076,0.0,12.180395192602862,0.027336827060505,10.892967660615183,10.090897455559428,1.103412474511672,0.35970721505751135,0.0,0.008911675513542555,0.00914507210421821,0.04594505342324204,0.002467990957294896,37.5740231018819,1.0,0.42995217391304336,0.4690000538835417,0.19982214738463064,0.5043521085644431,0.10762658887268181,0.41399704287826516,0.0,0.15260006848576757,-0.0004974577492465787,0.25027712680188535,Banks—Regional,Financial Services,BHB
2010Q4,2010,Q4,2011-03-16,2010-12-31,2029000.0,9598000.0,0.0,0.23,9598000.0,1.0,1117933000.0,103608000.0,1114775000.0,1009300000.0,1014325000.0,0.0,80379000.0,111245975.4855,398444975.4855,12.024643974418268,1.1045031209749332,0.2683649199012821,2.8956644274573393,0.0,12.024643974418268,0.019583429850976757,11.590537141644091,13.7069955009241,1.0737199394400045,0.49778215869886644,0.0,0.009078980121232748,0.008585487681283225,0.0126969186564946,0.0018149567102858579,31.328069694593072,1.0,-0.30999930999930997,-0.03860327370316917,0.08140698994010355,0.47791584725279684,-0.0412546199180901,-0.2930313588850174,0.0,-0.11109178016491471,-0.027800295469050707,0.23153959798645227,Banks—Regional,Financial Services,BHB
2010Q3,2010,Q3,2010-11-08,2010-09-30,2870000.0,10011000.0,0.0,0.333333,10011000.0,1.0,1103329000.0,106406000.0,1100171000.0,991900000.0,996923000.0,0.0,79739000.0,104790002.6241,387923002.62409997,12.50095308518226,1.1091551567698357,0.26464182487725785,2.7440839802266788,0.0,12.50095308518226,0.026972163223878354,10.467486027779442,9.128049009067944,0.9848129111525665,0.3421602787456446,0.0,0.009371122964111425,0.009073449533185477,0.008926303054743422,0.002601218675481203,24.720453556050956,1.0,0.05633548403452949,0.28584732482898595,0.0963367053336349,0.5411716612231605,0.04389989572471324,0.05825958702064897,0.0,0.06852099183695734,-0.021254485167615276,0.32939820522879454,Banks—Regional,Financial Services,BHB
2010Q2,2010,Q2,2010-08-09,2010-06-30,2712000.0,9590000.0,0.0,0.315556,9590000.0,1.0,1084547000.0,103222000.0,1081389000.0,976300000.0,981325000.0,0.0,78113000.0,94292224.6462,390867224.6462,12.148797166449773,1.107640069650722,0.28339389625345884,2.977601674061731,0.0,12.148797166449773,0.02627346883416326,9.832348763941607,8.692129853078908,0.913489611189475,0.362094395280236,0.0,0.010414432406114355,0.008842401481909037,0.011040663730410735,0.002500583192798468,164.84654658426572,1.0,0.1269857142857142,0.305781457167347,0.07484796809365032,0.5027543281210081,-0.037921348314606744,-0.1111111111111111,0.0,0.17734404497198714,0.05774284781397888,0.3459188710494355,Banks—Regional,Financial Services,BHB
2010Q1,2010,Q1,2010-05-10,2010-03-31,3051000.0,9968000.0,0.0,0.28,9968000.0,1.0,1056306000.0,99659000.0,1053148000.0,951600000.0,956647000.0,0.0,76399000.0,114562532.4795,394147532.4795,11.792054044735238,1.106712904581757,0.2710199506582373,2.8725955508283247,0.0,11.792054044735238,0.030614395087247514,11.493030946980337,9.387293713495575,1.1495452741799537,0.3667649950835792,0.0,0.00976759133881957,0.009436659452847943,0.00703551912568306,0.0028883675753048834,42.196144559668504,1.0,0.2727272727272728,1.0827304156763191,0.28685829508371485,0.5005582825984406,0.0835960430481574,0.6368025751072961,0.0,0.805033007078498,0.4326405404367156,0.296047633289979,Banks—Regional,Financial Services,BHB
2009Q4,2009,Q4,2010-03-16,2009-12-31,1864000.0,9199000.0,0.0,0.22,9199000.0,1.0,1072381000.0,113514000.0,1069223000.0,953900000.0,958867000.0,0.0,75001000.0,103106701.8,399903701.8,13.431433416290307,1.1208963203690114,0.2859328913884151,2.7012438994309074,0.0,13.431433416290307,0.016420882005743785,11.208468507446462,13.828688546137338,0.9083170516412072,0.5348712446351931,0.0,0.009669594532602924,0.008578107967224335,0.010307160079672922,0.001738188199902833,-31.931465407246826,1.0,-0.4789470941826811,-0.0042143523080831686,0.11231685924501716,0.6772100436738986,-0.11103594897564747,-0.3996779388083736,0.0,-0.11118265816750438,0.07811282628199018,0.5125240329723652,Banks—Regional,Financial Services,BHB
2009Q3,2009,Q3,2009-11-09,2009-09-30,3105000.0,10348000.0,0.0,0.422222,10348000.0,1.0,1060707000.0,94405000.0,1057549000.0,961300000.0,966302000.0,0.0,74164000.0,98041647.9105,429988647.9105,14.550585653173409,1.1001237907000936,0.3218523117128481,3.616238546687146,0.0,14.550585653173409,0.032890207086489064,9.47445379885002,7.8938524887681165,1.0385217722631217,0.31626409017713364,0.0,0.010016151512431182,0.009755757244931919,0.009824196400707376,0.0029272928339305767,26.86808657454097,1.0,0.11764581314952163,0.7091849823822066,0.4171168126298199,0.8471484425455442,0.013317665491578536,0.12663280116110304,0.0,0.6824790195950271,0.4215181211002043,0.70271937754116,Banks—Regional,Financial Services,BHB
2009Q2,2009,Q2,2009-08-10,2009-06-30,2756000.0,10212000.0,0.0,0.377778,10212000.0,1.0,1070558000.0,85413000.0,1067400000.0,980100000.0,985145000.0,0.0,72171000.0,88618363.0527,424473363.0527,13.215163809825293,1.0890725436179982,0.32107274897763594,4.024293725779448,0.0,13.215163809825293,0.03226675096296817,8.677865555493536,8.03867589375,1.0375278125425873,0.35667634252539915,0.0,0.011092509115920194,0.009538950715421303,0.008031833486378941,0.002574358418693803,55.35188198169894,1.0,0.036587239740536306,2.7075895704108133,0.9576942695976246,0.7642436990010044,0.0699916177703269,0.0499047619047619,0.0,0.7767099119240711,0.5952043835067101,0.6339281423712013,Banks—Regional,Financial Services,BHB
2009Q1,2009,Q1,2009-05-11,2009-03-31,2625000.0,9544000.0,0.0,0.364444,9544000.0,1.0,1062175000.0,86520000.0,1059017000.0,970700000.0,975655000.0,0.0,69544000.0,66868963.658999994,415353963.659,13.39871011862783,1.0909827959204699,0.33378209805352227,4.097723069810448,0.0,13.39871011862783,0.03033980582524272,7.006387642393126,6.3684727294285715,0.7728729040568654,0.31314285714285717,0.0,0.012292698361407395,0.008985336691223198,0.006232615638199238,0.002471344175865559,24.09692384108108,1.0,0.6565636363636363,0.9771630827450389,0.5384221898816541,0.7297320921544711,0.2783284221805518,0.8525052928722654,0.0,0.793445218102802,0.4372778443789284,0.6548213338137384,Banks—Regional,Financial Services,BHB
2008Q4,2008,Q4,2009-03-16,2008-12-31,1417000.0,7466000.0,0.0,0.22,7466000.0,1.0,972288000.0,65445000.0,969130000.0,901800000.0,906843000.0,0.0,67908000.0,73901004.741,388762004.741,10.134981318927396,1.0746617875360391,0.3331348324776198,4.9492398196959275,0.0,10.134981318927396,0.021651768660707463,9.898339772435039,13.038285945836273,1.1292078041256017,0.5321100917431193,0.0,0.010202838278620638,0.007678794760400211,0.010026613439787092,0.001457387111637704,65.34129508488063,1.0,-0.36538522559112924,0.21444575253991363,0.19668689930347624,0.3326831638201579,-0.20166809238665526,-0.3926275182168881,0.0,-0.1041031979153037,0.1224421232305427,0.2456626187619408,Banks—Regional,Financial Services,BHB
2008Q3,2008,Q3,2008-11-10,2008-09-30,2333000.0,9352000.0,0.0,0.346667,9352000.0,1.0,942004000.0,62671000.0,938846000.0,874300000.0,879333000.0,0.0,67258000.0,78738744.0,365020744.0,9.551231856073295,1.073825917877159,0.3137693682829372,4.716248344529368,0.0,9.551231856073295,0.03722614925563658,8.419455089820358,8.437499357051006,1.2563824416396738,0.32661808829832834,0.0,0.009677573724061436,0.009927771007341794,0.01062564337184033,0.002476634918747691,18.12169021864212,1.0,0.16417935509003356,1.0841088650771904,0.5238107622118081,0.2885679103477221,0.10491493383742911,0.14982750123213406,0.0,0.3559322901759426,0.3285770518684454,0.17751724736893826,Banks—Regional,Financial Services,BHB
2008Q2,2008,Q2,2008-08-11,2008-06-30,2029000.0,8464000.0,0.0,0.297778,8464000.0,1.0,913346000.0,63837000.0,910188000.0,844500000.0,849509000.0,0.0,65722000.0,81983284.4944,341074284.4944,9.648438161245311,1.0777833037300177,0.2926448465313255,4.1870075348152325,0.0,9.648438161245311,0.031784075066184185,9.686115842911153,10.101439686347955,1.284259669069662,0.36569738787580086,0.0,0.009050625436343471,0.009267024763890136,0.00970396684428656,0.002221502037562983,42.2594249971134,1.0,0.0468774169959641,0.5554661913097949,0.3729912057175673,0.27825555052979,0.01474643328138113,0.03944672131147541,0.0,0.2545454385017943,0.21822532646167878,0.19347059694604998,Banks—Regional,Financial Services,BHB
2008Q1,2008,Q1,2008-05-12,2008-03-31,1952000.0,8341000.0,0.0,0.284444,8341000.0,1.0,910894000.0,65827000.0,907736000.0,92673000.0,845067000.0,0.0,64474000.0,92644846.9453,365087846.9453,9.742156303986297,9.79504278484564,0.30898984953243736,4.275707536421225,0.0,9.742156303986297,0.02965348565178422,11.107163043436039,11.865374864920595,1.407398893239856,0.382172131147541,0.0,0.008052255733559131,0.00915693812891511,0.09726673356856906,0.0021429496736173476,37.89155294286299,1.0,0.09401538461538449,0.5809435762802002,0.31794057393589986,0.2994888188284558,0.07737018858176181,0.09050279329608939,0.0,0.6666667039606103,0.3468490133641685,0.23970542170657735,Banks—Regional,Financial Services,BHB
2007Q4,2007,Q4,2008-03-17,2007-12-31,1790000.0,7742000.0,0.0,0.26,7742000.0,1.0,889472000.0,65974000.0,886314000.0,823500000.0,823498000.0,0.0,63292000.0,94296238.92650001,365418238.9265,9.763911768714843,1.0762768670309655,0.3135039663980429,4.226710522326977,0.0,9.763911768714843,0.027131900445630096,12.179829362761561,13.169865771857541,1.4292939480174007,0.4122905027932961,0.0,0.007826399105644503,0.008704040149661823,0.009387978142076503,0.0020124298460210102,45.096240519607846,1.0,-0.15217483459257114,0.4235381297256876,0.25579751688346664,0.2942380985502204,-0.053082191780821915,-0.16627852817885422,0.0,0.19605480377728537,0.17089826420859328,0.21923925589152177,Banks—Regional,Financial Services,BHB
2007Q3,2007,Q3,2007-11-09,2007-09-30,2147000.0,8176000.0,0.0,0.306667,8176000.0,1.0,858755000.0,63980000.0,855597000.0,147672000.0,794775000.0,0.0,62310000.0,93462762.23910001,345085762.2391,9.403467701410653,5.793901348935479,0.30588351741765696,4.105642388246327,0.0,9.403467701410653,0.0335573616755236,11.431355459772506,10.88294856067769,1.460812163787121,0.3400093153237075,0.0,0.007810597317169871,0.009520759704455869,0.07486862776965166,0.0025001310036040546,26.24621236705982,1.0,0.16949378770659979,0.9831104718030009,0.2276104931542504,0.2664562259576687,0.12710228839261098,0.16494845360824742,0.0,0.1269842130458964,0.06769802040141151,0.19373894173117323,Banks—Regional,Financial Services,BHB
2007Q2,2007,Q2,2007-08-08,2007-06-30,1843000.0,7254000.0,0.0,0.262222,7254000.0,1.0,833450000.0,61361000.0,830292000.0,166998000.0,772089000.0,0.0,60974000.0,95775651.84390001,332849651.8439,9.026396336190125,4.971867926561995,0.2987521746955426,4.0578706344420725,0.0,9.026396336190125,0.030035364482325907,13.203150240405295,12.99181386922138,1.5608554593944037,0.3879544221378188,0.0,0.007465362920895001,0.008703581498590197,0.07138408843219679,0.002211290419341292,93.5309100038086,1.0,0.3409049070343022,0.750147748112289,0.23877134532103955,0.23786176414126717,0.2816254416961131,0.34036363636363637,0.0,1.35727998728211,0.3221630322151131,0.2050371141801009,Banks—Regional,Financial Services,BHB
2007Q1,2007,Q1,2007-05-10,2007-03-31,1375000.0,5660000.0,0.0,0.195556,5660000.0,1.0,827266000.0,62552000.0,824108000.0,173269000.0,764714000.0,0.0,59975000.0,98419750.0,340806750.0,9.098472727272727,4.756234525506582,0.30504335969325463,4.034275482798312,0.0,9.098472727272727,0.021981711216268063,17.388648409893992,17.894499999999997,1.5734069254380356,0.5207272727272727,0.0,0.007274962596430086,0.0068418138784864845,0.0575117303152901,0.001662101428077547,114.44156976744186,1.0,-0.18518333333333328,0.2092543801652893,-0.021596131135920626,0.26695076780158106,-0.1845555395476156,-0.194021101992966,0.0,-0.02726016713091923,-0.1430759079799485,0.1745847269339669,Banks—Regional,Financial Services,BHB
