Quarters,Year,Quarter,FillingDate,Date,NetIncome,Revenue,OperatingIncome,EPSDiluted,GrossProfit,GrossProfitRatio,TotalAssets,CommonStockEquity,CurrentAssets,CurrentLiability,TotalLiability,Inventory,RetainedEarnings,MarketCap,EnterpriseValue,bookValuePerShare,currentRatio,debtToAssets,debtToEquity,roic,shareholdersEquityPerShare,roe,priceToSalesRatio,peRatio,pbRatio,payoutRatio,inventoryTurnover,dividendYield,assetTurnover,quickRatio,returnOnAssets,priceToFreeCashFlowsRatio,grossProfitMargin,epsdilutedGrowth,fiveYNetIncomeGrowthPerShare,fiveYRevenueGrowthPerShare,fiveYShareholdersEquityGrowthPerShare,grossProfitGrowth,netIncomeGrowth,operatingIncomeGrowth,threeYNetIncomeGrowthPerShare,threeYRevenueGrowthPerShare,threeYShareholdersEquityGrowthPerShare,Industry,Sector,Symbol
2023Q1,2023,Q1,2023-03-31,2023-03-31,-1389000.0,0.0,-1385000.0,-0.0153,0.0,0.0,575000.0,-1799000.0,461000.0,2374000.0,2374000.0,28000.0,-200525000.0,30775100.000000004,30538100.000000004,-0.019875158813456334,0.1941870261162595,4.128695652173913,-1.319622012229016,10.921237134471383,-0.019875158813456334,0.7720956086714842,0.0,-5.53907487401008,-17.106781545302947,0.0,0.0,0.0,0.0,0.15206402695871946,-2.4156521739130437,-31.054591321897078,0.0,0.0,0.6713385318146959,-1.0,-0.08620408166720743,0.0,0.6901628373856792,-1.8278541542139868,0.5757881295725852,-1.0,-1.9875236785050985,Biotechnology,Healthcare,NYMX
2022Q4,2022,Q4,2022-12-31,2022-12-31,-4483000.0,0.0,1673000.0,-0.0502,0.0,0.0,1625000.0,-482000.0,1457000.0,2107000.0,2107000.0,28000.0,-199138000.0,0.0,-1230000.0,0.0,0.6915045087802563,1.2966153846153847,-4.371369294605809,-1.9462261932997407,0.0,9.300829875518673,0.0,0.0,0.0,0.0,0.0,,0.0,0.6706217370669197,-2.758769230769231,0.0,0.0,1.0,1.0,-1.0,1.0,0.0,-1.980718085106383,2.1319350473612992,1.0,-1.0,-1.0,Biotechnology,Healthcare,NYMX
2022Q3,2022,Q3,2022-09-30,2022-09-30,-1504000.0,0.0,-1478000.0,-0.0165,0.0,0.0,3141000.0,773000.0,2911000.0,2357000.0,2368000.0,34000.0,-197799000.0,37847653.558,35370653.558,0.008469827581484015,1.2350445481544337,0.7539000318369946,3.0633893919793014,0.6576473988764228,0.008469827581484015,-1.945666235446313,0.0,-6.291165817486703,48.96203565071151,0.0,0.0,0.0,0.0,1.151463725074247,-0.47882839859917226,-28.979826614088818,0.0,-1.3900709219858156,0.8089293146302818,-1.0,49.59379602914874,0.0,-1.3375982042648709,0.16638465877044556,0.522709618262419,-1.0,-0.8951030592589801,Biotechnology,Healthcare,NYMX
2022Q2,2022,Q2,2022-06-30,2022-06-30,4455000.0,0.0,-1773000.0,0.0423,0.0,0.0,4474000.0,2232000.0,4185000.0,2190000.0,2242000.0,34000.0,-196308000.0,39332670.855,35546670.855,0.02468482253796848,1.9109589041095891,0.5011175681716584,1.0044802867383513,1.6079005545105896,0.02468482253796848,1.9959677419354838,0.0,2.2072205867003367,17.62216436155914,0.0,0.0,0.0,0.0,1.8625570776255709,0.9957532409476978,25.261830992292868,0.0,1.7133220910623945,1.902360313579049,-1.0,2.7701339626676758,0.0,1.8738721067085131,0.6505715411903823,1.663358098332331,-1.0,-0.7766912736010031,Biotechnology,Healthcare,NYMX
2022Q1,2022,Q1,2022-03-31,2022-03-31,-5098000.0,0.0,-5074000.0,-0.0593,0.0,0.0,1238000.0,-1390000.0,890000.0,2520000.0,2628000.0,34000.0,-197648000.0,108394020.0,108061020.0,-0.016157717925767492,0.3531746031746032,2.122778675282714,-1.8906474820143886,47.98086497154602,-0.016157717925767492,3.6676258992805755,0.0,-5.3155168693605335,-77.98130935251798,0.0,0.0,0.0,0.0,0.2706349206349206,-4.117932148626817,-25.765158069883526,0.0,-0.7648809523809524,-0.028003442788494613,-1.0,0.31316993851783803,0.0,-0.8090844570617459,-0.8108493932905068,-0.4104285121801688,-1.0,-1.107375394593221,Biotechnology,Healthcare,NYMX
2021Q4,2021,Q4,2021-12-31,2021-12-31,-2818000.0,0.0,-2802000.0,-0.0336,0.0,0.0,1443000.0,-506000.0,1037000.0,1786000.0,1949000.0,34000.0,-192562000.0,108877600.0,108438600.0,-0.0060416467666443785,0.5806270996640538,1.3506583506583507,-3.8517786561264824,1.8858907544961665,-0.0060416467666443785,5.569169960474309,0.0,-9.659119943222143,-215.17312252964427,0.0,0.0,0.0,0.0,0.4720044792833147,-1.952875952875953,-48.32561029738127,0.0,0.14720812182741116,0.4528660616617613,-1.0,0.5583209022819,0.0,0.1465778316172017,0.1493624772313297,0.160441412385115,-1.0,-1.0578503640554755,Biotechnology,Healthcare,NYMX
2021Q3,2021,Q3,2021-09-30,2021-09-30,-3302000.0,0.0,-3294000.0,-0.0394,0.0,0.0,3851000.0,1583000.0,3391000.0,1823000.0,2268000.0,34000.0,-189752000.0,172529120.0,169832120.0,0.01890104116916611,1.8601206801974768,0.5889379381978707,1.432722678458623,1.355526160532221,0.01890104116916611,-2.085912823752369,0.0,-13.062471229557845,108.98870499052433,0.0,0.0,0.0,0.0,1.730115194733955,-0.8574396260711503,-57.509706666666666,0.0,0.19755600814663954,0.42288041878779764,-1.0,1.4879200262768684,0.0,0.1745,0.17236180904522613,0.11898168244945898,-1.0,-0.7041289690366591,Biotechnology,Healthcare,NYMX
2021Q2,2021,Q2,2021-06-30,2021-06-30,-4000000.0,0.0,-3980000.0,-0.0491,0.0,0.0,6670000.0,4707000.0,6335000.0,1656000.0,1963000.0,34000.0,-186454000.0,128754200.0,122869200.0,0.05776168855074242,3.8254830917874396,0.29430284857571215,0.41703845336732526,0.6960877420347799,0.05776168855074242,-0.8497981729339282,0.0,-8.0471375,27.353770979392394,0.0,0.0,0.0,0.0,3.7530193236714977,-0.5997001499250375,-67.69411146161934,0.0,-0.5636942675159237,0.42517987823652365,-1.0,2.009313966421808,0.0,-0.6333197223356472,-0.6385343762865376,-0.20374897955857618,-1.0,-0.03584664447531519,Biotechnology,Healthcare,NYMX
2021Q1,2021,Q1,2021-03-31,2021-03-31,-2449000.0,0.0,-2429000.0,-0.0314,0.0,0.0,1455000.0,-12000.0,1061000.0,1129000.0,1467000.0,34000.0,-182464000.0,173092254.48000002,172583254.48000002,-0.00015390636675240792,0.9397697077059345,1.0082474226804123,-122.25,7.996586883901626,-0.00015390636675240792,204.08333333333334,0.0,-17.6696870641078,-14424.35454,0.0,0.0,0.0,0.0,0.7927369353410098,-1.6831615120274914,-64.80428846125048,0.0,-0.15018315018315004,0.5916936532011501,-1.0,0.9964371847054141,0.0,-0.20107896027464445,-0.2054590570719603,0.3272848226717102,-1.0,0.9915888106691327,Biotechnology,Healthcare,NYMX
2020Q4,2020,Q4,2020-12-31,2020-12-31,-2039000.0,0.0,-2015000.0,-0.0273,0.0,0.0,4343000.0,2145000.0,3893000.0,1830000.0,2198000.0,34000.0,-180025000.0,185253520.0,182068520.0,0.028715243845299134,2.1273224043715846,0.5061017729679945,1.0247086247086248,0.4733603360702446,0.028715243845299134,-0.9505827505827505,0.0,-22.713771456596373,86.36527738927738,0.0,0.0,0.0,0.0,1.984153005464481,-0.4694911351600276,-109.22966981132076,0.0,0.510752688172043,0.746302386357454,-1.0,1.3562780296240022,0.0,0.5107965451055663,0.5137548262548263,0.5653342688676197,-1.0,2.223457219017086,Biotechnology,Healthcare,NYMX
2020Q3,2020,Q3,2020-09-30,2020-09-30,-4168000.0,0.0,-4144000.0,-0.0558,0.0,0.0,5740000.0,3844000.0,5633000.0,1896000.0,1896000.0,34000.0,-177998000.0,183759540.0,178486540.0,0.05145985890038689,2.970991561181435,0.3303135888501742,0.49323621227887615,0.8328587878355365,0.05145985890038689,-1.0842872008324662,0.0,-11.022045345489444,47.804250780437044,0.0,0.0,0.0,0.0,2.839662447257384,-0.7261324041811846,-45.71132835820895,0.0,-0.35766423357664245,0.7825000925996214,-1.0,1.5727349082929982,0.0,-0.4124025753981701,-0.41481734380334584,0.3530598991943647,-1.0,306.3910985610378,Biotechnology,Healthcare,NYMX
2020Q2,2020,Q2,2020-07-20,2020-06-30,-2951000.0,0.0,-2929000.0,-0.0411,0.0,0.0,1055000.0,-1064000.0,886000.0,2017000.0,2119000.0,33000.0,-173842000.0,254640417.25,254030417.25,-0.014833466111908045,0.4392662369856222,2.008530805687204,-1.9915413533834587,6.137701134733644,-0.014833466111908045,2.773496240601504,0.0,-21.57238370467638,-239.32370042293232,0.0,0.0,0.0,0.0,0.3882002974714923,-2.7971563981042653,-117.67117248151571,0.0,-0.1353591160220993,0.9344038959766165,-1.0,0.7625032400470035,-1.0,-0.13938223938223937,-0.10946969696969697,0.24652875240239155,-1.0,-0.06369904455992866,Biotechnology,Healthcare,NYMX
2020Q1,2020,Q1,2020-04-24,2020-03-31,-2590000.0,5000.0,-2640000.0,-0.0362,1000.0,0.2,3371000.0,1441000.0,3134000.0,1806000.0,1930000.0,22000.0,-170902000.0,167539320.0,164762320.0,0.020126260510070115,1.735326688815061,0.5725304064075942,1.3393476752255378,0.9930729184443078,0.020126260510070115,-1.7973629424011104,33507.864,-16.171749034749034,116.26600971547535,0.0,0.18181818181818182,0.0,0.0014832393948383269,1.669435215946844,-0.7683180065262534,-77.24265560165975,0.2,0.026881720430107368,-1.8322888206646102,-0.9990196678121127,1.2618655097991751,-0.9473684210526315,0.028871391076115485,0.024750646472109346,0.37247881923949117,-0.9557241757617391,1.855524326334027,Biotechnology,Healthcare,NYMX
2019Q4,2019,Q4,2020-03-30,2019-12-31,-2667000.0,26000.0,-2707000.0,-0.0372,19000.0,0.7307692308,5489000.0,3448000.0,5328000.0,2038000.0,2041000.0,23000.0,-168287000.0,157515600.0,152423600.0,0.04815776977010531,2.61432777232581,0.3718345782474039,0.5919373549883991,0.40599140753927193,0.04815776977010531,-0.773491879350348,6058.292307692308,-14.765241844769406,45.68317865429235,0.0,0.30434782608695654,0.0,0.004736746219712151,2.5794896957801767,-0.48588085261431957,-86.8811913954771,0.7307692307692307,-0.07826086956521722,-2.526281186556651,-0.9823717600088833,1.372097808860996,-0.17391304347826086,-0.1038907284768212,-0.0802075019952115,0.39428270069615384,-0.5782929009430666,4.520609714822824,Biotechnology,Healthcare,NYMX
2019Q3,2019,Q3,2019-11-13,2019-09-30,-2416000.0,39000.0,-2506000.0,-0.0345,23000.0,0.5897435897,7462000.0,5650000.0,7219000.0,1664000.0,1812000.0,28000.0,-165600000.0,128052420.0,121125420.0,0.08074427644553692,4.338341346153846,0.242830340391316,0.3207079646017699,0.36072978940682865,0.08074427644553692,-0.42761061946902656,3283.3953846153845,-13.25045736754967,22.664145132743364,0.0,0.5714285714285714,0.0,0.005226480836236934,4.303485576923077,-0.3237737871884213,-67.68098308668075,0.5897435897435898,0.5356662180349933,-0.8001247947000546,-0.9731790757058962,1.5732809064248983,0.7692307692307693,0.5246901436159748,0.5185398655139289,0.4945896201599746,-0.4972111413492307,3.084369275343536,Biotechnology,Healthcare,NYMX
2019Q2,2019,Q2,2019-06-30,2019-06-30,-5083000.0,20000.0,-5205000.0,-0.0743,13000.0,0.65,9515000.0,7565000.0,9204000.0,1712000.0,1950000.0,35000.0,-163139000.0,96494760.0,87681760.0,0.11054123560699047,5.376168224299065,0.2049395691014188,0.25776602775941837,0.5927482578045927,0.11054123560699047,-0.6719101123595506,4824.738,-4.7459551445996455,12.75542101784534,0.0,0.2,0.0,0.0021019442984760903,5.327102803738318,-0.5342091434576983,-45.260206378986865,0.65,-0.7690476190476191,-2.0137687542093508,-0.9863764831942478,1.6289068464119971,12.0,-0.8044018459353922,-0.7807047553882996,0.13021526599488412,-0.911348437892387,2.931571180881365,Biotechnology,Healthcare,NYMX
2019Q1,2019,Q1,2019-05-15,2019-03-31,-2817000.0,30000.0,-2923000.0,-0.042,1000.0,0.0333333333,11800000.0,10089000.0,11423000.0,1429000.0,1711000.0,38000.0,-157995000.0,133421540.0,122475540.0,0.15047877576589208,7.99370188943317,0.145,0.1695906432748538,0.2659949243793251,0.15047877576589208,-0.2792149866190901,4447.384666666667,-11.84074724884629,13.22445633858658,0.0,0.7631578947368421,0.0,0.002542372881355932,7.919524142757173,-0.23872881355932205,-83.75489014438168,0.03333333333333333,-0.04738154613466349,0.43733505072780055,-0.9787456228939637,1.7872442884974316,1.1,-0.048381094157052475,-0.06175081729022884,0.45381976501836635,-0.5257687152789957,4.48346917104315,Biotechnology,Healthcare,NYMX
2018Q4,2018,Q4,2019-03-29,2018-12-31,-2687000.0,19000.0,-2753000.0,-0.0401,-10000.0,-0.5263157895,8076000.0,7002000.0,8026000.0,1074000.0,1074000.0,41000.0,-155113000.0,87830260.0,79884260.0,0.10443576052262625,7.472998137802607,0.13298662704309064,0.1533847472150814,0.3153524620075303,0.10443576052262625,-0.3837475007140817,4622.645263157895,-8.171777074804615,12.543596115395603,0.0,0.7073170731707317,0.0,0.0023526498266468548,7.432960893854749,-0.33271421495789993,-51.30272196261682,-0.5263157894736842,0.10491071428571434,-0.041467460793358855,-0.9896318072175954,1.5546452409829892,-1.6666666666666667,0.02397384671267708,0.020284697508896797,0.6275150431991773,-0.8515288280079683,2.29576357358277,Biotechnology,Healthcare,NYMX
2018Q3,2018,Q3,2018-11-13,2018-09-30,-2753000.0,40000.0,-2810000.0,-0.0448,15000.0,0.375,4779000.0,3930000.0,4751000.0,849000.0,849000.0,38000.0,-152393000.0,148875980.0,144217980.0,0.06388270290479364,5.595995288574794,0.17765222849968612,0.21603053435114503,0.610919398580105,0.06388270290479364,-0.7005089058524173,3721.8995,-13.519431529240828,37.88192875318066,0.0,0.6578947368421053,0.0,0.008369951872776732,5.506478209658422,-0.5760619376438586,-62.7903753690426,0.375,-0.09803921568627443,-0.47850530385285556,-0.9699957633638857,1.3480713824880899,-0.765625,-0.13901530823334712,-0.16115702479338842,0.8255611969163728,-0.45709438545567116,1.7109979461955103,Biotechnology,Healthcare,NYMX
2018Q2,2018,Q2,2018-06-30,2018-06-30,-2417000.0,88000.0,-2420000.0,-0.0408,64000.0,0.7272727273,5166000.0,3551000.0,5148000.0,1615000.0,1615000.0,40000.0,-149602000.0,199157280.0,194117280.0,0.05990923354647141,3.1876160990712075,0.3126209833526907,0.45480146437623203,0.37034755295023297,0.05990923354647141,-0.6806533370881442,2263.150909090909,-20.599635912287958,56.08484370599831,0.0,0.6,0.0,0.017034456058846303,3.136842105263158,-0.46786682152535813,-104.27082722513089,0.7272727272727273,0.12633832976445386,0.06286621370899188,-0.9398172168119454,1.2808763281069893,-0.3118279569892473,0.09271771771771772,0.08954100827689992,0.9349829048393702,-0.010590693734738907,1.9591992020753757,Biotechnology,Healthcare,NYMX
2018Q1,2018,Q1,2018-03-31,2018-03-31,-2664000.0,152000.0,-2658000.0,-0.0467,93000.0,0.6118421053,954000.0,-1044000.0,936000.0,1998000.0,1998000.0,14000.0,-147183000.0,235070720.0,234220720.0,-0.018297812675266405,0.46846846846846846,2.0943396226415096,-1.9137931034482758,3.5630026809651474,-0.018297812675266405,2.5517241379310347,1546.5178947368422,-22.05993993993994,-225.16352490421457,0.0,4.214285714285714,0.0,0.15932914046121593,0.4369369369369369,-2.792452830188679,-128.2437097654119,0.6118421052631579,0.2563694267515923,-0.43834864925416633,-0.8930134848843342,0.9109060580020183,0.5300330684566409,0.20410899643641595,0.19674879693640354,-2.0742567399196834,-0.9626021689349743,0.7619246733877364,Biotechnology,Healthcare,NYMX
2017Q4,2017,Q4,2017-12-31,2017-12-31,-3347192.0,105296.0,-3309052.0,-0.0628,60783.0,0.5772583954,979000.0,-1251000.0,961000.0,2230000.0,2230000.0,15000.0,-144519000.0,178024615.22,177173615.22,-0.023470574531709976,0.43094170403587445,2.2778345250255363,-1.7825739408473222,1.214603186020733,-0.023470574531709976,2.67561310951239,1690.7063442106062,-13.29656434557683,-142.30584749800158,0.0,2.9675333333333334,0.0,0.10755464759959142,0.420627802690583,-3.418990806945863,-140.2822397454466,0.5772583953806413,0.27146171693735505,0.2590211563517199,-0.916925138061185,0.9006614897259188,34.39725274725275,0.2718880055269819,0.2753731474019831,-4.944863008414343,-0.9041008446825148,0.8186512914188284,Biotechnology,Healthcare,NYMX
2017Q3,2017,Q3,2017-09-30,2017-09-30,-4597084.0,30878.0,-4566560.0,-0.0862,-1820.0,-0.0589416413,1802295.0,8923.0,1784014.0,1793372.0,1793372.0,20897.0,-141191428.0,203608991.06,202975094.06,0.00016740842249915916,0.9947818968959034,0.9950490901877883,200.98307744032277,2.7345384698362065,0.00016740842249915916,-515.1948896111173,6593.982481378328,-11.072725180788519,22818.445708842315,0.0,1.5647222089295114,0.0,0.01713260037896127,0.9729966788820167,-2.55068343417698,-83.87251078739875,-0.05894164129801153,-0.5787545787545787,-1.299080263390739,-0.9748421970959656,1.0006831809444108,0.8940443616463876,-0.6339081822223944,-0.7582932093001765,-3.496672259144162,-0.9721220132170866,1.0011885926336612,Biotechnology,Healthcare,NYMX
2017Q2,2017,Q2,2017-06-30,2017-06-30,-2813551.0,9432.0,-2597155.0,-0.0546,-17177.0,-1.8211407973,1323354.0,-718580.0,1304785.0,2441934.0,2041934.0,5521.0,-136609606.0,226727358.00000003,226769731.00000003,-0.013945171980524732,0.534324433010884,1.5429990765887283,-2.8416237579671018,2.2403549736103034,-0.013945171980524732,3.915431823874864,24038.09987277354,-20.146014591525088,-315.52138662361887,0.0,4.819597898931353,0.0,0.007127344610739076,0.5205267628035811,-2.1260758648101716,-128.07516037119805,-1.8211407972858356,0.05208333333333326,-0.04869020988323473,-0.9922316099119252,0.9429269805650675,-1.517177009002499,0.0180170621459856,0.05976251822348078,-1.215531733300877,-0.9914671051276236,0.9206611534167606,Biotechnology,Healthcare,NYMX
2017Q1,2017,Q1,2017-03-31,2017-03-31,-2865173.0,78394.0,-2762233.0,-0.0576,33213.0,0.4236676276,1707099.0,-1169260.0,1688242.0,1912093.0,2876359.0,1245.0,-133104253.0,180420960.72,179752841.72,-0.02352505930054888,0.8829288115170131,1.6849397720928898,-2.4599823820193967,1.8057481193682277,-0.02352505930054888,2.4504156475035495,2301.46389672679,-15.742588730244211,-154.3035430272138,0.0,36.28995983935743,0.0,0.04592235131061526,0.8623142284397255,-1.678387135133932,-244.11395268473856,0.4236676276245631,0.06341463414634148,-0.02979990191748218,-0.9296342968882965,0.8948812938472362,6.196749729144095,0.006415773766382747,0.008042366879884853,0.22801942656412244,-0.9250791909849901,0.8769263739908876,Biotechnology,Healthcare,NYMX
2016Q4,2016,Q4,2016-12-31,2016-12-31,-2883674.0,40379.0,-2784628.0,-0.0615,4615.0,0.1142920825,2057253.0,-641420.0,2038108.0,1367845.0,2698673.0,2590.0,-131090550.0,125200272.96,124113440.96,-0.013678815225483995,1.4900138539088859,1.3117846954166552,-4.207341523494746,0.9080551892470903,-0.013678815225483995,4.4957656449752115,3100.6283701924267,-10.854232565817078,-195.19234348788623,0.0,13.808494208494208,0.0,0.019627629659550866,1.4821460033848863,-1.4017109222832582,-82.47886184689006,0.11429208251814062,0.09956076134699854,-0.21255447741100597,-0.9637731843040659,0.9200574452808704,-0.3223201174743025,0.09980608055461211,0.08607590948415632,-0.5980967166580604,-0.9684946810658946,0.9273535259461567,Biotechnology,Healthcare,NYMX
2016Q3,2016,Q3,2016-09-30,2016-09-30,-3203392.0,51980.0,-3046892.0,-0.0683,6810.0,0.1310119277,1643150.0,-1816482.0,1624486.0,1760382.0,3059632.0,13455.0,-128256399.0,152866250.88,152194517.88,-0.03873799014439465,0.9228031188685183,1.8620527645071965,-1.6843723196816704,2.0837665924504285,-0.03873799014439465,1.7635143095279777,2940.8666964217005,-11.930030018180728,-84.15511460064013,0.0,3.357116313638053,0.0,0.03163436083133007,0.904837131940681,-1.949543255332745,-233.99017740646744,0.13101192766448633,0.20023419203747075,-0.38461722302432644,-0.9549359725472333,0.7852285796549857,-0.9371724850542476,0.1742040860939632,0.19201008339271267,-1.2570543396811933,-0.9488466455066334,0.7889321338756681,Biotechnology,Healthcare,NYMX
2016Q2,2016,Q2,2016-06-30,2016-06-30,-3879157.0,149752.0,-3770953.0,-0.0854,108392.0,0.7238100326,403946.0,-2599724.0,384572.0,1334241.0,2603670.0,28906.0,-125131257.0,152180305.95000002,152885829.95000002,-0.05722866270791592,0.2882327855312496,6.44558926193105,-1.0015178534336722,4.070246639259209,-0.05722866270791592,1.4921418581357098,1016.215515986431,-9.807562954399629,-58.537100842243255,0.0,1.4308448073064415,0.0,0.3707228193867497,0.24545340759278123,-9.603157352715462,-221.33449970766105,0.7238100325872109,-0.1603260869565218,-0.4297021267342394,-0.8597195154897935,0.661455703102092,12.744717737566367,-0.1464601998761672,-0.15428208483512784,-0.9624814724593775,-0.8663695317500492,0.7316911652457694,Biotechnology,Healthcare,NYMX
2016Q1,2016,Q1,2016-03-31,2016-03-31,-3383595.0,41501.0,-3266925.0,-0.0736,-9229.0,-0.2223801836,1035169.0,-1900044.0,1015085.0,1293946.0,2535213.0,12709.0,-121306202.0,107322358.12,107332501.12,-0.04319796397705168,0.7844879152607604,2.44908126112741,-1.3342917321914651,2.1349856006176533,-0.04319796397705168,1.7807982341461566,2586.0186048528954,-7.9296102311299075,-56.484143588253744,0.0,3.9916594539302857,0.0,0.0400910382749097,0.7509517398716793,-3.2686401930506035,-65.30749779564655,-0.2223801836100335,0.33090909090909093,0.43441391484350067,-0.9598191035648624,0.6198930429039093,-1.5494433529796987,0.19612120065971567,0.18736241185030408,-1.3697867403457369,-0.9621082244369128,0.7896646465178487,Biotechnology,Healthcare,NYMX
2015Q4,2015,Q4,2015-12-31,2015-12-31,-4209086.0,74669.0,-4020150.0,-0.11,16797.0,0.2249527917,712231.0,-3153009.0,691436.0,2250568.0,3465240.0,37644.0,-117980942.0,128314456.08,128754665.08,-0.08059785183948542,0.3072273310559823,4.8653316129177195,-1.0990263586307556,2.1911174054105245,-0.08059785183948542,1.3349425897610823,1718.4434782841608,-7.621277878380246,-40.69587371301509,0.0,1.5373499096801615,0.0,0.10483817750140052,0.2901965192786888,-5.909720301419062,-102.5156700917264,0.22495279165383225,0.576923076923077,-0.5814728372126009,-0.8050150688491515,0.09520480990144325,0.04245019549432136,0.5805963461311775,0.597037675872208,-0.26953543710429184,-0.9197343115257243,0.6588719836317413,Biotechnology,Healthcare,NYMX
2015Q3,2015,Q3,2015-09-30,2015-09-30,-10035883.0,46852.0,-9976491.0,-0.26,16113.0,0.3439127465,669375.0,-3514930.0,647170.0,2594748.0,3784305.0,53895.0,-113866324.0,134573697.84,135204806.84,-0.08984934942024032,0.24941535748365545,5.653490196078431,-1.0766373725792548,-28.387787270404402,-0.08984934942024032,2.8552156088456955,2872.314903099121,-3.3523133400419276,-38.28630949691743,0.0,0.5703497541515911,0.0,0.06999365079365079,0.22452662069688464,-14.992915779645191,-113.85571495650895,0.3439127465209596,0.5873015873015873,-3.6698016933978455,0.4241044033456186,-0.5823688573417708,-0.2540968428849181,0.5698774316394581,0.570326945462633,-5.838472876313797,-0.9479903983516393,0.6333316897964031,Biotechnology,Healthcare,NYMX
2015Q2,2015,Q2,2015-06-30,2015-06-30,-23332612.0,55824.0,-23218796.0,-0.63,21602.0,0.3869661794,1286734.0,-2323572.0,1263119.0,2044467.0,3210306.0,62546.0,-121786232.0,49479217.27,49372603.27,-0.06245755148341295,0.6178231294513435,2.494925913203506,-1.3816253595756878,11.718127774395317,-0.06245755148341295,10.041699590113842,886.3431009959875,-0.5301508599851572,-21.29446269364582,0.0,0.5471492981165862,0.0,0.04338425812949685,0.5774478140268344,-18.13320546437725,-54.47987006323421,0.38696617942103756,-16.75,-10.416782230719846,-0.5438882455512414,-0.2014551397212527,-0.9915167808849927,-15.799782563329698,-15.253072058478685,-11.045805654897544,-0.9363163045878428,0.7443817075437035,Biotechnology,Healthcare,NYMX
2015Q1,2015,Q1,2015-03-31,2015-03-31,1576551.0,2583920.0,1629038.0,0.04,2546439.0,0.98549452,836105.0,-2787841.0,811080.0,2080506.0,3223946.0,73365.0,-98463028.0,30469301.52,30834577.52,-0.07685724067100308,0.38984746979821255,3.855910441870339,-1.156431087712678,-0.9437686941015669,-0.07685724067100308,-0.5655096542449874,11.791890430044274,4.831639052590115,-10.929354120267261,0.0,0.5108839364819737,0.0,3.0904252456330243,0.34016484451378654,1.8855897285628,-74.13311059638741,0.9854945199541781,4.773584905660377,2.077517985052599,8.060876360294458,-1.4033789929239993,2.606373938880659,5.216549521792156,3.4544646408639994,1.7764387005490299,2.1780038867125624,0.6565732908643968,Biotechnology,Healthcare,NYMX
2014Q4,2014,Q4,2014-12-31,2014-12-31,-373896.0,729137.0,-663704.0,-0.0106,706094.0,0.9683968856,1422566.0,-4580943.0,1395770.0,4484678.0,5603509.0,88269.0,-100039579.0,14158121.200000001,14244680.200000001,-0.12942234171579206,0.31123081746337194,3.9390151318111077,-1.2232217253085227,0.3434330831556226,-0.12942234171579206,0.08161987608228262,19.417641952061135,-9.46661718766716,-3.0906564871032014,0.0,0.2610542772660844,0.0,0.5125505600443143,0.29154846791676015,-0.262832093554886,-12.600856900774666,0.9683968856332897,0.44791666666666663,0.788556175800941,2.797792928702452,-1.752319924906238,0.023100741721739156,0.44925879663453605,0.0484748736946536,0.7917167734336656,-0.133373191940827,0.24362216581323048,Biotechnology,Healthcare,NYMX
2014Q3,2014,Q3,2014-09-30,2014-09-30,-678896.0,735529.0,-697516.0,-0.0192,690151.0,0.9383056277,952156.0,-4985284.0,923697.0,4449614.0,5537440.0,39254.0,-99469779.0,153969568.04999998,153773823.04999998,-0.1408459195843019,0.2075903662654783,5.815685664954062,-1.1107571805337468,0.7604203651878348,-0.1408459195843019,0.1361800049906886,209.33174361581933,-56.69851054137894,-30.884813793958376,0.0,1.156009578641667,0.0,0.7724879116447305,0.19494792132531047,-0.7130092127760577,-96.40692266511383,0.9383056276503033,0.2195121951219513,0.5653710321712577,7.924975656742291,-4.952961569226191,-0.019774910023662287,0.21448530492242576,0.10145760200959711,0.6112492207861789,-0.15522333679736589,0.21912112409122245,Biotechnology,Healthcare,NYMX
2014Q2,2014,Q2,2014-06-30,2014-06-30,-864269.0,752280.0,-776275.0,-0.0246,704074.0,0.9359201361,788186.0,-6163982.0,759291.0,4760365.0,6552168.0,53685.0,-98689074.0,173591545.05,173510340.05,-0.17576726384462812,0.15950268519325725,8.312971811222225,-1.062976497984582,0.6745906280527285,-0.17576726384462812,0.14021277154930042,230.75390153932048,-50.213401455449635,-28.16224074794508,0.0,0.8979416969358294,0.0,0.9544447630381662,0.14226451122970613,-1.0965292456349136,-123.56818010654716,0.93592013611953,0.6706827309236948,0.38255698414893885,7.162142367472387,-3.8996236934776656,0.04226348730763082,0.6673869756336731,0.6999567101240333,0.587382713995147,-0.08716051351794417,-0.03977625791556241,Biotechnology,Healthcare,NYMX
2014Q1,2014,Q1,2014-03-31,2014-03-31,-2598422.0,732564.0,-2587210.0,-0.0747,675524.0,0.9221364959,878951.0,-6651373.0,848516.0,4650793.0,7130324.0,31725.0,-97801302.0,189993268.92,189743963.92,-0.19114622737130596,0.18244544532513057,8.112311152726376,-1.0720078395843986,1.9086529537851595,-0.19114622737130596,0.39065949240855985,259.35381607613806,-18.279677908361304,-28.56451877228957,0.0,1.7979511426319936,0.0,0.8334526042976229,0.16307563032798922,-2.9562762884392875,-136.34063756575978,0.9221364959239057,-0.9402597402597404,-1.2495225889983639,5.61880438490973,-3.6574774295059678,-0.04984647583629528,-0.9686640790792573,-0.9690308086070181,0.45098421130960253,-0.1034769900518392,-0.6819313726244618,Biotechnology,Healthcare,NYMX
2013Q4,2013,Q4,2013-12-31,2013-12-31,-1319891.0,937490.0,-1313951.0,-0.0385,710963.0,0.7583686226,966385.0,-6458370.0,953864.0,4116222.0,7024755.0,39688.0,-95135986.0,208198535.58,207903012.58,-0.18829289932702994,0.2317328851553682,7.26910599812704,-1.087697824683318,1.3069202824760242,-0.18829289932702994,0.20436905906598724,222.08080681393938,-39.43479718779809,-32.23700958291334,0.0,5.707695021165088,0.0,0.9700999084215918,0.21293530815393338,-1.365802449334375,-139.10505484064944,0.758368622598641,-0.27062706270627057,-0.3193822410213439,5.797060968520361,-3.792065626882005,0.022882982427365774,-0.271378991809524,-0.31052136558626076,0.43437998437121556,1.7921588512398348,-1.1137847442894846,Biotechnology,Healthcare,NYMX
2013Q3,2013,Q3,2013-09-30,2013-09-30,-1038157.0,743288.0,-1002617.0,-0.0303,695058.0,0.9351126347,1051294.0,-6295119.0,1037645.0,3383480.0,6946413.0,44178.0,-93758793.0,227063312.28,226410817.28,-0.1835333386161947,0.3066798089540946,6.607488485618676,-1.1034601569882951,1.254437896073686,-0.1835333386161947,0.1649145949425261,305.48496986363295,-54.67942524107625,-36.069741061288916,0.0,1.0917198605640817,0.0,0.7070220128717561,0.2866921039876104,-0.9875039712963263,-116.77706596887396,0.9351126346718903,0.3034482758620689,0.3317907781411189,6.8453477138964125,-3.8339950055381955,-0.00017117942624684073,0.298975497564342,0.3197357422394468,0.4490418019391252,24.768170197106016,-2.2322709199807083,Biotechnology,Healthcare,NYMX
2013Q2,2013,Q2,2013-06-30,2013-06-30,-1480914.0,839586.0,-1473864.0,-0.0435,695177.0,0.8279997523,1360686.0,-7259226.0,1348135.0,4002579.0,8219912.0,28259.0,-92641178.0,180719998.38,179978478.38,-0.2132939929478545,0.33681658750520604,6.041005786786959,-1.1323400042924687,1.1653793918000086,-0.2132939929478545,0.20400439385686572,215.24894219293793,-30.5081858872291,-24.895215878387035,0.0,5.110194982129587,0.0,0.6170314091568517,0.320961560034168,-1.0883583721740357,-110.77513687827668,0.8279997522588514,-0.3384615384615383,-0.13374303655107922,5.064127986596472,-4.33647050637005,-0.09911256022745828,-0.3545519154622711,-0.34657865284027317,0.20791883978410045,6.498510215761337,-3.102997283954128,Biotechnology,Healthcare,NYMX
2013Q1,2013,Q1,2013-03-31,2013-03-31,-1093287.0,838646.0,-1094525.0,-0.0325,771658.0,0.9201236278,2281035.0,-6916979.0,2266630.0,3926281.0,8798014.0,115955.0,-91111289.0,183889993.56,182514560.56,-0.20537662005886906,0.57729693824767,3.857027182835862,-1.2719445873697173,0.662453998007216,-0.20537662005886906,0.15805845297491866,219.2701015207847,-42.049798808547074,-26.585304590342115,0.0,0.5777068690440257,0.0,0.3676602945592681,0.542632582843663,-0.47929426773372613,-111.47266713626351,0.920123627847745,0.6167452830188679,0.22330048375836897,5.956481418445624,-3.5554254394301203,0.04679568398805147,0.6114723110760316,0.610075948843988,0.19523617696748918,2.167288167644587,-5.422268741082265,Biotechnology,Healthcare,NYMX
2012Q4,2012,Q4,2012-12-31,2012-12-31,-2813923.0,789550.0,-2807021.0,-0.0848,737162.0,0.9336482807,1754179.0,-7844713.0,1739061.0,3672759.0,9198892.0,42503.0,-89912383.0,227769252.9,226739177.9,-0.23626863808359097,0.473502617514517,5.24398707315502,-1.172623141216256,,-0.23626863808359097,0.35870311635365115,288.4798339560509,-20.23591733853414,-29.034746446428315,0.0,1.2325718184598735,0.0,0.45009659789565376,0.45322058975282614,-1.6041253486673823,-116.01046012658969,0.9336482806662023,-1.2613333333333334,-0.8979493181771901,4.052519456358932,-4.183839638949048,0.04506397306397306,-1.259157505481457,-1.2773595483284208,-0.696410875443716,3.3840594547303886,-4.024533412136372,Biotechnology,Healthcare,NYMX
2012Q3,2012,Q3,2012-09-30,2012-09-30,-1245563.0,764564.0,-1232577.0,-0.0375,705375.0,0.9225846365,2137236.0,-8136030.0,2119514.0,3692733.0,9873266.0,14200.0,-87023460.0,226773177.45,225217851.45,-0.24504258186465694,0.5739689276208163,4.61964237922251,-1.2135237947746014,,-0.24504258186465694,0.15309223294407714,296.6045712981516,-45.51619979278446,-27.872706645624465,0.0,4.168239436619718,0.0,0.3577349436374832,0.5701235372283888,-0.5827915120276843,-137.25470080322864,0.9225846364725516,0.2802303262955854,0.21092539583681466,8.560043683635719,-3.9659503200649207,0.008870479838323276,0.2763100710696706,0.28138420368351397,0.14992788473874644,8.88998738664043,-9.356913973579179,Biotechnology,Healthcare,NYMX
2012Q2,2012,Q2,2012-06-30,2012-06-30,-1721128.0,778894.0,-1715210.0,-0.0521,699173.0,0.8976484605,2721245.0,-8076996.0,2685344.0,3563308.0,10398241.0,34182.0,-85724147.0,215858931.94,213670625.94,-0.24433913114450295,0.7536098479278244,3.8211337090192172,-1.287389643377315,,-0.24433913114450295,0.21309011419592136,277.13518391462765,-31.35428218296373,-26.725150283595536,0.0,2.332250892282488,0.0,0.2862270762096026,0.7440170762673336,-0.632478148788514,-108.00452911773682,0.897648460509389,0.06964285714285716,-0.025213028823080016,6.775519562092341,-3.2341430884756295,0.032826600448186055,0.06813631377593837,0.06774110617047216,-0.3044506206225926,7.96539720140041,-5.811107882168592,Biotechnology,Healthcare,NYMX
2012Q1,2012,Q1,2012-03-31,2012-03-31,-1846974.0,739579.0,-1839843.0,-0.056,676951.0,0.9153193912,3716878.0,-7384037.0,3678813.0,3211582.0,10700915.0,40608.0,-83953018.0,265276752.83999997,262039467.83999997,-0.22379517558331705,1.1454831294981727,2.8790062520211857,-1.4491957448208885,,-0.22379517558331705,0.25013065346232694,358.68616177582106,-35.90694195478658,-35.92570741993844,0.0,1.54225768321513,0.0,0.19897855135412032,1.1328388937290095,-0.4969154220289178,-98.59258288374942,0.915319391167137,-0.10453648915187375,-0.410031414589825,3.611348528549155,-4.385215106843606,-0.05041710326795185,-0.11322172832065094,-0.1272622223420381,-0.6863351171216848,6.047271004203936,-4.453003145528432,Biotechnology,Healthcare,NYMX
2011Q4,2011,Q4,2011-12-31,2011-12-31,-1659125.0,777606.0,-1632134.0,-0.0507,712893.0,0.9167791915,6375266.0,-5597559.0,6335710.0,3429092.0,11572825.0,23620.0,-82106044.0,268905718.02000004,262986797.02000004,-0.17110805719861205,1.8476348841034302,1.815269355035539,-2.0674770913535703,,-0.17110805719861205,0.2964015207343058,345.8122982847355,-40.51920711519627,-48.039818431569905,0.0,2.739754445385267,0.0,0.12197232240976298,1.8407467632831083,-0.26024404315051325,-141.85469514813454,0.916779191518584,-0.028397565922921003,-0.14452856633828173,6.833471273404826,-5.6320530744471355,0.020025840717587857,-0.027932375943362033,-0.009991410827308124,-0.738891296575097,4.911189529468553,-3.53724344727971,Biotechnology,Healthcare,NYMX
2011Q3,2011,Q3,2011-09-30,2011-09-30,-1614041.0,804712.0,-1615988.0,-0.0493,698897.0,0.8685057511,6520241.0,-5900500.0,6478729.0,3222608.0,12020741.0,2785.0,-80246569.0,267597174.38,261682611.38,-0.18036845909090202,2.010399341154742,1.8436037870379332,-2.0372410812642996,,-0.18036845909090202,0.2735430895686806,332.5378202139399,-41.448323552499595,-45.3516099279722,0.0,37.99461400359066,0.0,0.12341752398415948,2.0095351342763377,-0.24754315062894147,-130.51591612556777,0.8685057511258686,0.17420435510887783,-0.10566775182086573,3.8154255995382544,-7.877031902461784,-0.04937581440645921,0.17149299944767604,0.17164885647223338,-0.08924293222162485,7.905459086037092,-3.7851251226306215,Biotechnology,Healthcare,NYMX
2011Q2,2011,Q2,2011-06-30,2011-06-30,-1948132.0,766482.0,-1950849.0,-0.0597,735198.0,0.9591849515,7571304.0,-5513639.0,7528135.0,3232410.0,12684943.0,47307.0,-78582528.0,272349578.59999996,265334712.59999996,-0.16904335188128689,2.3289542477594116,1.6753973952175214,-2.300648083779152,,-0.16904335188128689,0.35332962495368303,355.32416756036014,-34.95009303784343,-49.39561306063019,0.0,0.6612974824021814,0.0,0.10123513730263638,2.314319037498337,-0.2573046862204978,-114.60551554888067,0.9591849515057105,0.5735714285714286,-0.19327854212659043,4.42779654766648,-5.106074430035442,0.08602711234472887,0.5603493586568183,0.5592652285536907,-0.556233051736177,4.776657139486562,-3.644275865695547,Biotechnology,Healthcare,NYMX
2011Q1,2011,Q1,2011-03-31,2011-03-31,-4431091.0,765015.0,-4426356.0,-0.14,676961.0,0.8848989889,10021394.0,-3702447.0,9981719.0,3216908.0,13323841.0,19177.0,-76634396.0,257044546.47,247707311.47,-0.11364686483791792,3.102892280413366,1.329539682802612,-3.5986581306903247,,-0.11364686483791792,1.1968006564307334,335.9993548753946,-14.502328347014311,-69.42558434192306,0.0,4.591646242895135,0.0,0.07633818209322975,3.0969309660083533,-0.4421631361864427,-66.97768452411351,0.8848989889087142,-1.0588235294117647,-2.460477869175029,5.591419407713859,-3.6686805821408295,1.8334330882014407,-1.0324138351746688,-1.0335177256938144,-2.2543449408113756,5.560168040104254,-2.4140659702893505,Biotechnology,Healthcare,NYMX
2010Q4,2010,Q4,2010-12-31,2010-12-31,-2180211.0,313698.0,-2176699.0,-0.068,238919.0,0.7616210495,13502222.0,-2854614.0,13470096.0,5195503.0,16356836.0,17448.0,-71096711.0,225604037.12,212429038.12,-0.08907855912751496,2.592645216449687,1.2114180910371641,-5.729964191305725,,-0.08907855912751496,0.7637498449877987,719.1758861070201,-25.869518720894447,-79.03136365196836,0.0,4.285820724438331,0.0,0.023233064898503374,2.5892869275602384,-0.1614705342572504,19.226180298460655,0.7616210495444663,-0.2386156648451732,-1.1393229830240876,1.3734635592225115,-6.60004778988009,15.726269723865878,-0.23842272024466138,-0.23722756767325856,-0.5235885565386764,1.0798733025198641,-2.2003787291917596,Biotechnology,Healthcare,NYMX
2010Q3,2010,Q3,2010-09-30,2010-09-30,-1760474.0,26950.0,-1759336.0,-0.0549,-16224.0,-0.6020037106,862882.0,-1819623.0,846234.0,1882505.0,2682505.0,0.0,-68866500.0,114404319.96,113913530.96,-0.05678154559435572,0.44952549926826224,3.1087738532035667,-1.4742092180633022,,-0.05678154559435572,0.9674938160267265,4245.0582545454545,-16.24623822334212,-62.87254005912213,0.0,0.0,0.0,0.031232543963137484,0.44952549926826224,-2.0402256623733024,-88.62925008076267,-0.6020037105751391,0.0,-0.48659186256659215,-0.7835176541960746,-3.027821528163366,-2.222607385079126,-0.008406470851725113,-0.008448947492714645,-0.15552343166668783,-0.6508584184146013,-1.687273379376887,Biotechnology,Healthcare,NYMX
2010Q2,2010,Q2,2010-06-30,2010-06-30,-1745798.0,104550.0,-1744596.0,-0.0549,13270.0,0.1269249163,823468.0,-1652049.0,804738.0,1675517.0,2475517.0,4911.0,-67036026.0,99151690.56,98700082.56,-0.05198492179899751,0.48029235155477384,3.0062091058790386,-1.4984525277397946,,-0.05198492179899751,1.0567471061693692,948.3662416068867,-14.198620138183227,-60.01740297049301,0.0,18.58684585624109,0.0,0.1269630392437836,0.4773613159400949,-2.120055667008311,-83.84892614316738,0.1269249163079866,-0.36228287841191054,-0.6663698671425531,-0.2777209423661577,-2.6239311049425065,-0.9050318111228003,-0.37513134575243196,-0.3755128815665398,-0.0816985601111041,0.0856414346567526,-1.4753301413415019,Biotechnology,Healthcare,NYMX
2010Q1,2010,Q1,2010-03-31,2010-03-31,-1269550.0,247443.0,-1268324.0,-0.0403,139731.0,0.564699749,1124887.0,-1006496.0,1109828.0,1331383.0,2131383.0,26177.0,-65245228.0,109528911.0,108749799.0,-0.03197882685056551,0.8335903342614409,1.8947529840775117,-2.117626895685626,,-0.03197882685056551,1.2613562299303722,442.64299656890677,-21.568451616714583,-108.822003266779,0.0,4.114757229629063,0.0,0.21997142824123667,0.7936536669012598,-1.1286022507149607,-77.70267311771508,0.5646997490331107,0.194,-0.07789690769085894,0.9738538860288682,-2.0818111061232836,0.8824060352957025,0.17712530860636638,0.17710336522865233,-0.016041471664152398,0.6173803685187048,-1.4837244925924142,Biotechnology,Healthcare,NYMX
2009Q4,2009,Q4,2009-12-31,2009-12-31,-1542823.0,167509.0,-1541292.0,-0.05,74230.0,0.4431403686,1090431.0,-1452166.0,1074279.0,1742597.0,2542597.0,36414.0,-63895678.0,140822084.16,140153382.16,-0.04702300068557656,0.6164816076235642,2.3317357998809647,-1.7508996905312477,,-0.04702300068557656,1.0624288132348505,840.683689592798,-22.81889824043328,-96.9738199076414,0.0,2.5616246498599438,0.0,0.1536172394218433,0.5800945370616385,-1.4148744854098976,-142.41441978764567,0.4431403685772108,-0.13378684807256241,-0.3212966938781871,0.7282865269162591,-1.9715158505300936,0.6622254069910652,-0.13206465909424436,-0.13180247069510054,-0.12742050328154747,0.7875372178370623,-2.272956039951586,Biotechnology,Healthcare,NYMX
2009Q3,2009,Q3,2009-09-30,2009-09-30,-1362840.0,71904.0,-1361803.0,-0.0441,44657.0,0.6210641967,1465867.0,-730663.0,1392604.0,1396530.0,2196530.0,51830.0,-62320355.0,140822084.16,139782063.16,-0.023659806626739246,0.9971887463928452,1.4984510873087395,-3.0062149034507017,,-0.023659806626739246,1.8652100900141377,1958.4735781041388,-25.832468257462356,-192.7319217751549,0.0,0.5256994018907969,0.0,0.04905219914221413,0.9407459918512313,-0.9297159974267788,-134.6919826458233,0.6210641967067201,-0.1052631578947369,-0.5920341418256632,-0.42946612900442743,-1.4369386972418012,0.4094495644489332,-0.1169428071256696,-0.11711925291481513,0.011043368279765022,-0.5442050122786197,-1.9020936686949261,Biotechnology,Healthcare,NYMX
2009Q2,2009,Q2,2009-06-30,2009-06-30,-1220152.0,80341.0,-1219031.0,-0.0399,31684.0,0.3943690021,1092159.0,-1096631.0,936367.0,1387186.0,2188790.0,41506.0,-60883515.0,152846415.0,152166882.0,-0.035873625168114015,0.6750118585395182,2.0040946418973795,-1.9959220558237,,-0.035873625168114015,1.1126367939626,1902.4709052663025,-31.31708487958877,-139.3781636667211,0.0,1.1722883438539007,0.0,0.07356163342516978,0.6450908529930377,-1.117192643195725,-177.20131863596418,0.39436900212842757,-0.20180722891566258,0.13558018053477602,-0.21648518953724272,-1.821143582144823,0.6404680542611577,-0.21497741120567504,-0.21538605721441398,0.20257037352436488,-0.3929648871298364,-1.8713727773152073,Biotechnology,Healthcare,NYMX
2009Q1,2009,Q1,2009-03-31,2009-03-31,-1004259.0,96226.0,-1002999.0,-0.0332,19314.0,0.2007149835,848649.0,-1241615.0,636221.0,1286254.0,2090264.0,12388.0,-59604613.0,92574932.76,92148719.76,-0.041040720060254034,0.49463092048693336,2.4630489165721046,-1.683504145810094,,-0.041040720060254034,0.8088328507629177,962.0573728514123,-23.0455820560234,-74.56009532745658,0.0,6.208588957055214,0.0,0.11338727789698685,0.4656172109085764,-1.1833620259966133,-151.8505568978668,0.20071498347639932,-0.136986301369863,0.1546298063610765,0.3401064354507235,-1.6090239403226692,-0.7138497096124214,-0.15484235982461042,-0.15555809018200922,0.1554399160593731,-0.1071863098557268,-1.9637271811948394,Biotechnology,Healthcare,NYMX
2008Q4,2008,Q4,2008-12-31,2008-12-31,-869607.0,119895.0,-867978.0,-0.0292,67496.0,0.562959256,4067611.0,2010726.0,480505.0,1250470.0,1256885.0,33907.0,-55242622.0,101373278.0,101113458.0,0.06743856502302313,0.3842595184210737,0.30899832850289766,0.625090141570756,,0.06743856502302313,-0.43248408783693054,845.5171441678135,-29.14341708380912,50.416256615769626,0.0,1.5453741115403898,0.0,0.029475532443982475,0.3571441138132062,-0.21378814247478434,-116.05917372478712,0.5629592560156804,0.3554083885209713,0.5281248513437908,1.968517728683519,0.0023865801830383424,18.638056444573756,0.35610231789452484,0.35664110707972146,0.08287086071705951,-0.025006938194203798,3.2396193956084374,Biotechnology,Healthcare,NYMX
2008Q3,2008,Q3,2008-09-30,2008-09-30,-1350536.0,82357.0,-1349135.0,-0.0453,3437.0,0.0417329432,4222014.0,1930903.0,561174.0,1482290.0,1491111.0,32913.0,-54334765.0,166967752.0,166563626.0,0.06476134864653385,0.3785858367795775,0.35317528553908156,0.7722350630767055,,0.06476134864653385,-0.6994323381340233,2027.3656398363223,-30.907682579361083,86.47133077114697,0.0,2.397836721052472,0.0,0.0195065672449215,0.35638167969830464,-0.31987956458694833,-181.10125623943824,0.04173294316208701,-0.1796875000000001,-0.2717686576055761,0.12470053458545005,-0.27397232255504267,-0.9400080291843396,-0.1866178032735896,-0.1865200536123238,-0.22573880613791383,-0.28896026858523927,1.312801731684262,Biotechnology,Healthcare,NYMX
2008Q2,2008,Q2,2008-06-30,2008-06-30,-1138139.0,120636.0,-1137052.0,-0.0384,57291.0,0.4749079877,4223874.0,1895759.0,476279.0,1516888.0,1528115.0,57902.0,-52926729.0,131962885.45,131731707.45,0.06392803189497097,0.3139842888861933,0.36178044136733245,0.8060702863602388,,0.06392803189497097,-0.6003605943582492,1093.8930787658742,-28.98654853449359,69.60952602625123,0.0,1.0940036613588477,0.0,0.028560511037971303,0.27581271656180284,-0.26945382366992954,-219.9296592528285,0.4749079876653735,0.0813397129186603,0.19820554939616392,0.2606594674470602,-0.2631770796874612,0.5143326134163858,0.07569489555162841,0.0755652891388153,-0.16419694336585375,-0.10687622288499728,0.9970159784678558,Biotechnology,Healthcare,NYMX
2008Q1,2008,Q1,2008-03-31,2008-03-31,-1231345.574662,105460.021374,-1229997.085398,-0.0418,37832.50753,0.3587379088,3760679.102303,2367838.336734,674966.482075,1379216.943554,1392840.765569,31833.284757,-51718462.061595,156149331.4,155690915.972039,0.08036885635163342,0.48938383858287715,0.37036948053239616,0.5882330495122269,,0.08036885635163342,-0.520029410605969,1480.6495330229175,-31.70298708444671,65.94594275189388,0.0,2.124427760447467,0.0,0.028042813147608738,0.46630314420352076,-0.3274263879382681,-152.85158045545782,0.3587379088027303,0.06487695749440715,-0.04364789395244593,1.4390320996218762,-0.30649861087850794,-0.4705821983218663,0.055069675517557426,0.054624606297129,-0.11684431125402275,-0.10130370774778348,1.7187964647329248,Biotechnology,Healthcare,NYMX
2007Q4,2007,Q4,2007-12-31,2007-12-31,-1303107.269138,137348.592264,-1301067.378727,-0.0447,71460.588235,0.5202862807,4260346.0,2165601.0,430960.0,1278707.0,1294745.0,29431.0,-50467527.0,168091608.96,167844161.96,0.0742087117684045,0.3370279508910173,0.303906067723138,0.5978686747928174,,0.0742087117684045,-0.601730082844439,1223.8320479973202,-32.248229470623684,77.61891916377948,0.0,2.2387280088682004,0.0,0.03223883512372,0.3140117321638186,-0.30586888227810605,-182.23999608624615,0.5202862807479266,0.058947368421052714,-0.1349252872450613,1.1063209048163247,-0.19081223102282127,3.1491357388216503,0.06075267800504851,0.06110850308620447,-0.1809915363469801,0.49963022493150905,0.5331845836996505,Biotechnology,Healthcare,NYMX
2007Q3,2007,Q3,2007-09-30,2007-09-30,-1387395.24577,70292.103143,-1385748.3883959998,-0.0475,17223.005641000003,0.2450204912,4295886.38195,2411022.360999,491529.008864,1065645.64867,1084106.567284,39737.107172,-49162126.309428,182391068.75,182074627.372079,0.08261857260619702,0.4612499562846828,0.2523592271525346,0.44964600279974337,,0.08261857260619702,-0.5754385642425718,2594.7590212082496,-32.86573694592227,75.64884992374223,0.0,1.33550480341443,0.0,0.016362654151735927,0.4239597796921204,-0.3229590176312414,-195.00336508877055,0.24502049122021677,0.0649606299212598,-0.35267450536510814,-0.23686473662018193,-0.1864393498038147,-0.5831406856489459,0.05133524508146266,0.04939849305974163,-0.7151025053519483,-0.40977541792450684,0.5257627440509656,Biotechnology,Healthcare,NYMX
2007Q2,2007,Q2,2007-06-30,2007-06-30,-1462471.582903,87264.443401,-1457759.511508,-0.0508,41316.110851,0.4734587106,4925012.68201,3149395.960545,1159978.393612,956155.002349,976969.469234,25099.107562,-47633849.694692,151471515.16,150487502.008286,0.10936592754728935,1.213169821589872,0.19836892457204364,0.3102085229908456,,0.10936592754728935,-0.4643657390891937,1735.7758699491599,-25.89306980914625,48.09541799684914,0.0,1.830675948796111,0.0,0.017718623084922815,1.1869187985765153,-0.2969477801032048,-85.63964390465406,0.47345871056717864,-0.3059125964010283,-0.402902117514984,-0.6040593814597697,0.04257666738118643,-0.3367897826853257,-0.2918620299684963,-0.300643853624711,-0.0998621147785554,-0.09658493778024467,1.503374807812703,Biotechnology,Healthcare,NYMX
2007Q1,2007,Q1,2007-03-31,2007-03-31,-1132064.840499,138610.436893,-1120798.370319,-0.0389,62297.15672700001,0.4494405914,4336065.36061,1885154.299584,723424.930652,1626320.214979,1651232.662968,15004.334258,-46094349.861304,166531080.64,166297210.147629,0.06610958787549101,0.44482318056984943,0.38081360072849635,0.8759137983200527,,0.06610958787549101,-0.6005157459783608,1201.432477761781,-36.77595900041273,88.33816981280985,0.0,5.086082384848987,0.0,0.03196686981524195,0.43559723962672847,-0.26108112916908166,-133.23974079376083,0.44944059136823983,0.12189616252821675,0.015690701471177647,0.7497760188624918,-0.48316542523932543,0.9457849271196888,0.08067076851001757,0.07780785854227514,-0.011025307486480894,1.0480111547912696,-0.01896648884502864,Biotechnology,Healthcare,NYMX
