Quarters,Year,Quarter,FillingDate,Date,NetIncome,Revenue,OperatingIncome,EPSDiluted,GrossProfit,GrossProfitRatio,TotalAssets,CommonStockEquity,CurrentAssets,CurrentLiability,TotalLiability,Inventory,RetainedEarnings,MarketCap,EnterpriseValue,bookValuePerShare,currentRatio,debtToAssets,debtToEquity,roic,shareholdersEquityPerShare,roe,priceToSalesRatio,peRatio,pbRatio,payoutRatio,inventoryTurnover,dividendYield,assetTurnover,quickRatio,returnOnAssets,priceToFreeCashFlowsRatio,grossProfitMargin,epsdilutedGrowth,fiveYNetIncomeGrowthPerShare,fiveYRevenueGrowthPerShare,fiveYShareholdersEquityGrowthPerShare,grossProfitGrowth,netIncomeGrowth,operatingIncomeGrowth,threeYNetIncomeGrowthPerShare,threeYRevenueGrowthPerShare,threeYShareholdersEquityGrowthPerShare,Industry,Sector,Symbol
2023Q1,2023,Q1,2023-03-31,2023-03-31,15029000000.0,153092000000.0,140093000000.0,73.59,153092000000.0,1.0,2359831000000.0,453206000000.0,381288000000.0,0.0,5671000000.0,0.0,86639000000.0,166978192550.3851,-207141807449.6149,2219.0236780548325,0.0,0.0,0.0,0.21198144915435801,2219.0236780548325,0.03316152036822107,1.0907048869332499,2.7775998494641208,0.3684377359310889,,0.0,,0.06487413717338233,0.0,0.006368676400979561,0.0,1.0,-0.13321554770318023,8.342860715776123,16.470187239515887,0.0,1.466624591682613,-0.13312568495126031,0.1550441923355979,3.8810157073094227,6.380710014390642,4.206126753886694,Banks—Regional,Financial Services,BBAR
2022Q4,2022,Q4,2022-12-31,2022-12-31,17337000000.0,123786000000.0,121288000000.0,84.9,62065383000.0,0.5013925888,1958837000000.0,360481000000.0,302719000000.0,-80900000.0,1592953000000.0,0.0,58826000000.0,141977703987.38873,-154123296012.61127,1764.1810795500508,-3741.8912237330037,9.750683696499504e-05,0.0005298476202629265,0.22500374718255886,1764.1810795500508,0.04809407430627412,1.146960916318394,2.0473222585711013,0.39385627533043,0.0,0.0,0.0,0.06319361947931348,-11372.745537700865,0.008850659855822613,1.5179549182271554,0.5013925888226455,0.7625077849283787,11.194561096408755,18.621484935353305,12.826883231032781,-0.3352179366337482,0.7622484244765196,0.5031727146539758,1.5110356142272823,3.170225806445439,3.3536232442946505,Banks—Regional,Financial Services,BBAR
2022Q3,2022,Q3,2022-09-30,2022-09-30,9838000000.0,93362000000.0,80688000000.0,48.17,93362000000.0,1.0,1601379000000.0,297157000000.0,208564000000.0,33950000.0,1299413000000.0,0.0,35371000000.0,90402969910.17035,-112552030089.82965,1454.9638247423052,6143.269513991164,0.00019608100268581017,0.0010566804753043004,0.20449688548510525,1454.9638247423052,0.033107078076572316,0.9683058408150034,2.2972903514477117,0.3042262841197426,0.0,0.0,0.0,0.058301001824052893,6143.269513991164,0.0061434551096273896,3.169576109073113,1.0,-0.49634044332915095,6.120730920421722,13.112348433490029,11.059531776055225,0.3632919969450414,-0.38566803106479064,0.5010248669190995,-0.08403757260496356,3.0351863171625384,4.2969077706514085,Banks—Regional,Financial Services,BBAR
2022Q2,2022,Q2,2022-06-30,2022-06-30,16014143000.0,68482761000.0,53755272000.0,95.64,68482761000.0,1.0,1405320301000.0,229870382000.0,207180286000.0,56004000.0,1171363162000.0,0.0,20932447000.0,61261160193.8748,-99915952806.1252,1125.5098576398136,3699.3837225912434,0.017222690786418804,0.10529149858027381,0.393514743750148,1125.5098576398136,0.0696659694070548,0.894548632375888,0.9563602653272611,0.2665030599456471,0.0,0.0,0.0,0.04873106931656002,3699.321048496536,0.011395368720287204,-6.768163650995501,1.0,3.84253164556962,13.374858036842683,9.679889733568444,11.198274584296058,0.2781669443444569,2.969567171323195,0.5008225515741638,1.3617309977066228,2.031891799178341,3.7124232232723267,Banks—Regional,Financial Services,BBAR
2022Q1,2022,Q1,2022-03-31,2022-03-31,4034229000.0,53578886000.0,35817207000.0,19.75,53578886000.0,1.0,1169081367000.0,190558514000.0,219247064000.0,106594000.0,974931136000.0,0.0,27043760000.0,80624041179.48364,-102799105820.51636,933.0278080834378,2056.8424489183258,0.0132995918324306,0.08159333673225433,0.11986369084211199,933.0278080834378,0.021170552369021937,1.5047726296415278,4.996248426866921,0.4230933558785185,0.0,0.0,0.0,0.04582990330047746,2056.8424489183258,0.0034507683672628407,-4.918543448351058,1.0,-0.490454076367389,1.201393442254784,7.292647699339133,8.733365523751138,-0.24817391426366378,-0.49043463433118606,-0.1062010081601078,-0.3285365004229496,2.477881209344963,3.293897295358849,Banks—Regional,Financial Services,BBAR
2021Q4,2021,Q4,2021-12-31,2021-12-31,7917000000.0,71265000000.0,40073000000.0,38.76,71265000000.0,1.0,1030980553000.0,159793746000.0,403390384000.0,35199000.0,867965911000.0,0.0,-34153810000.0,66060193812.42992,-137147484187.57007,782.3949947244292,11460.279667035995,0.01468237393610663,0.0947298776010921,0.15054631912596947,782.3949947244292,0.04954511799228989,0.9269654642872366,2.086023550979851,0.413409131871969,0.0,0.0,0.0,0.06912351527158243,11462.2011420779,0.00767909731853109,2.0792107675365434,1.0,1.3419939577039273,10.911215081138156,13.651295377468719,7.506473241318905,0.9497911207773644,1.342516301007871,0.44548547036947767,1.6957276278939928,4.770655088638739,2.5107336381954886,Banks—Regional,Financial Services,BBAR
2021Q3,2021,Q3,2021-09-30,2021-09-30,3379699000.0,36550069000.0,27722866000.0,16.55,36550069000.0,1.0,914205994000.0,145516577000.0,211247110000.0,74018000.0,765802601000.0,0.0,13544670000.0,78418300221.0051,-104626743778.9949,712.4898805524628,2853.9964603204626,0.01555249592905207,0.09770835249924825,0.11783630213993529,712.4898805524628,0.023225525707631235,2.1455034796515733,5.800686704718755,0.5388959927294407,0.0,0.0,0.0,0.039980123998180656,2853.9964603204626,0.00369686812620045,4.356903601224176,1.0,-0.5318246110325319,2.1743276594532284,6.8713622224077655,7.030586313475271,0.147411886310815,-0.5318474584394505,0.17213307476349313,0.12353703627766455,2.224006176583694,3.075859722784983,Banks—Regional,Financial Services,BBAR
2021Q2,2021,Q2,2021-06-30,2021-06-30,7219226000.0,31854358000.0,23651637000.0,35.35,31854358000.0,1.0,864390628000.0,130265958000.0,214410082000.0,51851000.0,731489965000.0,0.0,9301533000.0,63561720521.587204,-121372131478.4128,637.8185823837248,4135.119515534898,0.015497075704064667,0.10283213823215426,0.27175531433342426,637.8185823837248,0.05541912953190733,1.995385388761789,2.2011265654236065,0.48793807298133257,0.0,0.0,0.0,0.03685180862465343,4135.119515534898,0.008351809663535593,7.107807800684752,1.0,1.3998642226748133,5.567022049737268,5.490314182465911,6.6377256150233706,0.14417420763486147,1.3994199561410798,0.32734866789155914,2.3987304934491047,2.545270983806588,2.963741295170671,Banks—Regional,Financial Services,BBAR
2021Q1,2021,Q1,2021-03-31,2021-03-31,3008738000.0,27840479000.0,17818707000.0,14.73,27840479000.0,1.0,741948854000.0,117532410000.0,205456600000.0,31647000.0,622042736000.0,0.0,-31366803000.0,51102839281.66613,-130880093718.33386,575.4715681770268,6492.13511549278,0.01853501211823423,0.11700628788263595,0.15560999634669848,575.4715681770268,0.0255992198237065,1.8355589098041787,4.2462021686223705,0.4347978509218532,0.0,0.0,0.0,0.03752344767419777,6492.13511549278,0.0040551824883605795,1.1262925975934763,1.0,7.417142857142857,1.2628074207639186,4.869274558069278,5.9204277801645455,-0.2465160356166608,7.404296089385475,-0.025074848169830934,0.8703983289466849,2.1770328890487356,0.0,Banks—Regional,Financial Services,BBAR
2020Q4,2020,Q4,2020-12-31,2020-12-31,358000000.0,36949000000.0,18277000000.0,1.75,36949000000.0,1.0,693024525000.0,112381095000.0,291475288000.0,41542000.0,578481131000.0,0.0,-58285838000.0,55758453542.37777,-82632494457.62222,550.2492884567025,7016.399980742382,0.019793025362269828,0.12205835865898976,0.020387216128063747,550.2492884567025,0.0031855891776103444,1.5090652938476756,38.937467557526375,0.49615510101923965,0.0,0.0,0.0,0.05331557350008645,7018.0351932983485,0.0005165762351628176,3.3236262520572972,1.0,-0.8739193083573487,-0.7360074660522626,7.485058616470967,6.179178484374586,0.5616768746885015,-0.8736899299473061,0.3572990899182242,-0.748069527785398,4.859606878839047,3.3126143612140755,Banks—Regional,Financial Services,BBAR
2020Q3,2020,Q3,2020-09-30,2020-09-30,2834295000.0,23659824000.0,13465713000.0,13.88,23659824000.0,1.0,589836356000.0,104677010000.0,140368979000.0,46113000.0,483145206000.0,0.0,-20008948000.0,39211913280.8025,-83751406719.19751,512.5279324807713,3044.021837659662,0.01731856793174682,0.09758705373796978,0.08101286152991238,512.5279324807713,0.02707657584029196,1.6573205819621692,3.4587007775127945,0.37459909564480776,0.0,0.0,0.0,0.04011252232814215,3044.021837659662,0.004805222620085494,2.076964891461368,1.0,0.12937347436940616,1.4883101450550362,5.425204815078129,6.321271116265754,0.03391348867729581,0.1294185295417405,0.22184699184314002,1.0514588375784388,2.5763552640587153,3.2481103535082485,Banks—Regional,Financial Services,BBAR
2020Q2,2020,Q2,2020-06-30,2020-06-30,2509517000.0,22883756000.0,11020785000.0,12.29,22883756000.0,1.0,542079684000.0,93077021000.0,119530325000.0,21755000.0,447130736000.0,0.0,-21218975000.0,54000590102.586,-51662145897.414,455.73114033921416,5494.38404964376,0.012659487530250257,0.07372873482919055,0.059672294967890685,455.73114033921416,0.026961724527045188,2.3597782681560666,5.379580025019355,0.580171018823067,0.0,0.0,0.0,0.04221474568303504,5494.38404964376,0.004629424555228304,-1.5672403817066851,1.0,-0.18501326259946957,2.2957029184288285,6.22880256206665,6.073468496520923,0.10329489197078272,-0.18494124601323833,-0.18379833641510215,1.2526304419606638,2.5687223483509247,3.939213591722387,Banks—Regional,Financial Services,BBAR
2020Q1,2020,Q1,2020-03-31,2020-03-31,3078940000.0,20741287000.0,13502527000.0,15.08,20741287000.0,1.0,512654275000.0,87048694000.0,154339609000.0,18315000.0,423879261000.0,0.0,13539150000.0,34478976150.535255,-101997816849.46475,426.23312549933496,8426.951078351078,0.019609250308114567,0.11548439773260699,0.0796920353757594,426.23312549933496,0.035370318134813145,1.6623354254986809,2.7995816864355314,0.3960883795744857,0.0,0.0,0.0,0.040458624869557556,8426.951078351078,0.006005879888546721,-2.3799618484193497,1.0,-0.5879781420765028,1.8981169411974013,4.600095052874038,5.942751708347426,-0.30091047895109374,-0.5538414722503985,-0.12024192077143601,0.6801848172153893,2.2103615512630785,3.4464728412949026,Banks—Regional,Financial Services,BBAR
2019Q4,2019,Q4,2019-12-31,2019-12-31,6901000000.0,29669000000.0,15348000000.0,36.6,29669000000.0,1.0,454171021000.0,82760382000.0,206535800000.0,378262000.0,369833951000.0,0.0,-19187644000.0,68203940731.239,-72088692268.761,405.2213479570103,546.0125521463959,0.03519529265606755,0.19314413024338142,0.28456583572738464,405.2213479570103,0.08338530868550123,2.298828431401092,2.4707991860324228,0.824113411308795,0.18776220837559773,0.0,0.01899812512455776,0.06532561222130463,546.0585652272763,0.015194716705626183,0.9876705254197585,1.0,-0.3040501996577296,6.425423958796476,7.976622594689174,6.018872650686099,0.28242539497072605,-0.3574326954744025,-0.2904386187796876,9.382716458158193,5.099667867259658,3.4057088509641735,Banks—Regional,Financial Services,BBAR
2019Q3,2019,Q3,2019-09-30,2019-09-30,10739731000.0,23135069000.0,21630264000.0,52.59,23135069000.0,1.0,414077175000.0,56095471000.0,99484443000.0,1127241000.0,355532388000.0,0.0,23527473000.0,50975632369.20729,-31901683630.79271,274.6817365414265,88.25481241367197,0.02727032708335107,0.20130003008620784,0.32609510520931956,274.6817365414265,0.19145451154158238,2.2033922772915564,1.1866133418334055,0.9087299109977576,0.0,0.0,0.0,0.05587139402214092,88.25481241367197,0.025936544316889718,-2.8350534039688413,1.0,0.5840361445783132,13.963034897445949,6.68680288528825,4.164880324867078,0.024327744583587108,0.5840023846175062,0.13556740061504688,9.087949255777879,3.9827402875324363,2.0959813665294247,Banks—Regional,Financial Services,BBAR
2019Q2,2019,Q2,2019-06-30,2019-06-30,6780123000.0,22585612000.0,19047979000.0,33.2,22585612000.0,1.0,392891625000.0,48775646000.0,96894622000.0,95185000.0,344082216000.0,0.0,12787742000.0,98257486689.77303,13643514689.773026,238.83887425082648,1017.9610442821873,0.01613997753197208,0.13000877528100807,0.25022439464398627,238.83887425082648,0.1390063188501901,4.3504460578607755,3.622997941548148,2.0144784282256976,0.0,0.0,0.0,0.057485603059113315,1017.9610442821873,0.017256980216872782,-10.435343891904344,1.0,0.12848402447314755,13.888995055094446,7.796646560961489,3.808707662910456,0.466184698691791,0.12858738212260132,0.11695390478379665,5.168096569901826,3.6021893413928585,1.860038634985105,Banks—Regional,Financial Services,BBAR
2019Q1,2019,Q1,2019-03-31,2019-03-31,6007619000.0,15404343000.0,17053505000.0,29.42,15404343000.0,1.0,387741996000.0,44375264000.0,109501287000.0,100891000.0,343333168000.0,0.0,19477711000.0,83564842566.74466,-14086758433.25534,217.29159872825113,1085.342468604732,0.016352030642561608,0.1428807048900036,0.23163843986267466,217.29159872825113,0.13538215795178143,5.424758625976107,3.4774526549846394,1.8831401784278885,0.0,0.0,0.0,0.03972833265138502,1085.342468604732,0.015493856899627659,-13.579966933940224,1.0,1.0473208072373001,2.8649498819266435,2.9574309730961956,3.5650373713541756,0.24746310007923206,1.0457541779210713,0.25654410720148735,3.5185735992170137,2.247780411948401,1.6130757788763106,Banks—Regional,Financial Services,BBAR
2018Q4,2018,Q4,2018-12-31,2018-12-31,2936628000.0,12348536000.0,13571752000.0,14.37,12348536000.0,1.0,361542449000.0,45512029000.0,125423014000.0,95667000.0,316000308000.0,0.0,-6679416000.0,87084913228.50758,-4019332771.4924164,222.85797652441073,1311.0373901136234,0.022130776129139957,0.1758044010738348,0.17310146272381227,222.85797652441073,0.0645242162242426,7.052245968955963,7.41368273650149,1.913448271631827,0.11442375404715885,0.0,0.003858532868010053,0.034155148404164296,1311.0373901136234,0.008122498500860683,2.6874504572792497,1.0,-0.02443991853360497,1.9786953953897302,3.534220195481864,4.573155466972516,0.08932856324346115,-0.023675786053850584,0.3743045316828956,1.1656751266215457,1.835981446340354,1.907658807924475,Banks—Regional,Financial Services,BBAR
2018Q3,2018,Q3,2018-09-30,2018-09-30,3007841000.0,11335915000.0,9875360000.0,14.73,11335915000.0,1.0,333982353000.0,35699118000.0,91792178000.0,73682000.0,298254138000.0,0.0,10691956000.0,96411608553.85332,10325094553.853317,174.8072625192379,1245.788360793681,0.005195912252285976,0.048610248578130136,0.19235718571531596,174.8072625192379,0.08425533090201276,8.504969255137615,8.013356470127022,2.7006720041053485,0.0,0.0,0.0,0.03394165858817098,1245.788360793681,0.009005987810379909,6.344666361000249,1.0,0.41634615384615387,3.7009116008658967,3.9683382412265247,3.9717330581856487,0.26174884420446004,0.4161743380164978,0.5198760995998909,1.640888647872701,2.078703053757993,1.4970568058621796,Banks—Regional,Financial Services,BBAR
2018Q2,2018,Q2,2018-06-30,2018-06-30,2123920000.0,8984288000.0,6497477000.0,10.4,8984288000.0,1.0,268228122000.0,32861689000.0,58179153000.0,49317000.0,234812560000.0,0.0,7744300000.0,71376869487.3021,18597832487.302094,160.9132723068551,1179.6977310055356,0.006530247413803986,0.0533020685577056,0.13386801576081894,160.9132723068551,0.06463210092457512,7.94463283983128,8.40154872680022,2.1720389809331495,0.0,0.0,0.0,0.03349495173365901,1179.6977310055356,0.007918334528696435,31.456137295139243,1.0,0.3197969543147209,6.2856174387853105,3.6017806844837232,4.024281182740683,0.0672513077685897,0.3744403991980835,0.29512848577167505,1.7895350605722515,1.8383011631148347,1.4975580152091983,Banks—Regional,Financial Services,BBAR
2018Q1,2018,Q1,2018-03-31,2018-03-31,1545298000.0,8418156000.0,5016859000.0,7.88,8418156000.0,1.0,,,,,,,,89837201758.42978,,,0.0,0.0,0.0,0.0,,0.0,10.671838554480313,14.533960724473497,0.0,0.0,0.0,0.0,0.0,0.0,0.0,-33.69841148843655,1.0,0.17787742899850514,3.095627297538004,3.665162019359289,0.0,0.3351145103544792,0.08754108282720229,0.013434597492340446,0.5140709833892614,1.3658978047353927,0.0,Banks—Regional,Financial Services,BBAR
2017Q4,2017,Q4,2017-12-31,2017-12-31,1420910000.0,6305194000.0,4950353000.0,6.69,6305194000.0,1.0,225642790000.0,26056548000.0,54720220000.0,242000.0,198971022000.0,0.0,18394932000.0,99721769580.25017,68331195580.25017,127.59065438482607,226116.61157024794,0.027804158954070724,0.24077663702805147,0.1002272106596078,127.59065438482607,0.054531782183887136,15.81581305511776,17.54540568724447,3.8271289650590004,0.07741517759745516,0.0,0.0011030690737139249,0.027943254911889717,226116.61157024794,0.006297165533186325,10.975469905684411,1.0,-0.010355029585798727,3.528916739806846,2.7250350035267785,3.4493017890732225,-0.04684538962491761,0.02853738655332012,0.30759008521181447,0.5290016478547561,0.9078343623038316,1.2100083301628166,Banks—Regional,Financial Services,BBAR
2017Q3,2017,Q3,2017-09-30,2017-09-30,1381486000.0,6615080000.0,3785860000.0,6.76,6615080000.0,1.0,200056912000.0,24638812000.0,50468847000.0,5276434000.0,174830333000.0,0.0,16974022000.0,72329429143.6104,48502005143.6104,120.6484506829034,9.564953716847402,0.020593679862458338,0.16721212045450892,0.09150095107782753,120.6484506829034,0.0560695052992003,10.9340218324813,13.089062998758294,2.935589148681779,0.6594348404544093,0.0,0.01259514986895867,0.03306599074167455,9.564953716847402,0.006905464980885039,-4.939356619555663,1.0,0.24036697247706415,1.9005296757611148,2.9773824649688785,3.4453677863985344,0.15224158355618733,0.38506223067961476,0.18213775630325046,0.9247431084012265,1.1979107142672707,1.2685702260508491,Banks—Regional,Financial Services,BBAR
2017Q2,2017,Q2,2017-06-30,2017-06-30,997418000.0,5741053000.0,3202554000.0,5.45,5741053000.0,1.0,172447778000.0,16871810000.0,50024799000.0,4975570000.0,155007531000.0,0.0,1322775000.0,57072828586.05526,23713505586.05526,92.267955591751,10.054084054691222,0.021391322305121262,0.21864198328454387,0.10286468455547411,92.267955591751,0.059117427235133635,9.941177791958244,14.305143025806448,3.3827330076651676,0.0,0.0,0.0,0.033291545223621266,10.054084054691222,0.00578388432467944,-10.877404667056851,1.0,-0.3924191750278707,1.9504317816452,3.1475401231826527,2.719277195426194,0.014076294714946687,-0.37885375863292997,-0.22652665727001964,1.4462016289964428,1.4972617914415638,0.8576943409521173,Banks—Regional,Financial Services,BBAR
2017Q1,2017,Q1,2017-03-31,2017-03-31,1605770000.0,5661362000.0,4140484000.0,8.97,5661362000.0,1.0,184364247000.0,17154805000.0,70346991000.0,4735025000.0,166670291000.0,0.0,16122437000.0,50821061199.92263,13405644199.92263,95.8587043512015,14.85673064028173,0.02025309169624412,0.21766181545053995,0.1655030907186092,95.8587043512015,0.09360467810622156,8.976825929859746,7.9122572348347875,2.9624971662413317,0.0,0.0,0.0,0.030707483105441805,14.85673064028173,0.008709768982486068,-10.315467946483817,1.0,1.7685185185185186,5.676298655402091,2.883489058535344,3.175162913520453,0.3283121448910295,1.7571363570024296,0.25963868415392444,0.17887730725238196,0.659720190417334,1.0138770679307063,Banks—Regional,Financial Services,BBAR
2016Q4,2016,Q4,2016-12-31,2016-12-31,582405000.0,4262072000.0,3287041000.0,3.24,4262072000.0,1.0,151752711000.0,16460035000.0,53803960000.0,22000.0,134672535000.0,0.0,15427667000.0,49705412923.36515,5451553923.36515,91.9764246038022,2445634.5454545454,0.026175795963210173,0.24132682585425852,0.09377704367970598,91.9764246038022,0.03538297458055223,11.662264955487649,21.336274981913423,3.0197635013148605,0.0,0.0,0.0,0.02808563993298281,2445634.5454545454,0.0038378556545194107,2.572924657459903,1.0,-0.37931034482758613,0.16859156229558858,1.865202627982379,3.255155487342232,0.04751926215778932,-0.37572152102259027,-0.21074464005770352,-0.325866301822715,0.7858776422120372,1.3001147260130406,Banks—Regional,Financial Services,BBAR
2016Q3,2016,Q3,2016-09-30,2016-09-30,932925000.0,4068729000.0,4164737000.0,5.22,4068729000.0,1.0,130932897000.0,15877630000.0,41123097000.0,3539837000.0,114667119000.0,0.0,14845262000.0,54634764884.669586,28248644884.669586,88.72202511003579,11.617228985402436,0.029862350024990283,0.2462561478003959,0.12844521189479038,88.72202511003579,0.05875719487102294,13.427968509249347,14.64071733651408,3.440989926372487,1.0611785513304928,0.0,0.018120330564061638,0.031074917711474758,11.617228985402436,0.007125214681532633,11.830157077417779,1.0,-0.027932960893854813,7.132971257704277,3.119576938147555,3.711637672020476,-0.053904085667261785,-0.031490005792840545,-0.10758816525039572,0.6638636128539784,1.034965832403475,1.5233632680461313,Banks—Regional,Financial Services,BBAR
2016Q2,2016,Q2,2016-06-30,2016-06-30,963258000.0,4300546000.0,4666833000.0,5.37,4300546000.0,1.0,131589234000.0,14944705000.0,39480460000.0,3430398000.0,116326817000.0,0.0,13912337000.0,55582003580.573944,31648087580.573944,83.50896779129361,11.509002745454026,0.019685523817244806,0.17333249468624506,0.13857666669141344,83.50896779129361,0.06445480188468089,12.924406245293957,14.425523478801615,3.719177031635884,0.39038035500354007,0.0,0.006765445212043884,0.032681594605224316,11.509002745454026,0.007320188519373857,11.203839964735572,1.0,-0.17511520737327185,3.8895352378631904,1.695508286382078,3.6022366480151016,0.03469144606477405,-0.1732287114062162,0.1031625044646941,2.770636060799411,1.5136779323590857,1.6074451749622392,Banks—Regional,Financial Services,BBAR
2016Q1,2016,Q1,2016-03-31,2016-03-31,1165084000.0,4156356000.0,4230413000.0,6.51,4156356000.0,1.0,115318807000.0,14881447000.0,34183222000.0,3334428000.0,100062559000.0,0.0,13849079000.0,52824584680.40215,32460133680.402153,83.15549073808035,10.251599974568352,0.026446770300008395,0.20494042010834027,0.16023860543857654,83.15549073808035,0.07829104253101193,12.70935037335641,11.334930502951321,3.549694104370506,0.08407548296946829,0.0,0.0018543449152065208,0.03604230834611392,10.251599974568352,0.0101031568944344,-16.54877539051725,1.0,-0.018099547511312233,4.954323389670579,5.061879386903791,3.8740435111066467,0.0892923036925838,-0.01950497407556084,0.08839251372256933,2.3853762291080685,1.5252478856809566,1.7773702540841385,Banks—Regional,Financial Services,BBAR
2015Q4,2015,Q4,2015-12-31,2015-12-31,1188261000.0,3815648000.0,3886845000.0,6.63,3815648000.0,1.0,110736198000.0,13716363000.0,35138433000.0,163000.0,96681699000.0,0.0,12683995000.0,44143213450.70592,19890278450.705917,76.64516067601814,215573.20858895706,0.03356942957351669,0.27101579332655457,0.15199000660209958,76.64516067601814,0.08663090937444569,11.56899521410411,9.287356365879617,3.218288510642793,0.0,0.0,0.0,0.034457097759487826,215573.20858895706,0.010730556236001528,2.9685996566995096,1.0,0.18817204301075266,1.9836674752543062,3.2052984367222277,2.65718628781001,0.18256033675086367,0.19055877844239383,0.14956947837868453,3.3219863676373236,1.572432521351272,1.6727463086055632,Banks—Regional,Financial Services,BBAR
2015Q3,2015,Q3,2015-09-30,2015-09-30,998070000.0,3226599000.0,3381131000.0,5.58,3226599000.0,1.0,92177134000.0,12528102000.0,22654087000.0,2483975000.0,79350232000.0,0.0,11495734000.0,26156695245.814186,15088182245.814186,70.00532070750418,9.120094606427198,0.031128251394754797,0.22903014359238136,0.14160563783970492,70.00532070750418,0.07966649696817603,8.106583819623754,6.551818821779581,2.087841817205366,0.0,0.0,0.0,0.03500433198541408,9.120094606427198,0.010827739556319901,63.21355697506709,1.0,0.49999999999999994,1.2803589009228784,0.5773685582949138,2.7983508416747704,0.16322462723156347,0.4958858530297807,0.21643020170156918,1.3913085146655038,1.2138644798349993,1.579389919954738,Banks—Regional,Financial Services,BBAR
2015Q2,2015,Q2,2015-06-30,2015-06-30,667210000.0,2773840000.0,2779552000.0,3.72,2773840000.0,1.0,87571100000.0,11530032000.0,22609331000.0,2312547000.0,75772809000.0,0.0,10497664000.0,25841723328.548527,14811951328.548527,64.42824203760361,9.776809292957072,0.02988206154770238,0.2269555713288567,0.11703207869065266,64.42824203760361,0.057867142085989004,9.316227081788613,9.682754803041218,2.2412533918855146,0.0,0.0,0.0,0.031675290135672614,9.776809292957072,0.007619066107425852,11.307259235125656,1.0,-0.2832369942196532,2.2775641866176373,1.4309201857353815,3.141185250578354,-0.1453231628934236,-0.2832989238903223,-0.04409956172810635,1.0166357868902505,1.0475616813709858,1.5970716465433594,Banks—Regional,Financial Services,BBAR
2015Q1,2015,Q1,2015-03-31,2015-03-31,930946000.0,3245484000.0,2907784000.0,5.19,3245484000.0,1.0,81158701000.0,10986764000.0,17088972000.0,0.0,69868034000.0,0.0,4135442000.0,32234277767.99229,19337238767.99229,61.39253474769453,0.0,0.0,0.0,0.17309543079604606,61.39253474769453,0.08473341194914172,9.932040265178411,8.656323183082664,2.933919192948196,0.0,0.0,0.0,0.03998935369850239,0.0,0.011470686303862847,49.80951550409764,1.0,0.13815789473684228,4.824682256478595,4.18732182341778,0.0,0.12063831983876264,0.1431669402976827,0.10570243367669187,2.870587648325697,1.2262843470619833,1.6739755766621436,Banks—Regional,Financial Services,BBAR
2014Q4,2014,Q4,2014-12-31,2014-12-31,814357000.0,2896103000.0,2629807000.0,4.56,2896103000.0,1.0,74288906000.0,10331876000.0,17782225000.0,417029000.0,63680972000.0,0.0,9299508000.0,20957956708.149467,10908774708.149467,57.73311016227082,42.64026002987802,0.033800093919810856,0.24303156561306,0.13498710102189948,57.73311016227082,0.07881985807804895,7.236606124902832,6.433897144664277,2.0284754393248106,0.0,0.0,0.0,0.038984326946475696,42.64026002987802,0.010962027089213025,17.310253532511073,1.0,0.29914529914529914,2.114168810912921,0.7017757525785647,2.52709182092265,0.09807684141240419,0.29474696726393945,0.11637278720160837,0.6340016292723253,0.9469220432005024,1.6709383580253327,Banks—Regional,Financial Services,BBAR
2014Q3,2014,Q3,2014-09-30,2014-09-30,628970000.0,2637432000.0,2355671000.0,3.51,2637432000.0,1.0,73900471000.0,9517519000.0,21317049000.0,1837926000.0,64140952000.0,0.0,8485151000.0,19527527284.922016,9096700284.922016,53.18259461287627,11.59842616079211,0.027602746943250198,0.21432644368768794,0.1316119106676865,53.18259461287627,0.06608549980304741,7.403992703858153,7.761708541314378,2.051745553113371,0.0,0.0,0.0,0.035688974160936,11.59842616079211,0.008511041830842999,35.780888579489286,1.0,0.5810810810810808,1.0303039372677818,1.7576686441297358,2.6224649885629083,0.17222325928691432,0.5761644501579999,0.039314150985434775,4.483179175130111,1.6703926565599194,1.8242943729366816,Banks—Regional,Financial Services,BBAR
2014Q2,2014,Q2,2014-06-30,2014-06-30,399051000.0,2249940000.0,2266563000.0,2.22,2249940000.0,1.0,68366053000.0,8888549000.0,17326170000.0,1506822000.0,59271631000.0,0.0,7856181000.0,16931740065.098183,7757385065.098183,49.66799626706148,11.49848489071702,0.03384115212852788,0.2602883777768452,0.10451967064420062,49.66799626706148,0.0448949541708101,7.525418484536558,10.6075038435552,1.904893595692411,0.0,0.0,0.0,0.0329101930164083,11.49848489071702,0.005836975845307319,8.700026906730283,1.0,-0.7086614173228347,5.52510905394083,2.9316711400146116,3.0030598792211447,-0.3403935580823879,-0.7070363947910533,-0.3096570402059915,1.0255984650057866,0.4102237050510545,1.7372374332901175,Banks—Regional,Financial Services,BBAR
2014Q1,2014,Q1,2014-03-31,2014-03-31,1362118000.0,3411034000.0,3283242000.0,7.62,3411034000.0,1.0,64771464000.0,8518298000.0,16274209000.0,1397677000.0,56061130000.0,0.0,7485930000.0,11978919499.92361,3847141499.9236107,47.599084312379595,11.6437553168579,0.03386068284638433,0.25746997815760847,0.2205770784483108,47.599084312379595,0.1599049481480925,3.5118147458874964,2.1985832908609257,1.4062573884975156,0.0,0.0,0.0,0.05266260463095292,11.6437553168579,0.02102960031905408,-4.756206356946816,1.0,0.577639751552795,14.846581131343845,5.97556077907953,3.019112875791865,0.42927884780573733,0.5766513760936927,0.5017900768404263,5.961292977065438,3.9748569883397815,1.7899541686082496,Banks—Regional,Financial Services,BBAR
2013Q4,2013,Q4,2013-12-31,2013-12-31,863931000.0,2386542000.0,2186219000.0,4.83,2386542000.0,1.0,58523624000.0,7156180000.0,16134823000.0,1193215000.0,51195049000.0,0.0,6123812000.0,8114427645.082296,-2900319354.9177036,39.98775520351185,13.522142279471847,0.031902228064345436,0.2608981328026964,0.1840823039762917,39.98775520351185,0.12072516342517936,3.4000774531025626,2.3481121886708247,1.1339049108717634,0.0,0.0,0.0,0.04077912194911238,13.522142279471847,0.01476208992115731,1.676377736770153,1.0,0.548076923076923,54.18479672585616,2.5742164200313353,2.4439889049106958,0.19362371580802126,0.540813414708096,0.26661043000766493,1.169290101723382,1.6302534567580502,0.9080483193030278,Banks—Regional,Financial Services,BBAR
2013Q3,2013,Q3,2013-09-30,2013-09-30,560698000.0,1999409000.0,1726039000.0,3.12,1999409000.0,1.0,54978499000.0,6292249000.0,13129955000.0,884521000.0,48529926000.0,0.0,5259881000.0,6877072918.301469,545853918.3014688,35.160226921561815,14.844141631459287,0.026154770067476744,0.22852719274141886,0.14552919278579918,35.160226921561815,0.08910931528615604,3.439552847017028,3.066299914705184,1.0929435434455104,0.0,0.0,0.0,0.036367107803361456,14.844141631459287,0.010198495961121093,11.883637523179447,1.0,1.1818181818181819,3.350444742208283,1.3495880843336536,1.630887706586852,0.1686586496366151,1.1948305625472182,0.4081630821594827,0.2810651307319688,-0.02256063062937918,0.9077246725144185,Banks—Regional,Financial Services,BBAR
2013Q2,2013,Q2,2013-06-30,2013-06-30,255463000.0,1710858000.0,1225738000.0,1.43,1710858000.0,1.0,49308628000.0,5731551000.0,11538231000.0,887530000.0,43433980000.0,0.0,4699183000.0,3625043618.350184,-3074992381.6498165,32.02712317527558,13.000384212364652,0.028244306452817954,0.2429862353139665,0.08398593606184193,32.02712317527558,0.044571355990725724,2.1188454087657678,3.547523142637274,0.632471667503296,0.0,0.0,0.0,0.03469692971380181,13.000384212364652,0.005180898564040354,3.367172109515081,1.0,-0.2552083333333333,0.9664571172654879,1.0444317746822496,1.4064492519845424,0.03945392242636337,-0.25770299170134126,-0.0294151649475883,0.2549218084349777,0.49935080867204423,1.0585731647698478,Banks—Regional,Financial Services,BBAR
2013Q1,2013,Q1,2013-03-31,2013-03-31,344152000.0,1645920000.0,1262886000.0,1.92,1645920000.0,1.0,46046751000.0,5358107000.0,8817322000.0,45934000.0,40565865000.0,0.0,2835889000.0,3675448574.1628323,-3900128425.8371677,29.940369173249312,191.95632864544783,0.0,0.0,0.1298433584565658,29.940369173249312,0.06423014695301904,2.2330663544782445,2.6699311453680585,0.6859602792857314,0.0,0.0,0.0,0.035744541455270104,191.95632864544783,0.007473969227492294,-8.780671440291155,1.0,0.25490196078431365,2.9952669816488657,0.6439661413769068,1.3374296581183587,0.1096458938409637,0.2517622411196869,0.19854567127463504,1.1532678027851473,1.6307067715015056,0.0,Banks—Regional,Financial Services,BBAR
2012Q4,2012,Q4,2012-12-31,2012-12-31,274934000.0,1483284000.0,1053682000.0,1.53,1483284000.0,1.0,44784579000.0,5131936000.0,10635572000.0,757074000.0,39534662000.0,0.0,4099568000.0,4422331562.577672,-2828479437.422328,28.6765565550461,14.048259483220926,0.03045865408269217,0.2658018338498376,0.0947421357273001,28.6765565550461,0.053573154458668226,2.981446279052206,4.0212665244910335,0.8617277305441204,0.0,0.0,0.0,0.033120418526207424,14.048259483220926,0.006139032813058263,1.7665647216781315,1.0,-0.3461538461538461,19.17768401256062,0.4956382801560647,1.1509709576284297,0.017724781141870292,-0.34127664876106323,-0.07713664864467183,0.05137045283522228,-0.12840919491200978,0.7519383208914339,Banks—Regional,Financial Services,BBAR
2012Q3,2012,Q3,2012-09-30,2012-09-30,417374000.0,1457451000.0,1141753000.0,2.34,1457451000.0,1.0,41584172000.0,4857002000.0,9869787000.0,32993000.0,36617481000.0,0.0,3148868000.0,3452911095.1187854,-2362977904.8812146,27.14026296137988,299.1479101627618,0.014767469699769421,0.12643457836747854,0.1402543408447756,27.14026296137988,0.08593243321703388,2.369143864952431,2.06823562028228,0.7109140772679907,0.0,0.0,0.0,0.03504821497948787,299.1479101627618,0.01003684767367738,7.485369433236471,1.0,0.25806451612903214,4.731568886225607,1.3763675537494493,1.3669623003532996,0.07584461255004783,0.2615088876328762,0.15978416440398882,0.34727582478210905,0.5238940465784625,0.8486245936971621,Banks—Regional,Financial Services,BBAR
2012Q2,2012,Q2,2012-06-30,2012-06-30,330853000.0,1354704000.0,984453000.0,1.86,1354704000.0,1.0,39592599000.0,4439628000.0,9170545000.0,213635000.0,35053001000.0,0.0,2835889000.0,2694994193.1512976,-3044376806.8487024,24.808034126958365,42.926229316357336,0.015762870227337186,0.14057326424646388,0.11889242884948531,24.808034126958365,0.07452268523398807,1.9893601799000353,2.0363984859977826,0.6070315335319305,0.0,0.0,0.0,0.03421609174987477,42.926229316357336,0.00835643550452447,0.0,1.0,0.37777777777777777,3.077957836502837,1.2052247321590164,1.251407770831482,-0.07072217576723329,0.37558519528683926,0.006722713137310444,4.4099649062989075,1.3672856254221686,0.9994373351001175,Banks—Regional,Financial Services,BBAR
2012Q1,2012,Q1,2012-03-31,2012-03-31,240518000.0,1457803000.0,977879000.0,1.35,1457803000.0,1.0,39140550000.0,4108775000.0,9881703000.0,504083000.0,35031775000.0,0.0,2835889000.0,4715881874.708949,-1461021125.291051,22.959272808441014,19.603325246040832,0.012878791943393744,0.12268449842106224,0.10505971508603631,22.959272808441014,0.05853764199791909,3.2349239744388982,4.901797240444529,1.147758608030118,0.0,0.0,0.0,0.037245337635776705,19.603325246040832,0.006144982633100454,11.212885808565254,1.0,-0.514388489208633,2.517314576694515,0.4073858303777093,1.0327492508179448,-0.0199834759524016,-0.5174023138877407,-0.2774344715271738,1.7981334954450043,1.98120553193679,0.9386068092747778,Banks—Regional,Financial Services,BBAR
2011Q4,2011,Q4,2011-12-31,2011-12-31,498382000.0,1487529000.0,1353343000.0,2.78,1487529000.0,1.0,39005645000.0,3868257000.0,9741830000.0,0.0,35055279000.0,0.0,1042021000.0,3731375855.5302935,-2622052144.4697065,21.615291116247935,0.0,0.0,0.0,0.2493967325004495,21.615291116247935,0.12883890599823125,2.5084390660822704,1.871744894242917,0.9646142579281298,0.0,0.0,0.0,0.038136249253152975,0.0,0.012777176226671806,-2.65358322496314,1.0,3.3437499999999996,9.378143393265264,0.11267112277076843,0.9798052590994113,0.5061190271521389,3.344750629854676,2.0804912969155094,30.83484486819624,1.227805157869751,0.8616404547318728,Banks—Regional,Financial Services,BBAR
2011Q3,2011,Q3,2011-09-30,2011-09-30,114709000.0,987657000.0,439327000.0,0.64,987657000.0,1.0,35931551000.0,3369875000.0,9979526000.0,0.0,32561676000.0,0.0,1042021000.0,4150396847.4435506,-3208614152.5564494,18.830400655997263,0.0,0.0,0.0,0.08072076119226945,18.830400655997263,0.034039541526021,4.202265409391672,9.045490866984172,1.2316174479598059,0.12429713448813955,0.0,0.0034353341437174272,0.02748717972124276,0.0,0.003192431075407794,27.194318224633406,1.0,-0.4181818181818182,1.4876146892545141,1.2078370296132261,0.7680968484751225,-0.38095357482439113,-0.41773263487035794,-0.24448445639070462,-0.10997512754821676,0.16063652739820777,0.4089974364069775,Banks—Regional,Financial Services,BBAR
2011Q2,2011,Q2,2011-06-30,2011-06-30,197004000.0,1595449000.0,581493000.0,1.1,1595449000.0,1.0,33042764000.0,3247270000.0,8944507000.0,442000.0,29720241000.0,0.0,1042021000.0,7562058722.627251,588035722.6272507,18.14530068272569,20236.441176470587,0.0,0.0,0.08912376520509195,18.14530068272569,0.06066757614858019,4.7397683803288295,9.596326372341743,2.328743443762684,0.0,0.0,0.0,0.04828436870474879,20236.441176470587,0.00596209203322095,1.5390035716383608,1.0,0.018518518518518535,3.337745997653198,2.8515961719345726,0.7418472864988638,1.3291396287564143,0.0077858830992111805,0.09886710445504795,0.5164619452905906,0.9065209564353213,0.3633989233441078,Banks—Regional,Financial Services,BBAR
2011Q1,2011,Q1,2011-03-31,2011-03-31,195482000.0,684995000.0,529175000.0,1.08,684995000.0,1.0,35468139000.0,3050266000.0,8669584000.0,112647000.0,32220623000.0,0.0,2025794000.0,7933828547.56409,1922624547.5640898,17.06088395571175,76.96240468010689,0.0,0.0,0.12211984460746628,17.06088395571175,0.06408686980086327,11.582315998750486,10.146495006655458,2.6010284177065506,0.0,0.0,0.0,0.019312967054741722,76.96240468010689,0.00551148172730461,19.39735498749215,1.0,-0.5156950672645739,3.8213668670604193,-0.020669690788684976,0.655755901397169,-0.2443268944366609,-0.5086811838983392,-0.2927358994921144,1.271539683598325,-0.3151592505103397,0.3319346839392506,Banks—Regional,Financial Services,BBAR
2010Q4,2010,Q4,2010-12-31,2010-12-31,397872000.0,906470000.0,748200000.0,2.23,906470000.0,1.0,32580246000.0,3746915000.0,7651486000.0,0.0,28654139000.0,0.0,2634312000.0,8217949143.429999,2526143143.4299994,20.95741224106871,0.0,0.0,0.0,0.15647809825298467,20.95741224106871,0.10618655614018466,9.065880992674881,5.163689040338349,2.1932574246893775,0.0,0.0,0.0,0.027822687403894986,0.0,0.012212062487189323,-10.854738897440706,1.0,-0.08979591836734702,11.818472088773895,0.3416229174604264,1.0807346160847997,-0.5564325525178729,-0.09007912912226136,-0.0416685879405481,28.228349323795744,-0.08509975928125094,0.5719734338066124,Banks—Regional,Financial Services,BBAR
2010Q3,2010,Q3,2010-09-30,2010-09-30,437260000.0,2043590000.0,780732000.0,2.45,2043590000.0,1.0,34121464000.0,3295127000.0,11079378000.0,0.0,30594284000.0,0.0,2236440000.0,6995009608.3296,763120608.3296003,18.430451431557966,0.0,0.0,0.0,0.18421698346091653,18.430451431557966,0.13269898246714013,3.4229026411019823,3.999342272520697,2.122834600405265,0.0,0.0,0.0,0.05989162715878779,0.0,0.012814807711650356,-12.593137979429017,1.0,1.149122807017544,16.259065527033805,1.3316477119124388,0.84343693371517,0.7926731276667415,1.1500395824421137,1.0900446528960133,5.010435232136604,2.335273605279177,0.607360392162252,Banks—Regional,Financial Services,BBAR
2010Q2,2010,Q2,2010-06-30,2010-06-30,203373000.0,1139968000.0,373548000.0,1.14,1139968000.0,1.0,28350630000.0,2781556000.0,7945626000.0,82832000.0,25342083000.0,0.0,802385000.0,4416913900.45776,-2136429099.5422401,15.557923188441189,95.92459435966776,0.0005053150494362912,0.005150354693560007,0.1384473515559912,15.557923188441189,0.07311483212993015,3.8745946381457723,5.42957263311472,1.5879291664297823,0.0,0.0,0.0,0.04020961791677998,95.92459435966776,0.007173491382731177,2.9121120380353904,1.0,0.26666666666666655,5.691230398891294,1.756976261606615,0.5710629712237024,0.8237883066290167,0.2736763655948996,-0.12999489942076983,1.509105922043854,0.8574586228195957,0.41193086825015496,Banks—Regional,Financial Services,BBAR
2010Q1,2010,Q1,2010-03-31,2010-03-31,159674000.0,625055000.0,429363000.0,0.9,625055000.0,1.0,,,,,,,,5127381662.1274,,,0.0,0.0,0.0,0.0,,0.0,8.203088787590533,8.027890674322997,0.0,0.0,0.0,0.0,0.0,0.0,0.0,10.653856799982131,1.0,-0.3835616438356164,4.283185222964498,1.2232871483392982,0.0,-0.6323584336906495,-0.3888053160012096,-0.3252499886065227,1.3373076429512096,-0.39598097995348175,0.0,Banks—Regional,Financial Services,BBAR
2009Q4,2009,Q4,2009-12-31,2009-12-31,261249000.0,1700175000.0,636329000.0,1.46,1700175000.0,1.0,26391593000.0,2926472000.0,6429934000.0,82000.0,23251939000.0,0.0,658693000.0,4228836305.4894323,-1026575694.5105677,16.368473828721715,78413.82926829268,0.0,0.0,0.14568517301745917,16.368473828721715,0.08927097200998335,2.4872947228899567,4.046748796635999,1.4450287942237043,0.0,0.0,0.0,0.06442108288044605,78413.82926829268,0.009898947744457865,-6.068912311642505,1.0,0.9466666666666667,10.466206607099373,4.0235478873196024,0.7943280193266422,0.7793954655204353,-0.15588074689896056,-0.01387608227707843,4.445402687867148,0.2729549897938461,0.49923451852910106,Banks—Regional,Financial Services,BBAR
2009Q3,2009,Q3,2009-09-30,2009-09-30,309493000.0,955479000.0,645283000.0,0.75,955479000.0,1.0,22934672000.0,2624832000.0,6717605000.0,0.0,20261456000.0,0.0,0.0,3827548497.6717453,-1698510502.3282547,14.681327433332816,0.0,0.0,0.0,0.1802716384172377,14.681327433332816,0.11790964145514837,4.0058949465888265,3.0917892308321555,1.4582070386492336,0.11308817970034864,0.0,0.009144234232770691,0.04166089665463714,0.0,0.013494546597396292,-7.493360306488248,1.0,1.2058823529411764,19.978237849854004,0.28640016901363063,0.5894010460989397,0.6510354837873564,4.004252498140542,0.38345979113559037,5.7182242074670695,1.137962370247284,0.378516009325579,Banks—Regional,Financial Services,BBAR
2009Q2,2009,Q2,2009-06-30,2009-06-30,61846000.0,578715000.0,466427000.0,0.34,578715000.0,1.0,24389437000.0,2245483000.0,8165071000.0,2673701000.0,22100065000.0,0.0,0.0,2825755059.7956614,-421524940.20433855,12.40750769801753,3.053845961085402,0.10962536773604081,1.1907019558820975,0.030965279088536482,12.40750769801753,0.027542404017309417,4.882809430886812,11.4225457579943,1.2584174806915311,,0.0,,0.023728099996732192,3.053845961085402,0.0025357698908753,0.0,1.0,-0.2916666666666666,4.651424468755338,0.08300218307014691,0.3300242298656864,0.1846096846035437,-0.27980529613154154,0.31033543094729743,0.34657238090522025,0.38150217312576296,0.19105128065362886,Banks—Regional,Financial Services,BBAR
2009Q1,2009,Q1,2009-03-31,2009-03-31,85874000.0,488528000.0,355960000.0,0.48,488528000.0,1.0,25488931000.0,2117411000.0,9345328000.0,3373442000.0,23331983000.0,0.0,0.0,1483790762.7387564,-1583499237.2612438,11.84318176259267,2.7702649104386556,0.1323492931108017,1.5931918744164453,0.062773710551888,11.84318176259267,0.040556131993269136,3.0372686166171774,4.319674065313006,0.7007570862429431,,0.0,,0.019166280453268125,2.7702649104386556,0.0033690702838812658,0.0,1.0,4.517241379310345,3.1969361120039483,-0.42561544994924944,0.16714919709922743,-0.2676500014232777,4.490596676728926,-0.40274419996922683,1.117992962225628,-0.30155748233394863,0.14937878632995308,Banks—Regional,Financial Services,BBAR
2008Q4,2008,Q4,2008-12-31,2008-12-31,15640194.51,667069025.67,595992537.8399999,0.087,667069025.67,1.0,25823659523.28,2075879075.91,7077612356.88,0.0,23499659621.73,0.0,594348783.24,1600508146.1874878,-2642276458.092512,11.610883863909763,0.0,0.0,0.0,0.20166376006618925,11.610883863909763,0.007534251243967008,2.399314140811661,25.583251940443546,0.7710025910280325,0.0047260038839504175,0.0,4.618259530641672e-05,0.02583169999854738,0.0,0.0006056536834332246,1.4102162861447451,1.0,-0.8791666666666668,1.1546506333422315,-0.6552987296877903,-0.07784292548705701,-0.1403827184081645,-0.8669266549366422,0.6589928761860158,-0.49611149680350214,-0.012704352053430191,0.1527743836442993,Banks—Regional,Financial Services,BBAR
2008Q3,2008,Q3,2008-09-30,2008-09-30,117530633.22,776006997.48,359249606.43,0.72,776006997.48,1.0,23499227466.0,2181018325.2,5330016411.72,0.0,21056639350.89,0.0,1282381574.76,2138878730.950008,-1316223339.4699922,13.364396676274898,0.0,0.0,0.0,0.14996339836852243,13.364396676274898,0.05388796227066199,2.756262170181182,4.549619687120937,0.9806789361817362,0.0021776325285419065,0.0,0.00011966014075343202,0.03302265994074786,0.0,0.00500146795847012,-8.222364707889628,1.0,-0.013698630136986314,3.8491484903767996,4.383372301625778,0.010288968629675443,0.058567683210315157,0.032765888031283615,0.12145171410966253,4.082236034672207,-0.030023907457597965,0.3367237650880936,Banks—Regional,Financial Services,BBAR
2008Q2,2008,Q2,2008-06-30,2008-06-30,113801815.67,733072631.81,320343356.66,0.73,733072631.81,1.0,18741937046.49,2086417020.45,4513613521.98,3023.99,16655520026.04,0.0,0.0,2205177426.9864984,-989934119.1335015,13.30887121299714,1492602.0,0.0,0.0,0.14467259075659586,13.30887121299714,0.05454413693646687,3.0081295240033503,4.844337091644089,1.0569207427721634,0.0,0.0,0.0,0.039114027007538694,1492602.0,0.006072041293688629,7.484495241061426,1.0,0.5208333333333334,14.959986462869127,1.3577021135327318,-0.00894213654976544,-0.15104037047309282,0.531794782846581,0.1518451019902659,3.2701012288070657,1.021918578315959,0.343950249546119,Banks—Regional,Financial Services,BBAR
2008Q1,2008,Q1,2008-03-31,2008-03-31,74293121.34,863495278.59,278113225.56,0.48,863495278.59,1.0,22606520477.73,1977046779.36,5213093806.08,6331.98,20386914540.51,0.0,0.0,3045660099.104835,-579661228.065165,12.809099546273167,823296.0,0.0,0.0,0.1300112884016895,12.809099546273167,0.03757782674421584,3.527129996678254,10.24879573024827,1.5405098811525144,0.0,0.0,0.0,0.038196735293281485,823296.0,0.003286358084747593,7.514806796372429,1.0,5.315789473684211,1.4347997457632578,9.649944493156946,-0.04865349978755009,0.009527407210779396,5.321896152668074,0.1727833183393587,1.8473973551736824,2.557747576984631,0.38173992412868807,Banks—Regional,Financial Services,BBAR
2007Q4,2007,Q4,2007-12-31,2007-12-31,11751714.92,855346048.48,237139479.4,0.076,855346048.48,1.0,22032673678.98,2057741415.54,4485431114.01,6301.98,19738809676.8,0.0,1140661530.99,3207288984.398434,36583239.968434334,13.331912480428684,711749.5000000001,0.0,0.0,0.06476560250727238,13.331912480428684,0.005710977497586145,3.7496975523508578,68.23023291136887,1.5586452992475566,0.0405827364981723,0.0,0.00014869777943924548,0.03882170910995847,711749.5000000001,0.0005333767063963544,6.732094761690629,1.0,-0.8099999999999999,1.0446643424259745,-0.447966526809201,-0.07581914730268376,0.39597925873991907,-0.8384649266291809,-0.0679576374441799,1.4932424316359802,1.927498049227575,0.46145721129285644,Banks—Regional,Financial Services,BBAR
2007Q3,2007,Q3,2007-09-30,2007-09-30,72750237.3,612721172.7,254429936.8,0.4,612721172.7,1.0,21034954905.899998,2050026526.6,4157504772.2000003,7011429.1,18754754790.2,0.0,0.0,4521449540.10895,1959203170.3089495,11.466284425961852,592.9611086276263,0.0,0.0,0.09834864529415746,11.466284425961852,0.035487461433319774,7.379293782496296,15.537576604265421,2.2055566020444832,,0.0,,0.02912871339354004,592.9611086276263,0.0034585402072620855,0.0,1.0,-0.09090909090909087,1.0512596412167734,10.515041326282418,-0.43405050267933487,-0.0016362814699745906,-0.10244818543423664,0.1098637805037574,5.4610684368675395,-0.1750697168102782,0.2413403722686804,Banks—Regional,Financial Services,BBAR
2007Q2,2007,Q2,2007-06-30,2007-06-30,81054080.8,613725400.2,229244292.2,0.44,613725400.2,1.0,19351534879.6,1970039618.8,3980814775.3,3955405.3,17155127627.0,0.0,0.0,5194651052.689334,2753032845.089334,11.018898685686045,1006.423987776929,0.0,0.0,0.10800634480019584,11.018898685686045,0.04114337601462657,8.464129154498913,16.0221761860056,2.636825677573695,,0.0,,0.03171455928526771,1006.423987776929,0.00418850914432868,0.0,1.0,0.12820512820512817,1.1211507870305395,-0.20953416561769755,-0.5643255146968121,-0.40693008597406055,0.18646784808762096,-0.05160720295592233,5.84411046557268,0.16259148688792938,0.18117212538495894,Banks—Regional,Financial Services,BBAR
2007Q1,2007,Q1,2007-03-31,2007-03-31,68315446.5,1034828079.6,241718719.2,0.39,1034828079.6,1.0,19296108871.2,2019347630.3,3572614558.8,2145597.3,17049900705.6,0.0,0.0,6063475476.636471,3590094069.636471,11.29469008496871,1665.0909090909092,0.0,0.0,0.09714621085914578,11.29469008496871,0.03383045369451859,5.859403698226117,22.189255092684167,3.0026902677156504,,0.0,,0.05362884747942684,1665.0909090909092,0.003540374225498011,0.0,1.0,0.4444444444444444,2.1825081335831316,-0.010576980739534433,-0.40987185157781897,-0.2252045866816069,0.4239465588084762,0.6499022866949824,2.7477312274206827,0.21669435709095133,0.11309517395010811,Banks—Regional,Financial Services,BBAR
