Quarters,Year,Quarter,FillingDate,Date,NetIncome,Revenue,OperatingIncome,EPSDiluted,GrossProfit,GrossProfitRatio,TotalAssets,CommonStockEquity,CurrentAssets,CurrentLiability,TotalLiability,Inventory,RetainedEarnings,MarketCap,EnterpriseValue,bookValuePerShare,currentRatio,debtToAssets,debtToEquity,roic,shareholdersEquityPerShare,roe,priceToSalesRatio,peRatio,pbRatio,payoutRatio,inventoryTurnover,dividendYield,assetTurnover,quickRatio,returnOnAssets,priceToFreeCashFlowsRatio,grossProfitMargin,epsdilutedGrowth,fiveYNetIncomeGrowthPerShare,fiveYRevenueGrowthPerShare,fiveYShareholdersEquityGrowthPerShare,grossProfitGrowth,netIncomeGrowth,operatingIncomeGrowth,threeYNetIncomeGrowthPerShare,threeYRevenueGrowthPerShare,threeYShareholdersEquityGrowthPerShare,Industry,Sector,Symbol
2023Q1,2023,Q1,2023-05-04,2023-03-31,61247000.0,187240000.0,99633000.0,1.36,187240000.0,1.0,19442402000.0,2830909000.0,1908146000.0,879000000.0,16611493000.0,0.0,971338000.0,2953169042.0,3443018042.0,62.90335769407676,2.1708145620022754,0.0962531790053513,0.6610572787751213,0.015956295779836302,62.90335769407676,0.021635100245186265,15.772105543687246,12.054341608568583,1.0431875563644046,0.40986497297826835,0.0,0.008500360000726298,0.009630497301722288,2.1708145620022754,0.0031501766088367065,62.50490067094207,1.0,-0.19526627218934903,0.3575408920905226,0.29461087339636405,0.8084634245411136,-0.06686534733400779,-0.20502836078553535,-0.06698443616204372,0.7390860603865893,0.1957681257273353,0.2802118354957718,Banks—Regional,Financial Services,INDB
2022Q4,2022,Q4,2023-02-28,2022-12-31,77043000.0,200657000.0,106786000.0,1.69,200657000.0,1.0,19294174000.0,2886701000.0,1752087000.0,0.0,16407473000.0,0.0,934442000.0,3853520710.15,3613964710.15,63.24714041059686,0.0,0.00587622978832885,0.03927562986260094,0.02734506622327246,63.24714041059686,0.026688943537969467,19.204516713346656,12.504447873752321,1.3349220131042323,0.30209104006853316,0.0,0.006039671705590509,0.010399875112559884,0.0,0.003993070654385101,34.626560906387034,1.0,0.07643312101910821,1.0997276037465669,0.3286065898076929,0.8392116500325746,0.05168347344808067,0.07157461368346385,0.14988101263096687,0.2221686004151056,0.17087412786889158,0.27279594214223746,Banks—Regional,Financial Services,INDB
2022Q3,2022,Q3,2022-11-03,2022-09-30,71897000.0,190796000.0,92867000.0,1.57,190796000.0,1.0,19703269000.0,2817201000.0,2361807000.0,0.0,16886068000.0,0.0,882503000.0,3416422034.15,2593486034.15,61.45786101108529,0.0,0.005753360013508418,0.04023852043215944,0.023965531342932365,61.45786101108529,0.025520720743745298,17.906151251336507,11.879570893604741,1.2127008453248456,0.3278300902680223,0.0,0.0068990305543045055,0.009683469276088146,0.0,0.0036489883988286413,25.96953391471248,1.0,0.1893939393939394,0.8041760213661193,0.32593698104929136,0.8107421515403994,101.52337452982268,0.16383385133385134,0.08668484302414023,0.0395168094815696,0.04842639927723875,0.25526615490561844,Banks—Regional,Financial Services,INDB
2022Q2,2022,Q2,2022-08-04,2022-06-30,61776000.0,1861000.0,85459000.0,1.32,1861000.0,1.0,19982450000.0,2871185000.0,202802000.0,0.0,17111265000.0,0.0,833857000.0,3706608972.4300003,2368685972.4300003,61.52745710332867,0.0,0.006923275173965154,0.04818358970250959,0.021341409110880515,61.52745710332867,0.02151585495187527,1991.7297003922624,15.000198185500842,1.2909683536344752,0.39112276612276614,0.0,0.006518626642227042,9.313172308700885e-05,0.0,0.00309151280248418,41.604285148273696,1.0,0.17857142857142852,0.754817203249244,-0.9871049650108465,0.8337332149957303,0.054390934844192634,0.163455562461156,0.16443433118502268,0.48311167311892284,-0.9897269700676284,0.2904755719246306,Banks—Regional,Financial Services,INDB
2022Q1,2022,Q1,2022-05-05,2022-03-31,53097000.0,1765000.0,73391000.0,1.12,1765000.0,1.0,20159178000.0,2965439000.0,3393090000.0,0.0,17193739000.0,0.0,795651000.0,3869390052.5699997,2167359052.5699997,62.6059168548032,0.0,0.006861787717733332,0.046646719086111704,0.017883883018773694,62.6059168548032,0.01790527473335314,2192.288981626062,18.21849658441155,1.3048287462901782,0.428046782304085,0.0,0.005873793980760444,8.755317305100436e-05,0.0,0.002633887155517948,57.586207678924886,1.0,25.540284360189574,0.46198222174818004,-0.9872683274094521,0.928494546263462,-0.9883659613736735,30.196827262044653,31.330837004405286,-0.10556815657336577,-0.9899353771437049,0.5930763981047279,Banks—Regional,Financial Services,INDB
2021Q4,2021,Q4,2022-02-28,2021-12-31,1702000.0,151710000.0,2270000.0,0.0422,151710000.0,1.0,20423405000.0,3018449000.0,16545112000.0,0.0,17404956000.0,0.0,766716000.0,3290120973.84,1201810973.8400002,74.79790224332574,0.0,0.007460753973198887,0.050480892670374755,-0.0010869455793713215,74.79790224332574,0.0005638657469448714,21.686909062289896,483.27276349001176,1.0900038310536306,9.31903642773208,0.0,0.004820795382939414,0.007428242254413502,0.0,8.333576110349865e-05,135.1789709453963,1.0,-0.9651239669421487,-0.9344244999218115,0.24716162790799265,1.310485998517845,0.0,-0.9574574449471343,0.0,-0.9608090072814768,0.01762039408205455,0.9381050010539322,Banks—Regional,Financial Services,INDB
2021Q3,2021,Q3,2021-11-04,2021-09-30,40007000.0,115201000.0,0.0,1.21,0.0,0.0,14533311000.0,1755954000.0,11565765000.0,0.0,12777357000.0,0.0,787742000.0,2516278973.4,665492973.4000001,53.14033082719873,0.0,0.010805865229196568,0.08943571414740933,0.0,53.14033082719873,0.022783626450351206,21.842509816755065,15.723991885170097,1.4329982296802766,0.3964056290149224,0.0,0.0063025603153100684,0.007926686492843922,0.0,0.0027527794595464173,84.16211697772427,0.0,0.061403508771929884,0.5559277755188221,0.1753370072965728,0.709619967002086,0.0,0.0648089002448632,0.0,0.009870513582202114,-0.027720926726742607,0.46585460456152905,Banks—Regional,Financial Services,INDB
2021Q2,2021,Q2,2021-08-04,2021-06-30,37572000.0,118321000.0,0.0,1.14,0.0,0.0,14194207000.0,1741622000.0,11867445000.0,0.0,12452585000.0,0.0,763596000.0,2494035139.0,409318139.0,52.72277801696201,0.0,0.012097400016781494,0.0985937247003081,0.0,52.72277801696201,0.021572993450932523,21.078550206641257,16.59503845283722,1.4320186234441228,0.42190993292877677,0.0,0.006355964979048356,0.008335865469624334,0.0,0.002646995355217801,54.40383785965142,0.0,-0.09523809523809532,0.46844038901834745,0.21374800083984105,0.7251299037022565,0.0,-0.09923041883436023,0.0,0.006121498498773735,0.04651192244845722,0.48534807374017214,Banks—Regional,Financial Services,INDB
2021Q1,2021,Q1,2021-05-06,2021-03-31,41711000.0,120830000.0,0.0,1.26,0.0,0.0,13773914000.0,1715371000.0,11698644000.0,0.0,12058543000.0,0.0,741883000.0,2777877001.08,1184925001.08,51.98829337434762,0.0,0.0128058734793901,0.102827318405173,0.0,51.98829337434762,0.0243160225980269,22.989961111313416,16.64954688859054,1.619403033559504,0.36354918366857664,0.0,0.005458845007933918,0.008772379441312034,0.0,0.003028260522027363,42.776054836464425,0.0,0.19999999999999996,0.7847461496762942,0.29998654617196846,0.7331908903158214,0.0,0.20409341531710978,0.0,0.2610092717207253,0.1395016851540008,0.49465673246046765,Banks—Regional,Financial Services,INDB
2020Q4,2020,Q4,2021-02-26,2020-12-31,34641000.0,117878000.0,0.0,1.05,0.0,0.0,13204301000.0,1702685000.0,11396278000.0,0.0,11501616000.0,0.0,716024000.0,2407697133.6000004,1292121133.6000004,51.65272270522256,0.0,0.013712198775232403,0.10633793097372679,0.0,51.65272270522256,0.020344925808355625,20.425330711413498,17.376065454230538,1.414059050029806,0.4376028405646488,0.0,0.006296057667907006,0.008927242721897963,0.0,0.0026234633700034557,48.63052178549788,0.0,-0.009433962264150952,0.41725790535738994,0.300193174386754,0.7567457479497012,0.0,-0.006652711266595934,0.0,0.3071938908601218,0.08067390056404668,0.5020487683492234,Banks—Regional,Financial Services,INDB
2020Q3,2020,Q3,2020-11-05,2020-09-30,34873000.0,119546000.0,0.0,1.06,0.0,0.0,13173665000.0,1689724000.0,11414318000.0,0.0,11483941000.0,0.0,696546000.0,1726021464.8400002,753718464.8400002,51.27847186315528,0.0,0.02244887812161612,0.17501911554786462,0.0,51.27847186315528,0.02063828175489015,14.438136490054038,12.37362332492186,1.0214812980344719,0.43454821781894304,0.0,0.008779728588951676,0.009074619705298412,0.0,0.002647175254570387,81.8485140762519,0.0,0.3947368421052632,0.4912189111169819,0.27943409143438813,0.769631240255669,0.0,0.40040960565416434,0.0,0.2173547138397851,0.15570864484855068,0.5108252864909453,Banks—Regional,Financial Services,INDB
2020Q2,2020,Q2,2020-08-06,2020-06-30,24902000.0,119288000.0,0.0,0.76,0.0,0.0,13022500000.0,1671692000.0,11193232000.0,0.0,11350808000.0,0.0,676834000.0,2210264015.4900002,1400245015.4900002,50.74227128252653,0.0,0.022706930312919947,0.1768872495651113,0.0,50.74227128252653,0.014896284722305305,18.52880436833546,22.189623478937435,1.3221717968920113,0.6184643803710546,0.0,0.006967945861700918,0.009160145901324631,0.0,0.0019122288347091572,-345.5697335037524,0.0,-0.025641025641025664,0.132641532917882,0.29924424718144976,0.7850926884944872,0.0,-0.0691189114425629,0.0,0.001964135755234853,0.17078933532922802,0.51229699122506,Banks—Regional,Financial Services,INDB
2020Q1,2020,Q1,2020-05-07,2020-03-31,26751000.0,118940000.0,0.0,0.78,0.0,0.0,11980240000.0,1679656000.0,10087915000.0,0.0,10300584000.0,0.0,667084000.0,2200451823.4700003,2275059823.4700003,49.13511650961808,0.0,0.04557379484885111,0.3250576308482213,0.0,49.13511650961808,0.015926475421157667,18.500519787035483,20.564201557605323,1.3100610026517334,0.5654368061007066,0.0,0.006874042793696374,0.009928014797700214,0.0,0.002232926886272729,-181.07733899522714,0.0,-0.4347826086956521,1.0647275921767536,0.280777487966571,0.6733924168824872,0.0,-0.4365482233502538,0.0,0.020604286851971222,0.18881409465725016,0.513543910531332,Banks—Regional,Financial Services,INDB
2019Q4,2019,Q4,2020-02-27,2019-12-31,47477000.0,129070000.0,0.0,1.38,0.0,0.0,11395165000.0,1708143000.0,9545329000.0,0.0,9687022000.0,0.0,654182000.0,2861714837.25,3013843837.25,49.69150066910637,0.0,0.02659926381057229,0.17744591641332136,0.0,49.69150066910637,0.02779451134945962,22.17180473580228,15.068953584103882,1.6753368056714222,0.3185121216589085,0.0,0.005284244189239929,0.01132673375067408,0.0,0.004166416194938819,38.434979548323845,0.0,-0.08609271523178816,1.0718405708245677,0.3095016283611378,0.8594404128434173,0.0,-0.08425113318545666,0.0,1.147423174282152,0.24562166504181146,0.5349563704048277,Banks—Regional,Financial Services,INDB
2019Q3,2019,Q3,2019-11-05,2019-09-30,51845000.0,136414000.0,0.0,1.51,0.0,0.0,11538639000.0,1682324000.0,9685515000.0,0.0,9856315000.0,0.0,621831000.0,2565061788.4,2638580788.4,48.96002395261443,0.0,0.025374829735118672,0.17403960235959304,0.0,48.96002395261443,0.030817488188957656,18.803508352515138,12.368896655415181,1.5247133063547806,0.29127206095091135,0.0,0.005887187617971378,0.011822364838695448,0.0,0.004493164228467499,17.413861428377462,0.0,0.6966292134831461,1.292447363023969,0.435953546669015,0.8666293478244009,0.0,0.6927321405250098,0.0,0.9390150865481446,0.33840012159270727,0.5751319803874542,Banks—Regional,Financial Services,INDB
2019Q2,2019,Q2,2019-08-06,2019-06-30,30628000.0,133205000.0,0.0,0.89,0.0,0.0,11603199000.0,1636003000.0,9728676000.0,0.0,9967196000.0,0.0,585111000.0,2587580431.72,2893268431.72,47.67812614350064,0.0,0.04306588208993054,0.305440760194205,0.0,47.67812614350064,0.018721237063746215,19.42555033009271,21.121036565560924,1.581647730303673,0.40420530233773017,0.0,0.0047843923412926904,0.011480023741728466,0.0,0.002639616884964224,-49.50222742041628,0.0,-0.288,0.4465397779251953,0.45500672877002496,0.8481819975982249,0.0,-0.1305039034776437,0.0,0.15239494594761496,0.3154608337380121,0.5600650090209484,Banks—Regional,Financial Services,INDB
2019Q1,2019,Q1,2019-05-07,2019-03-31,35225000.0,104058000.0,0.0,1.25,0.0,0.0,8997457000.0,1104538000.0,7545044000.0,49993000.0,7892919000.0,0.0,569582000.0,2350801229.76,2366567229.76,39.29875361237228,150.92200908127137,0.03423634033483016,0.27888583280973583,0.0,39.29875361237228,0.03189116173458949,22.5912590070922,16.68418190035486,2.1283117735741097,0.30293825408090846,0.0,0.004539303393630363,0.011565267830677045,14.643090032604565,0.003914995092502248,77.18933606173043,0.0,0.1682242990654205,1.2305930684618325,0.36705101501659015,0.5534814468897167,0.0,0.17675552883009288,0.0,0.7694058998892167,0.3142868851656067,0.31014575283861834,Banks—Regional,Financial Services,INDB
2018Q4,2018,Q4,2019-02-28,2018-12-31,29934000.0,102759000.0,0.0,1.07,0.0,0.0,8851592000.0,1073490000.0,7407433000.0,147806000.0,7778102000.0,0.0,546736000.0,1955703375.47,1963955375.47,38.59331780406686,50.11591545674736,0.02922717179011414,0.24099618999711223,0.0,38.59331780406686,0.02788474974149736,19.031942462168765,16.333461744755127,1.8218179726592703,0.3496358655709227,0.0,0.005351527297683772,0.011609098114779805,4.689978755936836,0.0033817645458579654,55.7816136756988,0.0,-0.10833333333333325,1.3764869870462972,0.3586189204777593,0.5255959274938637,0.0,-0.09332121762835074,0.0,0.4513709484396647,0.34322942256602124,0.31258612132581526,Banks—Regional,Financial Services,INDB
2018Q3,2018,Q3,2018-11-01,2018-09-30,33015000.0,98743000.0,0.0,1.2,0.0,0.0,8375497000.0,998305000.0,7028794000.0,0.0,7377192000.0,0.0,527473000.0,2243507906.27,2151222906.27,36.252115770441115,0.0,0.01893165265297092,0.15883121891606272,0.0,36.252115770441115,0.03307105543896905,22.720677984971086,16.988549949038315,2.2473171087693644,0.316886263819476,0.0,0.004663232953519589,0.011789509327028594,0.0,0.0039418556295823404,66.50583702703504,0.0,0.06194690265486732,0.8771907669872578,0.3314407845383371,0.4968262619483056,0.0,0.060961501381836876,0.0,0.6893288721576435,0.2645616220071511,0.25106841646802414,Banks—Regional,Financial Services,INDB
2018Q2,2018,Q2,2018-08-02,2018-06-30,31118000.0,94214000.0,0.0,1.13,0.0,0.0,8381002000.0,977065000.0,7042519000.0,0.0,7403937000.0,0.0,504926000.0,2158089595.2000003,1993540595.2000003,35.49523438247287,0.0,0.01891862094771007,0.16227886578682074,0.0,35.49523438247287,0.03184844406462211,22.9062516738489,17.337952271996915,2.208747212519126,0.3359791760395912,0.0,0.004844562534963284,0.011241376627758828,0.0,0.0037129211996369885,69.9384125222802,0.0,0.1299999999999999,1.0280864166959296,0.2880524422345649,0.4945050658242076,0.0,0.12930502631101434,0.0,0.6939589567422959,0.22812463003095024,0.24870806471703452,Banks—Regional,Financial Services,INDB
2018Q1,2018,Q1,2018-05-03,2018-03-31,27555000.0,88334000.0,0.0,1.0,0.0,0.0,8090410000.0,956059000.0,6758641000.0,0.0,7134351000.0,0.0,484266000.0,1966664298.1499999,1962141298.1499999,34.78276466113109,0.0,0.019903194028485578,0.16842579798945462,0.0,34.78276466113109,0.028821443028097637,22.26395610014264,17.84308018644529,2.057053276157643,0.3187806205770278,0.0,0.0044664460570433525,0.010918358896520696,0.0,0.0034058842506127624,63.277487070463316,0.0,0.24999999999999994,0.8674969024898526,0.2241976675792048,0.476767389262493,0.0,0.24886693255982595,0.0,1.6450319065679562,0.18299091080679977,0.1845950260594455,Banks—Regional,Financial Services,INDB
2017Q4,2017,Q4,2018-02-27,2017-12-31,22064000.0,90818000.0,0.0,0.8,0.0,0.0,8082029000.0,943809000.0,6799650000.0,0.0,7138220000.0,0.0,465937000.0,1917084869.1499999,1864987869.1499999,34.38817952761265,0.0,0.01992309109507031,0.17060549327247357,0.0,34.38817952761265,0.02337761135992558,21.10908486368341,21.721864452841732,2.031221220766066,0.39793328498912256,0.0,0.004579870271415209,0.011237029711227219,0.0,0.002730007526575319,53.18587513247329,0.0,-0.08045977011494247,0.7972406732264132,0.18018174986585864,0.44790276092223646,0.0,-0.07496226731510984,0.0,0.20593665874076864,0.1540373115808271,0.2867949222051043,Banks—Regional,Financial Services,INDB
2017Q3,2017,Q3,2017-11-02,2017-09-30,23852000.0,86127000.0,0.0,0.87,0.0,0.0,8052919000.0,931224000.0,6806687000.0,0.0,7121695000.0,0.0,452658000.0,2048156522.8000002,1949904522.8000002,33.94070268856505,0.0,0.019994364776300372,0.17290469317801088,0.0,33.94070268856505,0.02561360102402859,23.7806555760679,21.46734574459165,2.199424115787394,0.36801945329532115,0.0,0.004285805260625172,0.010695128064742735,0.0,0.002961907353097678,58.92958116008747,0.0,0.16,0.6226989157961648,0.15317057558136704,0.4908935865026787,0.0,0.15994747848076643,0.0,0.32084538342920743,0.13541716384755512,0.2940090018251507,Banks—Regional,Financial Services,INDB
2017Q2,2017,Q2,2017-08-03,2017-06-30,20563000.0,84299000.0,0.0,0.75,0.0,0.0,8017293000.0,914584000.0,6765996000.0,0.0,7102709000.0,0.0,437587000.0,1816732303.3500001,1741417303.3500001,33.5531126339291,0.0,0.02008246424323023,0.17604397190416626,0.0,33.5531126339291,0.022483446025734103,21.55105402614503,22.087393660336527,1.9864028928452717,0.4209016194135097,0.0,0.0047640480570750226,0.01051464627773988,0.0,0.0025648307976270796,595.454704473943,0.0,-0.013157894736842117,0.8382679889533806,0.16080369696608438,0.5003281752129838,0.0,-0.007816646562123039,0.0,0.22256610335213037,0.1591537121868493,0.3006437909654861,Banks—Regional,Financial Services,INDB
2017Q1,2017,Q1,2017-05-04,2017-03-31,20725000.0,79109000.0,0.0,0.76,0.0,0.0,7738114000.0,877480000.0,6520225000.0,0.0,6860634000.0,0.0,425802000.0,1756926600.0,1695378600.0,32.4636214170814,0.0,0.02048625802101132,0.1806593882481652,0.0,32.4636214170814,0.023618771937821945,22.208934508083782,21.193324487334138,2.0022411906824087,0.37790108564535585,0.0,0.00445778440601901,0.01022329213552553,0.0,0.002678301198457402,54.94344685242518,0.0,0.1875,0.35696627430951383,0.1316609019023441,0.46168807394895944,0.0,0.20641480877815938,0.0,0.3646632910305245,0.08067913258090213,0.28328837264727913,Banks—Regional,Financial Services,INDB
2016Q4,2016,Q4,2017-02-28,2016-12-31,17179000.0,80514000.0,0.0,0.64,0.0,0.0,7709375000.0,864690000.0,6547997000.0,0.0,6844685000.0,0.0,414095000.0,1881721543.0500002,1751187543.0500002,32.37323329001253,0.0,0.020567296311309283,0.18337323202535014,0.0,32.37323329001253,0.01986723565670934,23.371358310976976,27.384037823068866,2.1761805306526036,0.44426334478141916,0.0,0.004055860458306506,0.010443648155654642,0.0,0.002228325901905148,38.254925756774895,0.0,-0.1794871794871795,0.2415901246216136,0.15707534648837776,0.4880909510045897,0.0,-0.16134544034368287,0.0,0.42030002201959027,0.10856387041272003,0.27971565227406986,Banks—Regional,Financial Services,INDB
2016Q3,2016,Q3,2016-11-03,2016-09-30,20484000.0,78084000.0,0.0,0.78,0.0,0.0,7502009000.0,818242000.0,6396166000.0,0.0,6683767000.0,0.0,404750000.0,1423882252.44,1224686252.44,31.08312481889368,0.0,0.0211419367798679,0.19383874208363785,0.0,31.08312481889368,0.025034158598556417,18.235262697095436,17.37798101493849,1.7401725314026903,0.37248584260886547,0.0,0.005358589157864031,0.01040841193339011,0.0,0.0027304685984780876,60.06168019741005,0.0,0.012987012987012998,0.39658598212421725,0.17924636629992424,0.4469930581284149,0.0,0.005399037989594581,0.0,0.21838534781414556,0.10141347041113279,0.283401990299092,Banks—Regional,Financial Services,INDB
2016Q2,2016,Q2,2016-08-04,2016-06-30,20374000.0,77625000.0,0.0,0.77,0.0,0.0,7418866000.0,803897000.0,6301888000.0,0.0,6614969000.0,0.0,391898000.0,1202098695.3000002,1028613695.3000002,30.56162779615322,0.0,0.021384939423356616,0.19735364107590897,0.0,30.56162779615322,0.025344042831357747,15.485973530434785,14.750401189015413,1.4953391980564674,0.3743005791695298,0.0,0.006343905063549568,0.010463189387704266,0.0,0.002746241811080022,106.83422460895842,0.0,0.08450704225352121,0.49351684727475625,0.13908507436508574,0.437997346563625,0.0,0.09472892375476868,0.0,0.38957043126224045,0.11057833801136283,0.28677858748661866,Banks—Regional,Financial Services,INDB
2016Q1,2016,Q1,2016-05-05,2016-03-31,18611000.0,74017000.0,0.0,0.71,0.0,0.0,7189268000.0,788147000.0,6063727000.0,0.0,6401121000.0,0.0,379153000.0,1207613845.08,1169578845.08,29.99571118497763,0.0,0.02207415275101721,0.20135456964246518,0.0,29.99571118497763,0.023613615226601128,16.31535789183566,16.221775362420075,1.532219046802183,0.366611143947128,0.0,0.00564998490850194,0.010295484881075513,0.0,0.0025887197417038843,-1000.5085709030653,0.0,-0.04054054054054058,0.348382946466651,0.10959138665692743,0.4260664212315773,0.0,-0.04338216396813158,0.0,0.3194766714451585,0.07306903234948339,0.27352407226018083,Banks—Regional,Financial Services,INDB
2015Q4,2015,Q4,2016-02-25,2015-12-31,19455000.0,72163000.0,0.0,0.74,0.0,0.0,7210038000.0,771463000.0,6076354000.0,0.0,6438575000.0,0.0,368169000.0,1220591946.0800002,1155370946.0800002,29.40250333066494,0.0,0.02920151044973688,0.27291522730189266,0.0,29.40250333066494,0.025218318960209367,16.914373655197263,15.684810409663326,1.5821782069652077,0.35029555384219996,0.0,0.0055833565196679825,0.010008685113726169,0.0,0.0026983214235486693,51.2294109829598,0.0,0.042253521126760604,0.334031758844279,0.06653128111181787,0.4347359564413247,0.0,0.046305259761213295,0.0,0.6576672598305008,-0.019075288098180015,0.23798253746788312,Banks—Regional,Financial Services,INDB
2015Q3,2015,Q3,2015-11-05,2015-09-30,18594000.0,74292000.0,0.0,0.71,0.0,0.0,7135489000.0,759203000.0,6033754000.0,0.0,6376286000.0,0.0,355537000.0,1207832032.1000001,1170157032.1000001,28.97692507719675,0.0,0.029802162122315654,0.28010031572583355,0.0,28.97692507719675,0.024491473295021226,16.25790168658806,16.2395400680327,1.5909210475986002,0.36581693019253525,0.0,0.0056315777518945965,0.010411620002497375,0.0,0.002605848036483554,55.16726190280443,0.0,0.059701492537313314,0.3360447967998968,0.12553651652605846,0.4283094868000444,0.0,0.06549767921609077,0.0,0.32468825305301213,0.041655222497805254,0.2728526026868702,Banks—Regional,Financial Services,INDB
2015Q2,2015,Q2,2015-08-06,2015-06-30,17451000.0,72876000.0,0.0,0.67,0.0,0.0,7195921000.0,743317000.0,6103618000.0,0.0,6452604000.0,0.0,343757000.0,1226154415.77,1047144415.77,28.42556670002474,0.0,0.030123454662717947,0.2916198607054594,0.0,28.42556670002474,0.023477197481020885,16.82521565083155,17.565675545384217,1.649571334666098,0.3893759669932955,0.0,0.005541716371614482,0.010127404122418799,0.0,0.0024251239000539332,44.76486494724544,0.0,0.7631578947368421,0.7423227842185811,0.12131845404773055,0.41195760042223384,0.0,0.8447145877378436,0.0,0.6261796369882245,0.04603625666762683,0.27104984511384766,Banks—Regional,Financial Services,INDB
2015Q1,2015,Q1,2015-05-06,2015-03-31,9460000.0,67806000.0,0.0,0.38,0.0,0.0,6911085000.0,732886000.0,5840435000.0,0.0,6178199000.0,0.0,333104000.0,1094989277.55,1155592277.55,29.362578683819002,0.0,0.03138103496050186,0.29592187598071185,0.0,29.362578683819002,0.012907873803019842,16.148855227413502,28.937348772463,1.4940785845956943,0.6088794926004228,0.0,0.005260325482718696,0.009811194624288372,0.0,0.0013688154609587352,184.2175769767833,0.0,-0.42424242424242425,-0.13996712183666615,0.1316967780440815,0.4699816473037492,0.0,-0.4079359118788334,0.0,-0.32924536780478136,0.05040449507741225,0.32206233343836055,Banks—Regional,Financial Services,INDB
2014Q4,2014,Q4,2015-02-27,2014-12-31,15978000.0,68725000.0,0.0,0.66,0.0,0.0,6364912000.0,640527000.0,5396525000.0,0.0,5724385000.0,0.0,330444000.0,1026083779.2,1056594779.2,26.723900548724316,0.0,0.03279935370669697,0.32592693204189677,0.0,26.723900548724316,0.024945084282161408,14.930284164423428,16.054634171986482,1.6019368101578857,0.359181374389786,0.0,0.0055931105396427655,0.010797478425467626,0.0,0.0025103253587795086,43.14902351555929,0.0,0.0,0.5336362971488039,0.2159214277773883,0.3559563846418245,0.0,0.015249714067861228,0.0,0.28688444666917345,0.10063102515990498,0.22840972435002196,Banks—Regional,Financial Services,INDB
2014Q3,2014,Q3,2014-11-06,2014-09-30,15738000.0,66109000.0,0.0,0.66,0.0,0.0,6384428000.0,627182000.0,5405498000.0,0.0,5757246000.0,0.0,320226000.0,854125138.16,792661138.16,26.229108638883478,0.0,0.025666825595025897,0.2612766310257629,0.0,26.229108638883478,0.025093194638876753,12.919952474852138,13.56787930740882,1.3618457451903914,0.3645317066971661,0.0,0.0067168143679261555,0.010354725591705319,0.0,0.0024650602998420534,32.076203175604626,0.0,0.08196721311475418,1.012869030118702,0.2747912928403166,0.3497038364829784,0.0,0.0672724806727248,0.0,0.18127086915024657,0.09913268692066768,0.22102711173655018,Banks—Regional,Financial Services,INDB
2014Q2,2014,Q2,2014-08-07,2014-06-30,14746000.0,63759000.0,0.0,0.61,0.0,0.0,6348318000.0,616489000.0,5388723000.0,0.0,5731829000.0,0.0,310226000.0,917182710.94,810289710.94,25.797311198496676,0.0,0.025829046371023002,0.265975548631038,0.0,25.797311198496676,0.02391932378355494,14.385148934895467,15.549686541095891,1.4877519484370363,0.3885799538857995,0.0,0.0062473920753777085,0.010043447728989002,0.0,0.0023228199973599306,63.71536720666899,0.0,0.08928571428571416,18.035231358610773,0.03818972372907527,0.32114509175396794,0.0,0.10184562504670104,0.0,0.1898195215590187,0.029838400052965196,0.21382490812821248,Banks—Regional,Financial Services,INDB
2014Q1,2014,Q1,2014-05-08,2014-03-31,13383000.0,64508000.0,0.0,0.56,0.0,0.0,6225920000.0,602556000.0,5255622000.0,0.0,5623364000.0,0.0,301218000.0,937756589.05,964553589.05,25.29721464717444,0.0,0.03920384457236842,0.40507438312787525,0.0,25.29721464717444,0.022210383765160418,14.53705879968376,17.517682676716728,1.5562978197047244,0.39131734289770603,0.0,0.0055846048549820105,0.01036119962993421,0.0,0.0021495618318256578,76.5015980624898,0.0,0.24444444444444452,0.43244214873669734,0.09007091588187868,0.04692559105623753,0.0,0.2638587213145717,0.0,0.06959748710835824,0.06676443772526053,0.20268888230562532,Banks—Regional,Financial Services,INDB
2013Q4,2013,Q4,2014-02-28,2013-12-31,10589000.0,63584000.0,0.0,0.45,0.0,0.0,6099234000.0,591540000.0,5144128000.0,0.0,5507694000.0,0.0,293560000.0,914766744.9599999,942641744.9599999,25.297208198153168,0.0,0.04003781458458554,0.41282077289785984,0.0,25.297208198153168,0.017900733678195894,14.38674422747861,21.597099465483048,1.5464157030124759,0.0,0.0,0.0,0.0104249156533427,0.0,0.0017361196504347923,39.542091508602056,0.0,-0.296875,1.4412144475962665,0.2967957047217719,0.3495718414956844,0.0,-0.27744796997611737,0.0,-0.1852785436503062,0.054450350487282015,0.2344123828946029,Banks—Regional,Financial Services,INDB
2013Q3,2013,Q3,2013-11-06,2013-09-30,14655000.0,61797000.0,0.0,0.64,0.0,0.0,5895464000.0,555744000.0,5076402000.0,0.0,5339720000.0,0.0,288208000.0,819183195.6,805501195.6,24.21932103412889,0.0,0.049784206976753655,0.5281226607934588,0.0,24.21932103412889,0.026370055277249956,13.25603501140832,13.97446597748209,1.4740297611850062,0.0,0.0,0.0,0.010482126597668987,0.0,0.002485809429079713,19.5551119715452,0.0,0.14285714285714277,0.1791891628461638,0.10554655241720858,0.29349660290852786,0.0,0.14869101740084653,0.0,0.202338669794543,0.06900006331110611,0.19380113330674614,Banks—Regional,Financial Services,INDB
2013Q2,2013,Q2,2013-08-07,2013-06-30,12758000.0,60819000.0,0.0,0.56,0.0,0.0,5852595000.0,543605000.0,5106029000.0,0.0,5308990000.0,0.0,278611000.0,794676741.6,823212741.6,23.750494524351133,0.0,0.062446487412848486,0.6723153760543041,0.0,23.750494524351133,0.02346924697160622,13.066257939130864,15.572126148299107,1.4618642977897554,0.39441918796049535,0.0,0.006332134485109738,0.010391800560264293,0.0,0.0021798877250177057,18.72647614289754,0.0,0.03703703703703707,0.5580566032826981,0.1451369860501738,0.2879022762401416,0.0,0.04129937969311133,0.0,0.45527491410921767,0.06914809239844721,0.17973694636719573,Banks—Regional,Financial Services,INDB
2013Q1,2013,Q1,2013-05-07,2013-03-31,12252000.0,59916000.0,0.0,0.54,0.0,0.0,5721120000.0,537575000.0,4959561000.0,0.0,5183545000.0,0.0,270891000.0,728305958.23,899629958.23,23.553313076951017,0.0,0.06487610817462315,0.6904413337673813,0.0,23.553313076951017,0.02279123843184672,12.155450267541225,14.860960623367614,1.354798787573827,0.0,0.0,0.0,0.010472774561624298,0.0,0.0021415387196912494,29.628817307269845,0.0,0.20000000000000004,0.22431680148165292,0.11071869720215409,0.12705795798723257,0.0,0.22900993078543486,0.0,0.21810879600741412,0.09360362110710363,0.1791518152796725,Banks—Regional,Financial Services,INDB
2012Q4,2012,Q4,2013-03-12,2012-12-31,9969000.0,62488000.0,0.0,0.45,0.0,0.0,5756985000.0,529320000.0,5032010000.0,0.0,5227665000.0,0.0,263671000.0,645204046.9499999,817426046.9499999,23.75033769927286,0.0,0.06734358349031655,0.7324416232146905,0.0,23.75033769927286,0.01883359782362276,10.325247198662142,16.18025997968703,1.2189300365563365,0.9359012940114354,0.0,0.014460541659812353,0.010854292654922671,0.0,0.0017316355696601607,59.39464668599834,0.0,-0.15094339622641512,-0.16749058824955768,0.2227322279512032,0.5498715314317248,0.0,-0.14067752779932766,0.0,0.029059857958267103,0.18898525228443003,0.20507940006780756,Banks—Regional,Financial Services,INDB
2012Q3,2012,Q3,2012-11-06,2012-09-30,11601000.0,58946000.0,0.0,0.53,0.0,0.0,5192094000.0,492965000.0,4495703000.0,0.0,4699129000.0,0.0,258481000.0,659153482.72,762081482.72,22.76534220539694,0.0,0.05418257065453746,0.5706713458359113,0.0,22.76534220539694,0.023533110869940057,11.182327600176434,14.204669483665201,1.3371202473197896,0.39143177312300664,0.0,0.0068891390534136935,0.011353030203228216,0.0,0.002234358622937104,-394.7026842634731,0.0,0.29268292682926844,-0.1113380165941927,0.17323985906440564,0.46539766128111176,0.0,0.30730223123732253,0.0,0.6384362742828656,0.25516549317484843,0.17146450291191007,Banks—Regional,Financial Services,INDB
2012Q2,2012,Q2,2012-08-07,2012-06-30,8874000.0,57611000.0,0.0,0.41,0.0,0.0,5124564000.0,483592000.0,4408475000.0,0.0,4640972000.0,0.0,251429000.0,631631986.6700001,726155986.6700001,22.363848915365445,0.0,0.054907890700555205,0.5818520571059902,0.0,22.363848915365445,0.01835017949014872,10.963739332245579,17.794455337784537,1.3061257975111251,0.5113815641199009,0.0,0.007184563314984404,0.011242127135108469,0.0,0.0017316595128873402,31.85877063805105,0.0,-0.26785714285714296,0.012770298665747588,0.19374850076956698,0.48712687721921194,0.0,-0.27160797833046046,0.0,11.659649609496212,0.0367140243954253,0.1453088657155916,Banks—Regional,Financial Services,INDB
2012Q1,2012,Q1,2012-05-07,2012-03-31,12183000.0,55762000.0,0.0,0.56,0.0,0.0,4985739000.0,478863000.0,4232708000.0,0.0,4506876000.0,0.0,247097000.0,619447702.38,772361702.38,22.20967797142675,0.0,0.05745126249087648,0.5981606430231611,0.0,22.20967797142675,0.025441514587679567,11.108778422223018,12.711312943856193,1.2935802147587097,0.3353032914717229,0.0,0.006594584150211373,0.011184299860060866,0.0,0.002443569549067851,96.75846647610122,0.0,0.08104247112543649,0.23366411863059874,0.17723971388302945,0.4505727510527838,0.0,0.0907869997313994,0.0,0.440567281526985,0.04096279181036363,-0.08085215855960817,Banks—Regional,Financial Services,INDB
2011Q4,2011,Q4,2012-03-09,2011-12-31,11169000.0,56170000.0,0.0,0.5180185006209822,0.0,0.0,4970240000.0,469057000.0,4262738000.0,0.0,4501183000.0,0.0,239452000.0,588399853.74,672453853.74,21.754875445051127,0.0,0.06469667460726243,0.6855414160752318,0.0,21.754875445051127,0.02381160498617439,10.475340105750401,13.170379034380874,1.254431452339481,0.36511773659235386,0.0,0.006930661138134769,0.011301265130054082,0.0,0.002247175186711306,33.70759932057745,0.0,-0.07496696317681759,-0.07505443828314841,0.22905052978147086,0.36962554376173273,0.0,-0.06605903503637428,0.0,1.792593839881095,0.2424263207438394,0.16059318031901704,Banks—Regional,Financial Services,INDB
2011Q3,2011,Q3,2011-11-04,2011-09-30,11959000.0,53989000.0,0.0,0.56,0.0,0.0,4899766000.0,461066000.0,4189408000.0,0.0,4438700000.0,0.0,232369000.0,466621142.35999995,584381142.3599999,21.481184477206508,0.0,0.07182649130591134,0.7633028677022379,0.0,21.481184477206508,0.02593771824424269,8.642892855211246,9.754602022744377,1.0120484754026537,0.34099841123839786,0.0,0.008739423977608386,0.01101868946394583,0.0,0.00244072880215096,-76.60829787555409,0.0,0.07692307692307698,-0.04298161415660228,0.12433591490542992,0.41982191268492897,0.0,0.07544964028776978,0.0,0.02872778096179448,0.03257800896984561,0.14725921129512,Banks—Regional,Financial Services,INDB
2011Q2,2011,Q2,2011-08-05,2011-06-30,11120000.0,55550000.0,0.0,0.52,0.0,0.0,4842943000.0,455702000.0,4107543000.0,0.0,4387241000.0,0.0,224488000.0,562848930.0,729253930.0,21.252909728370632,0.0,0.07278714616298396,0.7735406032889914,0.0,21.252909728370632,0.024401911775677965,10.13229396939694,12.653977742805754,1.2351249939653544,0.36537769784172663,0.0,0.007218633248534381,0.011470298122443316,0.0,0.002296124484636718,-311.3102488938053,0.0,0.0,-0.06167410439435092,0.17642917581459233,0.4742067294164525,0.0,-0.006077940650697175,0.0,0.4496183220866129,0.11647879459030883,0.15246740600836328,Banks—Regional,Financial Services,INDB
2011Q1,2011,Q1,2011-05-05,2011-03-31,11188000.0,54071000.0,0.0,0.52,0.0,0.0,4645783000.0,447985000.0,3868163000.0,0.0,4197798000.0,0.0,217443000.0,575265921.57,880961921.57,21.033880847620534,0.0,0.0800683114127371,0.8303403015725973,0.0,21.033880847620534,0.02497405047043986,10.639084196149508,12.854529888496604,1.2841187128363674,0.34134787272077227,0.0,0.006638668929974662,0.011638726991768664,0.0,0.0024082054628896785,15.276467099609636,0.0,-0.06444554485554983,0.019752056993847057,0.1934474899583792,0.4217174280391612,0.0,-0.054907923635749284,0.0,0.19807022348257555,0.07415923731184199,0.0064997106443064915,Banks—Regional,Financial Services,INDB
2010Q4,2010,Q4,2011-03-08,2010-12-31,11838000.0,54923000.0,0.0,0.5558201311966514,0.0,0.0,4695738000.0,436472000.0,3920284000.0,0.0,4259266000.0,0.0,210320000.0,576117851.85,812150851.85,20.493320181083362,0.0,0.08461183311334661,0.910287486940743,0.0,20.493320181083362,0.027122014699682912,10.489555411212061,12.166705774835277,1.3199422914871974,0.32252069606352424,0.0,0.006627116288342455,0.01169635103150985,0.0,0.0025210094771045575,101.00242844495092,0.0,0.04871722867292714,-0.004041011351617606,0.1754479407137394,0.37822832869204803,0.0,0.06218034993270525,0.0,0.03447581829312915,0.12458797944094754,0.3373289228703797,Banks—Regional,Financial Services,INDB
2010Q3,2010,Q3,2010-11-05,2010-09-30,11145000.0,52858000.0,0.0,0.53,0.0,0.0,4703791000.0,425661000.0,3891021000.0,0.0,4278130000.0,0.0,201950000.0,472500497.44,593004497.44,20.28756746698929,0.0,0.08442190565014475,0.9329090520390639,0.0,20.28756746698929,0.026182807445361448,8.93905364258958,10.59893444235083,1.1100394385203247,0.3423956931359354,0.0,0.008076181973722833,0.011237319005032324,0.0,0.0023693654756344403,21.817449205337766,0.0,0.3947368421052632,-0.058826599702011075,0.1464575909949229,0.39837872118917506,0.0,0.387920298879203,0.0,-0.11889175185435322,0.08580344439560685,0.3059041085778622,Banks—Regional,Financial Services,INDB
2010Q2,2010,Q2,2010-08-05,2010-06-30,8030000.0,52105000.0,0.0,0.38,0.0,0.0,4740975000.0,422062000.0,3957327000.0,0.0,4318913000.0,0.0,194587000.0,517408944.08,577670944.0799999,20.13202570071815,0.0,0.0838793708045286,0.9422075429676209,0.0,20.13202570071815,0.019025640782633833,9.930120796084829,16.10862216936488,1.225907435590032,0.47447073474470736,0.0,0.007363614494091372,0.010990355359393373,0.0,0.0016937444302068667,-48.95070426490066,0.0,-0.13636363636363635,-0.2677586832780488,0.15589201541815167,0.4033346898078325,0.0,-0.1297279722553376,0.0,-0.05474091738095217,0.11360355181886322,0.3387175269206862,Banks—Regional,Financial Services,INDB
2010Q1,2010,Q1,2010-05-07,2010-03-31,9227000.0,50260000.0,0.0,0.44,0.0,0.0,4547207000.0,418224000.0,3784780000.0,0.0,4128983000.0,0.0,190064000.0,516320944.74,719802944.74,19.974792704164745,0.0,0.0929223147307787,1.0103126554191055,0.0,19.974792704164745,0.022062339798768125,10.27299929844807,13.989404593584046,1.2345559909043957,0.41107618944402297,0.0,0.007346205957052572,0.011052938650032866,0.0,0.0020291576785486124,22.605995829246936,0.0,0.01225570376881663,-0.1453730611419981,0.13514927023475798,0.45574521945057234,0.0,0.013844632457971651,0.0,-0.03784385090990304,0.09267598109059386,0.30460648920106703,Banks—Regional,Financial Services,INDB
2009Q4,2009,Q4,2010-03-10,2009-12-31,9101000.0,49374000.0,0.0,0.43467277918197744,0.0,0.0,4482021000.0,412649000.0,3683630000.0,0.0,4069372000.0,0.0,184599000.0,436758106.53999996,771798106.54,19.708525179284013,0.0,0.10195066020440333,1.1073454679400654,0.0,19.708525179284013,0.0220550637466709,8.845912961072628,11.997530670805405,1.05842521498901,0.32238215580705415,0.0,0.00671767725902826,0.011016012642511046,0.0,0.0020305571973000575,-22.051807863273755,0.0,0.31719023994538614,-0.2736108596029436,0.05423301513485547,0.43529027550176547,0.0,0.33036105832480633,0.0,-0.22387200954881448,0.11251526098967926,0.24079310789890987,Banks—Regional,Financial Services,INDB
2009Q3,2009,Q3,2009-11-05,2009-09-30,6841000.0,45374000.0,0.0,0.33,0.0,0.0,4434003000.0,406575000.0,3593445000.0,0.0,4027428000.0,0.0,179245000.0,462995782.54999995,1076681782.55,19.43323263215327,0.0,0.15317986929643485,1.6705404906843755,0.0,19.43323263215327,0.016825923876283587,10.203988684048133,16.919886805657065,1.1387709095492837,0.554304926180383,0.0,0.008190139398495477,0.010233191091661417,0.0,0.0015428496552663585,16.456221167584857,0.0,9.1928045,-0.40071994790518106,0.035176841356065344,0.4448185004779384,0.0,9.365151515151515,0.0,-0.4383648794222199,-0.030590840954064388,0.28446034038357476,Banks—Regional,Financial Services,INDB
2009Q2,2009,Q2,2009-08-06,2009-06-30,660000.0,52323000.0,0.0,0.03237578038507459,0.0,0.0,4455059000.0,397560000.0,3590969000.0,0.0,4057499000.0,0.0,176012000.0,401092906.2,813784906.2,19.526478476522104,0.0,0.10967239715568301,1.2289893349431533,0.0,19.526478476522104,0.0016601267733172352,7.6657092712573816,151.92913113636362,1.0088864729852098,6.851515151515152,0.0,0.011274195903492646,0.011744625604284926,0.0,0.00014814618616723147,15.578843556280587,0.0,-0.8988256862966418,-0.9280836586457539,0.282828629318663,0.6355339757234767,0.0,-0.8966812773951158,0.0,-0.9413488364211072,0.16696583726992095,0.35445293561228086,Banks—Regional,Financial Services,INDB
2009Q1,2009,Q1,2009-05-08,2009-03-31,6388000.0,40462000.0,0.0,0.32,0.0,0.0,3766439000.0,393523000.0,3010558000.0,0.0,3372916000.0,0.0,184387000.0,240217836.25,672442836.25,24.163335831395827,0.0,0.13348921886163562,1.277635614690882,0.0,24.163335831395827,0.01623285043059745,5.936875,9.401136359189104,0.6104289615854728,0.5205072010018785,0.0,0.01384160332099403,0.010742773213637603,0.0,0.0016960317158992884,-75.994253796267,0.0,0.7250928831512745,-0.14223000612509276,0.18612702865157263,0.9585367043285795,0.0,1.1145316120489903,0.0,-0.2385561688504264,0.16793074838631086,0.6332428580313475,Banks—Regional,Financial Services,INDB
2008Q4,2008,Q4,2009-03-10,2008-12-31,3021000.0,34149000.0,0.0,0.18549725822035,0.0,0.0,3628469000.0,305274000.0,2829051000.0,0.0,3323195000.0,0.0,177493000.0,426040582.8,897524582.8,18.744617678238704,0.0,0.14372204916178147,1.7082719131010173,0.0,18.744617678238704,0.009896027830735668,12.475931441623475,35.25658579940417,1.3956006171504942,0.971201588877855,0.0,0.006886667886700675,0.009411407400752218,0.0,0.0008325825575469985,-36.93139587378641,0.0,-0.6564865588512037,-0.6282468248918064,0.026826684923044526,0.5981907307337536,0.0,-0.6572887124220079,0.0,-0.6676125038932367,-0.04421992720042111,0.2606236015624792,Banks—Regional,Financial Services,INDB
2008Q3,2008,Q3,2008-11-07,2008-09-30,8815000.0,39647000.0,0.0,0.54,0.0,0.0,3477235000.0,304740000.0,2777409000.0,0.0,3172495000.0,0.0,177338000.0,507305527.14000005,813202527.1400001,18.72391545495354,0.0,0.11464540072787718,1.3081610553258516,0.0,18.72391545495354,0.028926297827656364,12.795558986556362,14.387564581395349,1.6647159123843278,0.3325014180374362,0.0,0.005777583415114533,0.011401875340608271,0.0,0.002535060184313111,39.4115543147918,0.0,0.5000000000000001,0.05053203636018324,0.13460400259196917,0.6182553595970234,0.0,0.5146048109965635,0.0,-0.04034975064647882,0.10855868952551405,0.29059952565312575,Banks—Regional,Financial Services,INDB
2008Q2,2008,Q2,2008-08-07,2008-06-30,5820000.0,37749000.0,0.0,0.36,0.0,0.0,3387458000.0,300002000.0,2759867000.0,0.0,3087456000.0,0.0,171337000.0,387829334.56,718411334.56,18.44122412275528,0.0,0.12407563429568721,1.4009939933733775,0.0,18.44122412275528,0.019399870667528882,10.2738969127659,16.659335676975946,1.2927558301611322,0.5036082474226804,0.0,0.0075574479257101,0.011143754402268604,0.0,0.0017181024827466495,528.37784,0.0,-0.18181818181818185,-0.4334129710004749,0.03559234928340889,0.6264604753279275,0.0,-0.07736207989854153,0.0,-0.316063089714071,0.07918944052756878,0.2854746918518158,Banks—Regional,Financial Services,INDB
2008Q1,2008,Q1,2008-05-09,2008-03-31,6308000.0,34003000.0,0.0,0.44,0.0,0.0,3330231000.0,300657000.0,2687189000.0,0.0,3029574000.0,0.0,168383000.0,425131269.75,738495269.75,20.898049572369757,0.0,0.11829870060064902,1.3103370285740894,0.0,20.898049572369757,0.020980718892292544,12.502757690497898,16.848893062381105,1.4140075559524643,0.3707989854153456,0.0,0.005501830061513606,0.010210402821906349,0.0,0.0018941628974086181,35.824662488413246,0.0,-0.181085148771022,1.6159079632571347,0.1373611692185422,0.8777454019940688,0.0,-0.18395860284605434,0.0,-0.14970652181854993,0.1176577431827263,0.5230313631477794,Banks—Regional,Financial Services,INDB
2007Q4,2007,Q4,2008-03-14,2007-12-31,7730000.0,32990000.0,0.0,0.5372963982026636,0.0,0.0,2768413000.0,220465000.0,2175634000.0,0.0,2547948000.0,0.0,164565000.0,391609920.9,686865920.9,15.324068619631337,0.0,0.13100357497237586,1.6450320912616516,0.0,15.324068619631337,0.03506225477967024,11.870564440739617,12.665262642302716,1.7762906624634296,0.3021992238033635,0.0,0.005965119562424242,0.011916574586234062,0.0,0.002792213445031504,223.77709765714283,0.0,-0.1045060029955606,0.10915917071071428,0.04598263961718001,0.37783916437936604,0.0,-0.07001924927815206,0.0,-0.10211476880756669,0.02513655795839123,0.11598846036421957,Banks—Regional,Financial Services,INDB
2007Q3,2007,Q3,2007-11-08,2007-09-30,8312000.0,31990000.0,0.0,0.6,0.0,0.0,2675623000.0,214194000.0,2114471000.0,0.0,2461429000.0,0.0,158760000.0,427139786.04,706352786.04,15.535265823677191,0.0,0.12678019287470618,1.583685817529903,0.0,15.535265823677191,0.03880594227662773,13.352290904657707,12.847082111405197,1.9941725073531473,0.28392685274302215,0.0,0.005525123336974737,0.011956093963910461,0.0,0.0031065662090660755,27.4211841843744,0.0,0.4999999999999999,0.24895517460611244,0.091002479516957,0.11434482194883223,0.0,0.4546727336366818,0.0,0.10489949400468558,0.10746173560792806,0.15501316207958082,Banks—Regional,Financial Services,INDB
2007Q2,2007,Q2,2007-08-07,2007-06-30,5714000.0,31472000.0,0.0,0.4,0.0,0.0,2658498000.0,212062000.0,2115579000.0,161092000.0,2446436000.0,0.0,157983000.0,416557364.71999997,637111364.72,15.038292467138882,13.132737814416606,0.10636156205496487,1.3333930642925182,0.0,15.038292467138882,0.026944950061774386,13.235808487544483,18.225295971298564,1.964318759230791,0.42824641232061605,0.0,0.005874340984571994,0.011838263560852783,0.3861644277803988,0.002149333947213803,59.52520216061731,0.0,-0.11111111111111108,0.5439247708064091,0.04954710448269313,0.12718908720165795,0.0,-0.13763960156957442,0.0,-0.10104425066462719,0.11407589626563916,0.25960440314135125,Banks—Regional,Financial Services,INDB
2007Q1,2007,Q1,2007-05-10,2007-03-31,6626000.0,31781000.0,0.0,0.45,0.0,0.0,2739946000.0,221496000.0,2172521000.0,0.0,2518450000.0,0.0,166555000.0,476526147.65999997,721679147.66,15.310971445801396,0.0,0.11260623384548454,1.3929596922743526,0.0,15.310971445801396,0.029914761440387187,14.994057696737043,17.97940490718382,2.151398434554123,0.3549652882583761,0.0,0.004935720760654136,0.01159913370555478,0.0,0.0024182958350274057,63.6981884320278,0.0,-0.19650456060232047,0.026550910570632937,0.04250361018915561,0.1681025865978163,0.0,-0.182177240187608,0.0,0.001630321892986186,0.048821313642459604,0.24101654526384192,Banks—Regional,Financial Services,INDB
