Quarters,Year,Quarter,FillingDate,Date,NetIncome,Revenue,OperatingIncome,EPSDiluted,GrossProfit,GrossProfitRatio,TotalAssets,CommonStockEquity,CurrentAssets,CurrentLiability,TotalLiability,Inventory,RetainedEarnings,MarketCap,EnterpriseValue,bookValuePerShare,currentRatio,debtToAssets,debtToEquity,roic,shareholdersEquityPerShare,roe,priceToSalesRatio,peRatio,pbRatio,payoutRatio,inventoryTurnover,dividendYield,assetTurnover,quickRatio,returnOnAssets,priceToFreeCashFlowsRatio,grossProfitMargin,epsdilutedGrowth,fiveYNetIncomeGrowthPerShare,fiveYRevenueGrowthPerShare,fiveYShareholdersEquityGrowthPerShare,grossProfitGrowth,netIncomeGrowth,operatingIncomeGrowth,threeYNetIncomeGrowthPerShare,threeYRevenueGrowthPerShare,threeYShareholdersEquityGrowthPerShare,Industry,Sector,Symbol
2023Q1,2023,Q1,2023-05-08,2023-03-31,12139000.0,113791000.0,22536000.0,0.14,30379000.0,0.2669719046,1130850000.0,349402000.0,124257000.0,149524000.0,781448000.0,5662000.0,-220884000.0,319825997.4,856003997.4,4.26065364003458,0.8310170942457398,0.5661502409691824,1.8323621501880356,0.014599258380344657,4.26065364003458,0.03474221670167887,2.810644052693095,6.5867451478705,0.915352509144195,0.0,14.731896856234545,0.0,0.10062430914798602,0.7928961236992055,0.010734403324932572,9.075137546109755,0.2669719046321765,0.2727272727272728,2.561378520315999,0.2100717568902953,0.18321863014822157,0.14750321069728792,0.20366881507188894,5.407733864088712,-0.4731662674902223,0.2302404139017594,0.03823366913769962,Oil & Gas Midstream,Energy,OSG
2022Q4,2022,Q4,2023-03-09,2022-12-31,10085000.0,121757000.0,3517000.0,0.11,26474000.0,0.2174330839,1139063000.0,339685000.0,108346000.0,145927000.0,799378000.0,2283000.0,-233023000.0,245367060.33,823702060.33,4.000902356981831,0.7424671239729453,0.5768486905465282,1.9343421110734946,0.0019339720893888663,4.000902356981831,0.029689270942196446,2.015219333015761,6.08247546678235,0.7223370485302559,0.0,41.73587385019711,0.0,0.10689224388817826,0.7241840098131257,0.008853768404381497,8.231308005300413,0.21743308392946606,-0.26666666666666666,-0.8054955712751755,0.3572208272630022,0.12195818894828321,-0.08669403525718425,-0.2387530193236715,-0.8432080602737283,-0.033029502780261816,0.3022327751993659,0.046956274030211194,Oil & Gas Midstream,Energy,OSG
2022Q3,2022,Q3,2022-11-03,2022-09-30,13248000.0,123059000.0,22431000.0,0.15,28987000.0,0.2355536775,1042810000.0,346268000.0,112737000.0,154498000.0,696542000.0,4506000.0,-243108000.0,261878680.8,751849680.8,3.927070187074197,0.7296987663270722,0.5405136122591844,1.6277940785749767,0.019257091738599873,3.927070187074197,0.038259382905726204,2.128074182302798,4.941853125000001,0.7562890038929385,0.0,20.87705281846427,0.0,0.11800711539014777,0.7005333402374141,0.012704135940391825,12.159478144588384,0.23555367750428657,2.7499999999999996,3.092129057592531,0.31411202026440416,0.33021265085224444,0.4437914030980724,2.542245989304813,0.7743236829615567,4.568549346953973,0.5413487427231394,0.0649286868414562,Oil & Gas Midstream,Energy,OSG
2022Q2,2022,Q2,2022-08-08,2022-06-30,3740000.0,117985000.0,12642000.0,0.04,20077000.0,0.170165699,1063909000.0,343195000.0,121618000.0,161871000.0,720714000.0,6932000.0,-256356000.0,187072471.2,690607471.2,3.760840627629449,0.7513266737093117,0.5525933139018468,1.7130465187429886,0.010016237012785204,3.760840627629449,0.010897594661926894,1.5855614798491333,12.504844331550801,0.5450908993429391,0.0,14.124062319676861,0.0,0.11089764256153486,0.7080885396395895,0.00351533824791406,12.994753487079743,0.17016569902953765,8.142857142857142,0.12025996206312524,0.17930569308153185,0.24893409838412472,0.37156715398278456,8.347740667976424,0.6418181818181818,3.1045201519687167,0.3044157379837846,0.008490772168956677,Oil & Gas Midstream,Energy,OSG
2022Q1,2022,Q1,2022-05-09,2022-03-31,-509000.0,103999000.0,7700000.0,-0.0056,14638000.0,0.1407513534,1084535000.0,338211000.0,108831000.0,166140000.0,746324000.0,6799000.0,-260096000.0,189890477.92,727413477.92,3.7224667489530323,0.6550559768869628,0.5665340445444361,1.816694312130593,0.006118636497833284,3.7224667489530323,-0.0015049776618738008,1.8258875366109288,-93.26644298624754,0.5614556531869158,0.0,13.143256361229593,0.0,0.09589270977884531,0.6141326592030817,-0.0004693255634903438,261.1973561485557,0.14075135337839786,0.8617283950617284,-1.09071301398944,-0.06929756546670737,0.26155490221635047,3.7665255617062847,0.8615342763873776,68.54385964912281,-1.155966882172641,0.16119090992215765,-0.008068680860245165,Oil & Gas Midstream,Energy,OSG
2021Q4,2021,Q4,2022-03-09,2021-12-31,-3676000.0,95463000.0,-114000.0,-0.0405,3071000.0,0.0321695317,1115729000.0,338614000.0,108931000.0,176136000.0,777115000.0,2895000.0,-259587000.0,170718917.79999998,728444917.8,3.728903206531456,0.6184482445383113,0.5744208495073625,1.8927096930428158,-4.155362114219495e-05,3.728903206531456,-0.010856018947828502,1.7883255062170682,-11.610372538084873,0.5041696970591882,0.0,31.91433506044905,0.0,0.08556109951430858,0.5987191715492574,-0.0032947068687826523,25.74945969834087,0.032169531651006146,0.7749999999999999,0.9871422780783856,1.4651860050787373,0.2828462869495704,1.9902629016553066,0.7703791617215316,0.9797872340425532,0.30735171113746534,0.04341173283151768,0.0023587851524704898,Oil & Gas Midstream,Energy,OSG
2021Q3,2021,Q3,2021-11-09,2021-09-30,-16009000.0,93967000.0,-5640000.0,-0.18,1027000.0,0.010929368820969064,1132267000.0,338523000.0,113176000.0,155574000.0,793744000.0,5917000.0,-255911000.0,188880806.4,758020806.4,3.7278951388466752,0.7274737423991156,0.5777003127354237,1.932249802819897,-0.0036815265314868147,3.7278951388466752,-0.04729073061505422,2.0100759458107635,-2.9496034480604663,0.5579556083338503,0.0,15.70728409667061,0.0,0.08299014278434327,0.6892025659814622,-0.014138891268578877,-17.844195219650448,0.010929368820969064,-0.5,0.8404454321476729,-0.5256666546028809,-0.7645461958318119,38.5,-0.4963080661744088,0.02455897613282601,-2.306355365768187,0.13756873899244765,-0.010001656324181952,Oil & Gas Midstream,Energy,OSG
2021Q2,2021,Q2,2021-08-06,2021-06-30,-10699000.0,88359000.0,-5782000.0,-0.12,26000.0,0.00029425412238708,1132130000.0,353913000.0,78905000.0,175666000.0,778217000.0,4348000.0,-239902000.0,189379119.70999998,759219119.71,3.9058063588672494,0.4491762777088338,0.5578643795323859,1.7845487450305584,-0.00387444621615242,3.9058063588672494,-0.030230593394421794,2.143291794950146,-4.42515935391158,0.5351007725344928,0.0,20.315777368905245,0.0,0.07804669075106216,0.42421413363997584,-0.009450328142527801,-58.05613725015327,0.00029425412238708,0.3333333333333333,-1.3680620208772445,-0.59011208073314,-0.7651373819796071,1.0066140931060799,0.3257499369800857,0.6337956805370828,-4.415370013288968,-0.09643695745916855,0.07578287099647983,Oil & Gas Midstream,Energy,OSG
2021Q1,2021,Q1,2021-05-07,2021-03-31,-15868000.0,81273000.0,-15789000.0,-0.18,-3931000.0,-0.04836784664033566,1179432000.0,364017000.0,65274000.0,181780000.0,815415000.0,5067000.0,-229203000.0,185630104.06,802881104.06,4.039619671589597,0.35908240730553415,0.5615787938600953,1.819541395044737,-0.008953266212504432,4.039619671589597,-0.04359137073268556,2.284031647164495,-2.9245983120115957,0.5099489970523355,0.0,16.815472666271955,0.0,0.068908593288973,0.33100451094729894,-0.013453933757944502,-14.960517735332044,-0.04836784664033566,-16.999999999999996,-1.333373893381377,-0.6445796622012383,-0.7472749347359305,-1.4272826086956523,-17.80094786729858,-8.102564102564102,-5.236677277703619,-0.21346605642800975,0.12183567545266587,Oil & Gas Midstream,Energy,OSG
2020Q4,2020,Q4,2021-04-01,2020-12-31,-844000.0,97546000.0,2223000.0,-0.01,9200000.0,0.09431447727226129,1231737000.0,379811000.0,88676000.0,181624000.0,851926000.0,2293000.0,-213335000.0,192610214.22,815160214.22,4.219898426942313,0.4882394397216227,0.5620087729766987,1.8226091398090103,0.0007510462416137333,4.219898426942313,-0.0022221578627264612,1.9745577903758227,-57.052788572274885,0.5071212108654042,0.0,38.52856519843,0.0,0.07919385388276881,0.46813196493855436,-0.0006852112098605465,-27.551167818623945,0.09431447727226129,0.0,-1.0980727537686674,-0.5690226240527748,-0.7412255333781564,-0.1787180860560614,-0.2846270928462709,-0.57356608478803,-1.0153549679588947,0.025696605018217297,0.18337044351402748,Oil & Gas Midstream,Energy,OSG
2020Q3,2020,Q3,2020-11-06,2020-09-30,-657000.0,105748000.0,5213000.0,-0.01,11202000.0,0.10593108143889246,1230349000.0,374055000.0,71596000.0,182241000.0,856294000.0,2929000.0,-212491000.0,192596364.14000002,826103364.14,4.15624512733857,0.3928643938520969,0.5588048594341931,1.8380318402373983,0.0030002947715561438,4.15624512733857,-0.0017564261940089024,1.821276659038469,-73.28628772450533,0.5148878216839771,0.0,32.27927620348242,0.0,0.08594959641532605,0.3765233948452873,-0.000533994825858354,-31.89737730043061,0.10593108143889246,-1.1428571428571428,-1.004080994034803,-0.5289830410182114,-0.7422035944734229,-0.492226100358098,-1.1029780564263323,-0.618067257674555,0.898348707306026,0.10637041239258185,0.40784085464686554,Oil & Gas Midstream,Energy,OSG
2020Q2,2020,Q2,2020-08-07,2020-06-30,6380000.0,114539000.0,13649000.0,0.07,22061000.0,0.1926068849911384,1268616000.0,374023000.0,106812000.0,192707000.0,894593000.0,3037000.0,-211834000.0,166930591.8,831542591.8,4.167497236417273,0.5542715106353169,0.5823700788891201,1.9752902896345947,0.008293303817945666,4.167497236417273,0.01705777452188769,1.4574126873815907,6.541167390282133,0.4463110338134286,0.0,30.45044451761607,0.0,0.09028658002106232,0.43440560021172037,0.005029102581080485,-87.62760724409449,0.1926068849911384,-0.75,-0.8821275198694356,-0.49625357687643995,-0.7101022263502611,-0.11133937562940584,-0.7460696517412936,-0.6362982306544447,0.9431258283063257,0.16408855319102164,0.38398031685908873,Oil & Gas Midstream,Energy,OSG
2020Q1,2020,Q1,2020-05-11,2020-03-31,25125000.0,100859000.0,37528000.0,0.28,24825000.0,0.24613569438523086,1290755000.0,366967000.0,124683000.0,195464000.0,923788000.0,3473000.0,-218214000.0,202988645.97,883668645.97,4.103752138546274,0.6378821675602668,0.5903823731072124,2.076587268064976,0.020661238545276676,4.103752138546274,0.06846664686470445,2.01259824081143,2.019787522089552,0.5531523160665673,0.0,21.89288799308955,0.0,0.07813953848716448,0.5174865959972169,0.019465351674020245,40.46823085526316,0.24613569438523086,1.3333333333333337,-0.36541898112079463,-0.5320514719593674,-0.7001906827379332,0.1375091642228739,1.2884597868658347,1.012117312744625,3.5495547622977575,-0.08291971673302045,0.3907736393669545,Oil & Gas Midstream,Energy,OSG
2019Q4,2019,Q4,2020-03-13,2019-12-31,10979000.0,98425000.0,18651000.0,0.12,21824000.0,0.22173228346456694,1175467000.0,341545000.0,57509000.0,161544000.0,833922000.0,1178000.0,-243339000.0,205563668.39999998,869312668.4,3.8214607966200314,0.3559958896647353,0.5999760095349338,2.064887496523152,0.011751747710759562,3.8214607966200314,0.03214510533019075,2.0885310480060957,4.680837699244011,0.6018640835029059,0.0,65.02631578947368,0.0,0.08373267816110533,0.3403345218640123,0.009340117587307854,200.35445263157894,0.22173228346456694,4.0,-0.6390617689060396,-0.5081214476684034,-0.7120973525312261,2.419081936393545,3.9176189210736116,14.350617283950617,1.0390172438383054,1.4873065651397903,0.31468866906508164,Oil & Gas Midstream,Energy,OSG
2019Q3,2019,Q3,2019-11-08,2019-09-30,-3763000.0,80926000.0,1215000.0,-0.04,6383000.0,0.07887452734597039,1136959000.0,329585000.0,63101000.0,155901000.0,807374000.0,1998000.0,-254318000.0,156407419.0,790708419.0,3.68763677380291,0.40475045060647463,0.6014157062831641,2.0746848309237373,0.0007761673056611627,3.68763677380291,-0.011417388534065567,1.9327214862961224,-10.391138652670742,0.47455866923555384,0.0,37.308808808808806,0.0,0.0711775886377609,0.38430157600015397,-0.0033097059788435644,-3.4498846196263537,0.07887452734597039,-1.0,-1.3099100146624179,-0.7271489169155566,-0.8191632904175883,-0.541484088786725,-1.165132336018412,-0.6800947867298578,0.9618947822053091,-0.584948907035821,-0.7670889135977623,Oil & Gas Midstream,Energy,OSG
2019Q2,2019,Q2,2019-08-09,2019-06-30,-1738000.0,88459000.0,3798000.0,-0.02,13921000.0,0.15737234198894404,1056717000.0,332813000.0,72540000.0,136865000.0,723904000.0,2656000.0,-250555000.0,168674365.44,722055365.44,3.729177035047158,0.5300113250283126,0.5742483559931373,1.8233001715678174,0.002167455606606175,3.729177035047158,-0.005222151778926905,1.9068084133892538,-24.262710794016108,0.5068142333382409,0.0,28.064006024096386,0.0,0.08371115445289515,0.49927300624703175,-0.0016447166081363317,-11.115279435914333,0.15737234198894404,-1.5,0.997085514194799,-0.8747707949214035,1.445237510683753,-0.10366364046101345,-1.5436346574913982,-0.6100616016427105,-1.0607052311978022,-0.5833658368046903,-0.7757583963361891,Oil & Gas Midstream,Energy,OSG
2019Q1,2019,Q1,2019-05-10,2019-03-31,3197000.0,87737000.0,9740000.0,0.04,15531000.0,0.17701767783261338,1064263000.0,334013000.0,108633000.0,138774000.0,730250000.0,2465000.0,-248817000.0,213611872.79999998,742634872.8,3.752746462508427,0.7828051364088374,0.5681161517406882,1.8101840347531384,0.007219638455674559,3.752746462508427,0.00957148374464467,2.434684030682608,16.704087644666874,0.6395316134401954,0.0,29.292494929006086,0.0,0.08243920910526815,0.751999654113883,0.003003956728740922,-563.6197171503958,0.17701767783261338,1.6666666666666667,-0.8942270673206575,-0.8966021118476019,3.242589365155449,0.5321100917431193,1.617658423493045,0.3073825503355705,-0.9319984090639181,-0.6115404465489698,-0.7652221813535863,Oil & Gas Midstream,Energy,OSG
2018Q4,2018,Q4,2019-03-15,2018-12-31,-5176000.0,89230000.0,7450000.0,-0.06,10137000.0,0.11360528970077328,827730000.0,329468000.0,112380000.0,57918000.0,498262000.0,2456000.0,-252014000.0,147015599.23999998,412133599.24,3.7201282233130186,1.9403294312648918,0.4174489265823397,1.0487664962909904,0.05344008400741516,3.7201282233130186,-0.015710175191520875,1.6476028156449622,-7.100830720633694,0.44622117850595505,0.0,32.203990228013026,0.0,0.10780085293513586,1.726216374874823,-0.006253246831696326,-14.142914789802788,0.11360528970077328,-1.4615384615384615,0.9992697764407302,-0.9793828782552055,1.3450800375030596,3.440210249671485,-1.4332105791764311,2.8051853646716745,-1.6112380780684716,-0.5993491109586615,-0.771872661529857,Oil & Gas Midstream,Energy,OSG
2018Q3,2018,Q3,2018-11-09,2018-09-30,11948000.0,80536000.0,-4127000.0,0.13,2283000.0,0.02834757127247442,860893000.0,333385000.0,155895000.0,415407000.0,527508000.0,15493000.0,-248321000.0,278886434.4,532492434.4,3.7655569452825275,0.37528255421791157,0.4385945756325118,1.1325734511150771,0.006064116103724362,3.7655569452825275,0.03583844504101864,3.462879139763584,5.835420873786407,0.8365296411056287,0.0,5.050861679468147,0.0,0.09354937257011034,0.33784457170919124,0.013878612092327386,-39.71044203331909,0.02834757127247442,3.3333333333333335,3.318244983366875,-0.8954783735391356,-0.6900976415157671,-0.8666082383873794,2.9109656301145663,-1.3919650489125273,-0.9245579850713223,-0.6353536151604714,-0.7664365273082229,Oil & Gas Midstream,Energy,OSG
2018Q2,2018,Q2,2018-08-09,2018-06-30,3055000.0,95367000.0,10529000.0,0.03,17115000.0,0.17946459467111264,867561000.0,320832000.0,166484000.0,34643000.0,546729000.0,14854000.0,-260269000.0,342865131.76,588551131.76,3.630664202014451,4.80570389400456,0.4341596729221346,1.174010073808099,0.013496281583586754,3.630664202014451,0.009522117494514263,3.5952177562469196,28.057703090016368,1.068674981797327,0.0,5.268075939140972,0.0,0.10992541158489144,4.375227318650232,0.0035213662209343205,17.575616760303465,0.17946459467111264,-0.25000000000000006,1.044018855419831,-0.8545422402863497,-0.6982399426678868,-0.1591333398840523,-0.1657564172583288,-0.22415444698253628,-0.942676282015126,-0.5740210852977136,-0.7474451908842464,Oil & Gas Midstream,Energy,OSG
2018Q1,2018,Q1,2018-05-09,2018-03-31,3662000.0,101030000.0,13571000.0,0.04,20354000.0,0.20146491141245174,860962000.0,317259000.0,152429000.0,34029000.0,543703000.0,13168000.0,-263324000.0,250219446.76,514514446.76,3.6009014154052394,4.479385230244791,0.4364443494602549,1.184401388140289,0.014743148139013633,3.6009014154052394,0.01154261975231593,2.476684616054637,17.08215775259421,0.7886914059490826,0.0,6.1266707168894285,0.0,0.1173454809852235,4.09071674160275,0.004253381682350673,11.931119910356665,0.20146491141245174,-0.9344262295081966,1.0076298531860937,-0.8572831036209424,-0.7025872435259771,0.6386764350696401,-0.9317351427932294,2.4717319007418777,-0.9061266066359255,-0.5242520226231355,-0.7369276314862695,Oil & Gas Midstream,Energy,OSG
2017Q4,2017,Q4,2018-03-12,2017-12-31,53644000.0,92815000.0,3909000.0,0.61,12421000.0,0.13382535150568334,931887000.0,313238000.0,207295000.0,62531000.0,618649000.0,13356000.0,-265758000.0,240682063.06000003,523624063.06000006,3.5659995144135026,3.315075722441669,0.4817493966543154,1.4332105300123228,-0.04558851232184435,3.5659995144135026,0.17125636097791455,2.5931375646177885,1.1216634808179855,0.7683680238668361,0.0,6.019317160826595,0.0,0.09959898571393312,3.100558123170907,0.05756491935180982,35.504065947779914,0.13382535150568334,9.714285714285712,1.009312205076328,-0.9770328536799489,-0.9628732250179376,-0.13018207282913166,9.505470112573331,8.006912442396313,0.7943890690546248,-0.5280499979096639,-0.7313433904699322,Oil & Gas Midstream,Energy,OSG
2017Q3,2017,Q3,2017-11-09,2017-09-30,-6307000.0,93270000.0,434000.0,-0.07,14280000.0,0.15310389192666451,975848000.0,259270000.0,239513000.0,100840000.0,716578000.0,12056000.0,-319402000.0,230972580.62,522895580.62,2.952212328275626,2.375178500595002,0.5038202670907764,1.8962934392718016,0.00038708394799274163,2.952212328275626,-0.0243259922088942,2.476386626139166,-9.155405922784206,0.89085733258765,0.0,6.551924353019244,0.0,0.09557840975233847,2.2173839746132487,-0.006463096711782983,17.622078326085298,0.15310389192666451,-2.7500000000000004,0.9844903431165805,-0.980120244206151,-0.9815498714534713,-0.30578512396694213,-2.964185611958891,-0.969479606188467,-1.528614225028111,-0.6799674096442435,-0.8552275085153146,Oil & Gas Midstream,Energy,OSG
2017Q2,2017,Q2,2017-08-09,2017-06-30,3211000.0,96225000.0,14220000.0,0.04,20570000.0,0.21376981034034814,1017447000.0,264295000.0,261503000.0,132598000.0,753152000.0,11542000.0,-313095000.0,233466824.78,537617824.78,3.0112402507828375,1.9721489011900633,0.5000024571304451,1.924841559620878,0.012295483491668606,3.0112402507828375,0.012149302862331865,2.4262595456482203,18.177111863905324,0.8833569487882859,0.0,6.554756541327326,0.0,0.09457495083281979,1.8403444999170424,0.0031559383437171668,21.796921368686398,0.21376981034034814,-0.3333333333333333,1.0036750417788831,-0.9790869111615471,-0.988669629392571,-0.2523534329226184,-0.40854669368207774,-0.2616055665178108,1.0054751524801229,-0.8614854936103267,1.3595209078917638,Oil & Gas Midstream,Energy,OSG
2017Q1,2017,Q1,2017-05-10,2017-03-31,5429000.0,108116000.0,19258000.0,0.06,27513000.0,0.2544766732028562,1025023000.0,259390000.0,257612000.0,151270000.0,765633000.0,11306000.0,-316307000.0,339325003.52,653276003.52,2.950697383374479,1.702994645336154,0.4995331812066656,1.9739889741316166,0.015062340184784731,2.950697383374479,0.02092987393500135,3.138527170076584,15.625575774544114,1.3081653244920777,0.0,7.129223421192287,0.0,0.10547665759695149,1.5883982283334435,0.005296466518312272,26.079855777419105,0.2544766732028562,1.019108280254777,1.0098489404919055,-0.9766462621720239,-0.9893350804265979,1.3479531054368858,1.01970777747527,1.28642393955619,-0.818139936016522,-0.8709956229050588,2.7632959321543185,Oil & Gas Midstream,Energy,OSG
2016Q4,2016,Q4,2017-03-09,2016-12-31,-275475000.0,-197733000.0,-67236000.0,-3.14,-79071000.0,0.39988772738996525,1030497000.0,254332000.0,238316000.0,57528000.0,776165000.0,12243000.0,-321736000.0,335114555.59000003,669107555.59,2.9067420192627034,4.142608816576276,0.5095424828990284,2.0645534183665446,0.03153012927849385,2.9067420192627034,-1.0831314974128305,-1.6947831448974124,-0.3041242903984028,1.317626392235346,0.0,9.692232296005882,0.0,-0.19188119907190415,3.80338270059797,-0.267322466732072,3.7736850735898564,0.39988772738996525,-1.8545454545454545,0.6508304974021848,-1.0485904233965124,-0.9896422445107531,-3.044710506581159,-1.789931030291982,0.4281534653886389,0.9606626973348195,-1.0462441829523508,1.269630126922239,Oil & Gas Midstream,Energy,OSG
2016Q3,2016,Q3,2016-11-09,2016-09-30,-98739000.0,194951000.0,-117577000.0,-1.1,38671000.0,0.19836266549030268,2749954000.0,1414869000.0,404292000.0,114681000.0,1335085000.0,18037000.0,-46261000.0,944568030.4200001,1613079030.42,15.832809123711524,3.5253616553744735,0.35700342623912984,0.6938755460752903,-0.032617147272305066,15.832809123711524,-0.06978667282978142,4.845156118306652,-2.3915778730288944,0.6676010502880478,0.0,8.664412041913844,0.0,0.07089245856476145,3.319494946852574,-0.03590569151338532,26.303027774776535,0.19836266549030268,-4.4375,0.9138409664513948,-0.9528368795642146,-0.9452773350098612,-0.4674442944886661,-4.306620675797864,-2.751743146603099,-36.355694171939646,-0.7493312752216907,0.3030276689921999,Oil & Gas Midstream,Energy,OSG
2016Q2,2016,Q2,2016-08-09,2016-06-30,29861000.0,221446000.0,67120000.0,0.32,72614000.0,0.3279083839852605,3057199000.0,1547978000.0,546914000.0,122323000.0,1509221000.0,19681000.0,52478000.0,1022976521.14,1684061521.1399999,16.630174660354474,4.471064313334369,0.3653380103813981,0.7215289881380743,0.01667300850139393,16.630174660354474,0.019290325831504064,4.619530364693875,8.564486463447306,0.6608469378376178,0.044774120089749174,7.562217367003709,0.0013069703677168014,0.07243427725836624,4.264480105949004,0.009767437448461811,11.332283027107266,0.3279083839852605,-0.39622641509433965,1.047652159805475,-0.9514825825639498,-0.9458744568937345,-0.20848048833660343,-0.41147834998718935,-0.22092091975903336,1.4084656125667872,-0.6793507450448408,0.382205067647743,Oil & Gas Midstream,Energy,OSG
2016Q1,2016,Q1,2016-05-10,2016-03-31,50739000.0,243756000.0,86153000.0,0.53,91740000.0,0.37635996652390097,3070621000.0,1535411000.0,503219000.0,159911000.0,1535210000.0,21401000.0,22617000.0,1083531611.76,1825213611.76,15.984246229667196,3.1468691959902695,0.37246114059664154,0.7448735224640177,0.019429345941560386,15.984246229667196,0.03304587501327006,4.4451484753606065,5.338751314373558,0.7056948346468795,0.602554248211435,7.103219475725433,0.028216066488673763,0.07938329087178131,2.9781003183020553,0.016524019082784884,9.571073075108869,0.37635996652390097,4.3,1.0846576996846524,-0.9466946192241497,-0.9500804647612479,0.11151497528351265,4.475234703787634,0.1395296545156341,1.0969638782985254,-0.684172031295148,0.320202411259246,Oil & Gas Midstream,Energy,OSG
2015Q4,2015,Q4,2016-03-01,2015-12-31,9267000.0,243725000.0,75604000.0,0.1,82536000.0,0.3386439634834342,3274952000.0,1580488000.0,623931000.0,154285000.0,1694464000.0,3926000.0,-1282000.0,1645691072.4,2473660072.4,16.30724422710917,4.044015944518262,0.40635862754629687,0.8420215781454842,0.010498483400825816,16.30724422710917,0.005863378905755691,6.752245655554416,44.396543444480415,1.0412550252833304,0.0,41.05680081507896,0.0,0.07442093807787106,3.8455261366950775,0.0028296597934870495,18.8581144350098,0.3386439634834342,-0.9441340782122905,1.0093541653105265,-0.9413873505120518,-0.9512803260404253,-0.10679191376996666,-0.9465429121912388,-0.11253536171661326,1.0014579850680134,-0.9453397664885365,-0.8302200029612193,Oil & Gas Midstream,Energy,OSG
2015Q3,2015,Q3,2015-11-09,2015-09-30,173354000.0,241752000.0,85191000.0,1.79,92404000.0,0.3822264138455938,3474836000.0,1562403000.0,812048000.0,147681000.0,1912433000.0,22123000.0,133668000.0,1795098378.7961886,2725797378.7961884,16.122199682532376,5.498662658026422,0.4485719613817746,0.9976388934225037,0.08992727867671509,16.122199682532376,0.11095344799005122,7.4253713673359005,2.588775538487991,1.1489342882701765,0.0,6.75080233241423,0.0,0.06957220427093537,5.193857029678835,0.04988839761070738,25.070856256144307,0.3822264138455938,1.9833333333333334,1.311350749319613,-0.9469565822615421,-0.9520143570114907,-0.0564087901315252,1.96646018001985,-0.07689056963602674,1.3863217289695666,-0.9533044974358238,-0.8992427970893039,Oil & Gas Midstream,Energy,OSG
2015Q2,2015,Q2,2015-08-10,2015-06-30,58438000.0,245487000.0,92287000.0,0.6,97928000.0,0.3989131807386949,3543574000.0,1392966000.0,849507000.0,157608000.0,2150608000.0,25068000.0,-39686000.0,1794855797.0305502,2811248797.03055,14.37574764355569,5.389999238617329,0.46920369096285275,1.193609894283134,0.028482328357119203,14.37574764355569,0.04195220845304193,7.311408738672721,7.678461775858817,1.2885137160781743,0.0,5.8863491303654065,0.0,0.06927666813223034,5.056101213136389,0.016491259953933513,24.66714947199195,0.3989131807386949,0.3636363636363636,1.0880349697727918,-0.9506866408185515,-0.9584333093760073,0.17439378312906242,0.3621593902240041,0.19012431651707418,1.0605830011614483,-0.9516727341153969,-0.9459084845461884,Oil & Gas Midstream,Energy,OSG
2015Q1,2015,Q1,2015-05-11,2015-03-31,42901000.0,233542000.0,77544000.0,0.44,83386000.0,0.35704926736946674,3457317000.0,1326265000.0,766850000.0,153701000.0,2131052000.0,24934000.0,-98124000.0,1794790650.4155724,2983081650.415572,13.687873932747511,4.989232340713463,0.4817643276563879,1.2558666631480133,0.02440498990802261,13.687873932747511,0.032347230757050816,7.685087266596897,10.458909177033007,1.3532669944660927,0.0,6.022138445496109,0.0,0.06755006844903143,4.024658265073096,0.012408755112707339,27.050756611487323,0.35704926736946674,0.29411764705882343,1.2409297672711634,-0.9545251702511989,-0.9651597944742443,0.23148038752362948,0.30097646773410963,0.17788950830130784,1.0706108326367476,-0.9542316062146831,-0.9505269244328018,Oil & Gas Midstream,Energy,OSG
2014Q4,2014,Q4,2015-03-16,2014-12-31,32976000.0,216928000.0,65833000.0,0.34,67712000.0,0.312140433692285,3436491000.0,1286087000.0,707668000.0,109286000.0,2150404000.0,7987000.0,-141025000.0,1794758771.733634,3074199771.733634,13.273447917961605,6.475376534963307,0.4855729288975295,1.2974759872388104,0.023856782899848123,13.273447917961605,0.025640567084497395,8.273522881940709,13.606553036554116,1.39551894369015,0.0,18.682358833103795,0.0,0.06312485613959123,5.077393261716963,0.009595834821042743,119.77834835381968,0.312140433692285,1.4285714285714286,1.0723681632443405,-0.9545448942158493,-0.9650012267598826,1.0340653068581214,2.9047957371225577,1.7814018336220372,1.0377450501224743,-0.9518612222228386,-0.9527019848605717,Oil & Gas Midstream,Energy,OSG
2014Q3,2014,Q3,2014-11-10,2014-09-30,8445000.0,206283000.0,23669000.0,0.14,33289000.0,0.16137539205848275,3440897000.0,1267599000.0,639841000.0,136872000.0,2173298000.0,27465000.0,-174001000.0,1151436078.4903154,2526472078.4903154,20.392080691571998,4.674739902975042,0.4857399102617719,1.318540800363522,-0.0012343525428043446,20.392080691571998,0.006662201532188018,5.5818272881929945,34.08632559177962,0.9083598823368554,0.0,6.298707445840161,0.0,0.059950355968225726,3.4048819334853,0.0024543018869788895,-1.397158542906998,0.16137539205848275,1.0209580838323353,1.0340967717036045,-0.9328988307938114,-0.9457418332869892,0.31007477371113734,1.0413745462028015,2.9686452045606977,1.0105937484528402,-0.9282571853364578,-0.9295192033569352,Oil & Gas Midstream,Energy,OSG
2014Q2,2014,Q2,2014-08-04,2014-06-30,-204111000.0,241777000.0,5964000.0,-6.68,25410000.0,0.1050968454402197,3655434000.0,-255851000.0,856550000.0,409218000.0,3911285000.0,51350000.0,192556000.0,565829192.4575039,2511966192.457504,-8.37570273295313,2.0931386204907896,0.7088192537466139,-10.127152131514045,0.0020481001573375837,-8.37570273295313,0.7977729225213113,2.340293710557679,-0.6930410321559151,-2.2115574786008416,0.0,4.213573515092502,0.0,0.06614180422899169,1.9543030853970256,-0.055837692596829816,38.7580788038567,0.1050968454402197,-20.64705882352941,-2.74179373180236,-0.8621024120603606,-1.0217710021014048,-0.5922788100510253,-20.594028991072285,-0.8545046473616159,0.0074628694695582625,-0.8385838702626952,-1.0272600540028276,Oil & Gas Midstream,Energy,OSG
2014Q1,2014,Q1,2014-05-12,2014-03-31,10417000.0,292446000.0,40991000.0,0.34,62322000.0,0.21310600931454013,3658339000.0,-51332000.0,860012000.0,379183000.0,3709671000.0,44947000.0,396667000.0,568209127.7808491,2483414127.780849,-1.6733988490346285,2.2680658151868625,0.6980987819882193,-49.75224031793034,0.014526414012925613,-1.6733988490346285,-0.2029338424374659,1.9429540078539256,13.636582696094106,-11.069296496938541,0.0,5.119896767303714,0.0,0.07993955726902291,2.1351194541949403,0.0028474671155406866,16.472694607202676,0.21310600931454013,1.004247876061969,-0.9862618670439365,-0.8554299479368385,-1.0044101003720407,0.8200455580865603,1.0232896098872968,1.1119192912042157,1.054426573204675,-0.7997349386652467,-1.0052261014759538,Oil & Gas Midstream,Energy,OSG
2013Q4,2013,Q4,2014-03-13,2013-12-31,-447281000.0,273102000.0,-366255000.0,-80.04,34242000.0,0.12538172550915042,3644494000.0,-60247000.0,817313000.0,377840000.0,3704741000.0,16884000.0,386250000.0,103518230.52675408,2060779230.5267541,-10.780479364240344,2.163119309760745,0.7022066712141658,-42.478264477899316,-0.1436863799454125,-10.780479364240344,7.424120703105549,0.37904603601128545,-0.057859729413251446,-1.7182304600520204,0.0,14.147121535181236,0.0,0.0749355054501393,2.039701990260428,-0.1227278738831783,3.401288993814821,0.12538172550915042,-2669.0000000000005,-4.469041623856037,-0.32432494992444183,-1.0340116215665147,0.0966212970376301,-466.91770833333334,-22.006882707198166,-6.829961049269661,0.13901496130729166,-1.0322078600429976,Oil & Gas Midstream,Energy,OSG
2013Q3,2013,Q3,2013-11-12,2013-09-30,960000.0,267342000.0,17435000.0,0.03,31225000.0,0.11679795916840602,3994724000.0,373254000.0,766824000.0,405739000.0,3621470000.0,43728000.0,833531000.0,569009632.7887777,2553506632.788778,12.150785052751095,1.8899440280574458,0.6396259165839743,6.845550215135002,0.001966166426486321,12.150785052751095,0.0025719751161407513,2.1283959601887386,148.17959187207754,1.5244568920595032,0.0,5.399675265276254,0.0,0.0669237724558693,1.7821703114563796,0.00024031697809410614,-53.56393041408055,0.11679795916840602,1.0379746835443038,-0.9991499350485763,-0.9009162814675042,-0.9666544052519579,0.07601915986078087,1.039756491489626,0.5842798727850976,1.0054394616258922,-0.8149465218558976,-0.9638347592107329,Oil & Gas Midstream,Energy,OSG
2013Q2,2013,Q2,2013-10-08,2013-06-30,-24147000.0,228114000.0,11005000.0,-0.79,29019000.0,0.1272127094347563,4039504000.0,369919000.0,802983000.0,449766000.0,3669585000.0,42026000.0,832571000.0,569510578.2125658,2543267578.212566,12.031626167205385,1.7853350408879285,0.6338750995171685,6.921896415161157,0.0034815801294508903,12.031626167205385,-0.06527645241255518,2.4966051106576788,-5.896287097906218,1.539554816628953,0.0,4.737424451530005,0.0,0.05647079443416816,1.6918953411329447,-0.005977714095591934,19.92968148840166,0.1272127094347563,0.8550458715596331,-1.0507069946718817,-0.9027520883640906,-0.9643702021325735,0.4123229668564754,0.8560639477354824,-0.04395795326209712,0.8853561335947655,-0.8555838391448414,-0.9652112088361575,Oil & Gas Midstream,Energy,OSG
2013Q1,2013,Q1,2013-09-30,2013-03-31,-167762000.0,247438000.0,11511000.0,-5.45,20547000.0,0.0830389835029381,4031162000.0,372860000.0,784209000.0,459726000.0,3658302000.0,45207000.0,856718000.0,570444821.7931814,2574940821.7931814,12.10742087224411,1.7058182482609205,0.6353289696618494,6.868835487850668,0.0037914747868348212,12.10742087224411,-0.4499329507053586,2.3054050784163365,-0.8500805036199816,1.5299169173233422,0.0,5.0189351206671535,0.0,0.06138130891291394,1.6074835880502734,-0.04161628830595248,10.381161452105212,0.0830389835029381,0.9168953949374808,-1.2763154993157741,-0.8884215692929371,-0.9631363580780868,1.0451285858304102,0.5400920572520445,1.0383807466090504,-1.9642634352890318,-0.848409271617792,-0.9691825747630086,Oil & Gas Midstream,Energy,OSG
2012Q4,2012,Q4,2013-08-26,2012-12-31,-364773000.0,255897000.0,-299916000.0,-65.58,-455299000.0,-1.7792275798465789,4043535000.0,534246000.0,771427000.0,454972000.0,3509289000.0,15532000.0,1024480000.0,103030714.53027886,2163004714.5302787,96.04926676600371,1.695548297477647,0.6349187035601275,4.805494098224414,-0.09638051597176464,96.04926676600371,-0.6827809660718096,0.4026257225769699,-0.07061289797372534,0.1928525707825213,0.0,45.78908060777749,0.0,0.06328546680070779,1.5726264473418143,-0.09021141154954761,-1.2529272610453213,-1.7792275798465789,-13.164146868250539,-20.50933244993095,0.04000440568136861,-0.6693679425689565,-3.9370339311056637,-13.146164585433956,-72.88913525498891,-12.944778922804149,-0.06594676713852388,-0.7467420275274534,Oil & Gas Midstream,Energy,OSG
2012Q3,2012,Q3,2013-08-26,2012-09-30,-25786000.0,297505000.0,-4059000.0,-4.63,155020000.0,0.5210668728256668,4384695000.0,891079000.0,797209000.0,1643705000.0,3493616000.0,32628000.0,1389253000.0,103154339.35494833,2110589339.3549483,160.01039346856334,0.4850073462087175,0.5871138129333967,2.8889862739442855,-0.001176084373740307,160.01039346856334,-0.028937950507194086,0.346731447723394,-1.0001002419428016,0.1157634052142945,0.0,4.366954762780434,0.0,0.06785078551643843,0.4651570689387694,-0.0058809107589011325,7.143652309899468,0.5210668728256668,0.5346733668341709,-2.017656802737867,0.12798423849645307,-0.4876290873271751,0.0988013977785811,0.5339261829881069,0.8666513354578008,-0.16211716903485252,0.08022257514857777,-0.5742528319721713,Oil & Gas Midstream,Energy,OSG
2012Q2,2012,Q2,2012-08-07,2012-06-30,-55326000.0,291354000.0,-30439000.0,-9.95,141081000.0,0.48422537531662513,4151334000.0,1477053000.0,500200000.0,435017000.0,2674281000.0,39307000.0,1949892000.0,102947137.18402345,2121045137.1840234,265.76714523428416,1.1498401211906661,0.5407061922745797,1.519682773739331,-0.008462830553091723,265.76714523428416,-0.037457017452995935,0.3533403941048465,-0.4651842586849919,0.06969765958569087,0.0,3.8230595059404178,0.0,0.07018322303144002,1.059482732858716,-0.013327282266375098,-591.6502137012842,0.48422537531662513,-0.5869218500797448,-1.7949026334514637,0.102229033289855,-0.133751968092168,-0.01566359209075813,-0.589233906873869,-0.2874968276795533,-4.574600906173149,-0.08665733343680079,-0.30919025401705885,Oil & Gas Midstream,Energy,OSG
2012Q1,2012,Q1,2012-05-07,2012-03-31,-34813000.0,292378000.0,-23642000.0,-6.27,143326000.0,0.4902078815779573,4201064000.0,1536055000.0,515389000.0,418656000.0,2665009000.0,44957000.0,2005218000.0,102839312.775213,2134001312.775213,276.6731959923449,1.2310560460139113,0.5342729841773417,1.4612204641109856,-0.006020602540713472,276.6731959923449,-0.022663902008717134,0.3517341002921321,-0.7385122854624206,0.06695028027981616,0.0,3.3154347487599263,0.0,0.0695961784919249,1.1236719406863869,-0.00828671022388614,-5.041389910055051,0.4902078815779573,0.3048780487804878,-1.5304821650857419,0.37003064445002776,-0.10892247547118061,0.2341433172025419,0.30332199319591757,0.5541264333132166,-1.2536737571372862,-0.20140537457563773,-0.27085131839106086,Oil & Gas Midstream,Energy,OSG
2011Q4,2011,Q4,2012-02-29,2011-12-31,-49970000.0,257746000.0,-53024000.0,-9.02,116134000.0,0.45057537265369785,4034349000.0,1555245000.0,342147000.0,140101000.0,2479104000.0,19219000.0,2040031000.0,102654375.66860528,2113669375.6686053,280.6343538694644,2.4421453094553214,0.5120756781329528,1.3283386218891557,-0.014118248107907178,280.6343538694644,-0.0321299859507666,0.3982772794480042,-0.5135800263588417,0.0660052761260157,-0.13416049629777868,7.368333420053072,0.06530651963285264,0.06388787881266593,1.9666312160512773,-0.012386137143811803,-1.6458143053661887,0.45057537265369785,0.296411856474259,-1.5768704100201485,0.29708744701577305,-0.07894644310367648,0.05080574380875687,0.2969893078221722,-0.08546746095109418,0.38385986162744024,-0.3569506407249048,-0.11461920014127777,Oil & Gas Midstream,Energy,OSG
2011Q3,2011,Q3,2011-11-04,2011-09-30,-71080000.0,256379000.0,-48849000.0,-12.82,110519000.0,0.43107664824342085,4155429000.0,1603646000.0,468807000.0,192352000.0,2551783000.0,56519000.0,2090042000.0,102668508.9831427,2072562508.9831426,289.3281810482848,2.4372348610880055,0.5116778556437855,1.3258792775961776,-0.013036303737758282,289.3281810482848,-0.04432399669253688,0.4004560006207322,-0.361101959000924,0.06402192814570218,-0.18856218345526168,2.58072506590704,0.13054635869116066,0.06169736024848457,2.143403759773748,-0.017105333769389393,-1.1847277750189558,0.43107664824342085,-0.9049034175334323,-2.0234310880600064,0.2611403318656058,-0.009848795602158773,-0.20366754332240516,-0.9052214002358744,-1.4283654802147545,-1.3488274555896809,-0.47337688555509155,-0.20599202170563494,Oil & Gas Midstream,Energy,OSG
2011Q2,2011,Q2,2011-08-05,2011-06-30,-37308000.0,271738000.0,-20116000.0,-6.73,138785000.0,0.5107309246406465,4228472000.0,1702718000.0,533014000.0,198020000.0,2525754000.0,71528000.0,2167861000.0,102652060.25010309,1981657060.250103,307.25187602652295,2.691718008281992,0.49267938867751754,1.2235032459867106,-0.005145014877025058,307.25187602652295,-0.021910850769181978,0.3777611532067767,-0.6878689573958875,0.06028717629701635,-0.3587434330438512,1.8587546135778996,0.1303821858751886,0.06426387593438009,2.3305019694980307,-0.008823045298632698,-1.9457892988494785,0.5107309246406465,-0.07852564102564105,-1.8101580483623618,0.5402487857579678,0.08187733955821112,0.011899119960919557,-0.07957636437293825,0.22154715374791997,-1.4346510992286907,-0.3572932761085128,-0.09012114529857018,Oil & Gas Midstream,Energy,OSG
2011Q1,2011,Q1,2011-05-05,2011-03-31,-34558000.0,263668000.0,-25841000.0,-6.24,137153000.0,0.5201730964698029,4266842000.0,1773484000.0,582818000.0,177970000.0,2493358000.0,74687000.0,2231880000.0,102594749.01133662,1905887749.0113366,320.2002212804802,3.274810361296848,0.48302093210857117,1.16210464825169,-0.006448791526226565,320.2002212804802,-0.019485938412751397,0.38910580355347113,-0.74219246637057,0.05784926676041996,-0.38729093118814745,1.6939360263499672,0.13045501966695275,0.06179464812617857,2.8551497443389335,-0.008099198423564782,-1.9170138833913193,0.5201730964698029,0.3894324853228963,-1.3521403580663292,0.18504837149812564,0.1533131954275597,0.2063663790449552,0.3748439732990828,0.45429011889426224,-1.3164818149731545,-0.3389112204325195,-0.02508168955613927,Oil & Gas Midstream,Energy,OSG
2010Q4,2010,Q4,2011-03-01,2010-12-31,-55279000.0,232025000.0,-47353000.0,-10.22,113691000.0,0.48999461264949895,4241103000.0,1810143000.0,594877000.0,173785000.0,2430960000.0,14950000.0,2279822000.0,100174266.0791808,1832715266.0791807,334.71579142011836,3.423062980119113,0.46831920847006075,1.0972558521619562,-0.011664740183338107,334.71579142011836,-0.03053847126994939,0.4317391060410766,-0.453039427627041,0.05534052617897083,-0.24408907541742797,7.915317725752509,0.1346952718309383,0.05470864536890521,3.0744885922260266,-0.013034109287135918,-0.41240779609462624,0.48999461264949895,-0.7773913043478262,-1.6502016024002562,0.2680746270246191,0.2902110959805662,-0.2134777826204263,-0.7408515462618883,-2.050898782294955,-4.040818122692324,-0.03012601948350252,0.15219797608141894,Oil & Gas Midstream,Energy,OSG
2010Q3,2010,Q3,2010-11-05,2010-09-30,-31754000.0,259928000.0,-15521000.0,-5.75,144549000.0,0.5561116924686836,4199646000.0,1856933000.0,670901000.0,210447000.0,2342713000.0,63315000.0,2335154000.0,102377081.1487818,1616606081.1487818,335.97965304732963,3.1879808217746035,0.44405695146686175,1.0042807144899681,-0.0039802518841521705,335.97965304732963,-0.017100240019429887,0.3938670753007825,-0.8060172037285209,0.0551323505741897,-0.41919128298797004,1.8223011924504462,0.13001933490031317,0.06189283572948768,2.8871212229207353,-0.007561113484327012,-2.464957531331274,0.5561116924686836,0.16058394160583936,-1.5765392143470685,0.6737005245153445,0.3763622784219018,-0.11860365853658536,0.16121192910161924,0.09871668311944719,-2.2627011060370315,-0.007006087715328783,0.07584387326177212,Oil & Gas Midstream,Energy,OSG
2010Q2,2010,Q2,2010-08-06,2010-06-30,-37857000.0,283903000.0,-17221000.0,-6.85,164000000.0,0.5776620888120239,4261076000.0,1911178000.0,693746000.0,252984000.0,2349898000.0,58937000.0,2380272000.0,102361262.20957477,1605697262.2095747,345.847779261453,2.7422524744647885,0.4355287256082736,0.9710351416770181,-0.004440636449855375,345.847779261453,-0.01980820206176505,0.36055012525255026,-0.6759731503392687,0.05355925100099247,-0.3505560398341126,2.034426591105757,0.12964865529724431,0.06662706790491416,2.509285172184802,-0.008884375683512804,-2.5831843287128344,0.5776620888120239,-2.7228260869565215,-1.433984046271339,0.6253350062626569,0.4816661519962007,-0.01077889098662742,-3.0475783171175026,-4.920100159344411,-1.5470279286733173,0.08018833925973398,0.12726483877767394,Oil & Gas Midstream,Energy,OSG
2010Q1,2010,Q1,2010-05-07,2010-03-31,-9353000.0,269754000.0,4393000.0,-1.84,165787000.0,0.6145858819517042,4207899000.0,1999510000.0,669906000.0,173085000.0,2208389000.0,56442000.0,2444787000.0,94273097.86773379,1488114097.8677337,392.8758090312845,3.870387381922177,0.4121382190969888,0.867330495971513,0.0010637433846704821,392.8758090312845,-0.004677646023275702,0.3494780350531736,-2.519862553932797,0.047148100218420405,-1.2625895434619907,1.842014811665072,0.12526373129870155,0.06410657670253017,3.544293266314239,-0.0022227244522741636,-0.7383949454288204,0.6145858819517042,0.6085106382978723,-1.080563237683217,0.3913922772987102,0.7843285918418694,1.6235313144077868,0.5961920386840515,1.124652403382328,-1.1554718115569778,0.3788749156294206,0.26532966846756056,Oil & Gas Midstream,Energy,OSG
2009Q4,2009,Q4,2010-03-01,2009-12-31,-23162000.0,242582000.0,-35242000.0,-4.7,-265884000.0,-1.0960582401002548,4208441000.0,1867855000.0,817366000.0,183093000.0,2340586000.0,8110000.0,2465949000.0,91228748.5743452,1463029748.574345,379.25466206761,4.464212176325693,0.4387589133363162,0.9885622813334012,-0.004010675631197541,379.25466206761,-0.01240032015333096,0.37607385780620656,-0.9846812513421249,0.048841451062499604,-0.8492358172869355,62.696177558569666,0.21561185818492615,0.057641772808505576,4.2117448509773725,-0.005503700776605874,-0.4268311159816839,-1.0960582401002548,-0.1809045226130654,-1.1597320746617898,0.362221962787443,0.9066104893852162,-2.890730666666667,-0.18028944150020385,-1.1755663929872215,-1.3008781978736446,0.3736675625823669,0.24472948750019,Oil & Gas Midstream,Energy,OSG
2009Q3,2009,Q3,2009-11-06,2009-09-30,-19624000.0,243576000.0,-16199000.0,-3.98,140625000.0,0.5773352054389596,4087093000.0,1851049000.0,925505000.0,192040000.0,2141978000.0,82890000.0,2489146000.0,91230693.52588704,1133813693.525887,375.83431079476804,4.819334513642991,0.3977773444352747,0.8782873927162382,-0.004296684718783037,375.83431079476804,-0.010601556198674374,0.3745471373447591,-1.1622336619176397,0.04928594193124387,-0.6030880554423156,1.2420195439739414,0.12972607729482813,0.05959639283960507,4.387705686315351,-0.00480145668327097,-0.5360835205422908,0.5773352054389596,-1.223463687150838,-1.4196957397428542,1.0758475464643389,1.2330613410703326,-0.2119067233813615,-1.2315214919263133,-21.274092615769714,-1.317976481761121,0.3483782497996717,0.2861961601499455,Oil & Gas Midstream,Energy,OSG
2009Q2,2009,Q2,2009-08-10,2009-06-30,-8794000.0,282656000.0,799000.0,-1.79,178437000.0,0.6312867938412771,3938739000.0,1894561000.0,901328000.0,217946000.0,1945180000.0,110079000.0,2520653000.0,91218986.76993993,889165986.7699399,384.71829151183834,4.13555651399888,0.34765162149611845,0.7227579370629924,0.00017708027008798622,384.71829151183834,-0.00464170855411887,0.32272085775621223,-2.5932165900028403,0.04814782251399661,-1.3338639981805778,0.9467655047738442,0.12859164977992799,0.07176306934782935,3.6304818624796966,-0.0022326942709329054,-3.0359777264840555,0.6312867938412771,-1.0724403075677862,-1.2836386732787137,1.6354995688949538,1.4193133071984816,-0.18618163906612728,-1.0722299794661192,-0.9937842778793419,-1.2149001260447336,0.8029394244260529,0.3546475519787509,Oil & Gas Midstream,Energy,OSG
2009Q1,2009,Q1,2009-05-06,2009-03-31,121750000.0,324804000.0,128545000.0,24.71,219259000.0,0.6750501841110331,4008867000.0,1868933000.0,1024631000.0,250649000.0,2039283000.0,181336000.0,2552884000.0,91235157.65275928,911256157.6527593,379.4468850740263,4.087911781016481,0.3512433812346481,0.7534181268135348,0.03964130728905188,379.4468850740263,0.06514412234146436,0.28089296207177034,0.18734118614529627,0.04881670859937691,0.09669815195071868,0.5820410729253982,0.12904016722158795,0.0810213958208142,3.36444589844763,0.03037017691033402,7.419302077966925,0.6750501841110331,2.698281786941581,1.2817038639391631,1.3889296374767568,1.4172458114397304,0.5258000988162922,2.530580174743856,2.0853357875006333,0.3950798873407609,0.6415833114526153,0.36671079666876283,Oil & Gas Midstream,Energy,OSG
2008Q4,2008,Q4,2009-03-02,2008-12-31,-79545000.0,393125000.0,-118438000.0,-14.55,143701000.0,0.36553513513513514,3890061000.0,1722867000.0,678289000.0,194938000.0,2065428000.0,6627000.0,2442907000.0,100684010.09327714,1180533010.0932772,316.9645805671915,3.479511434404785,0.36592176832188494,0.8262146758861827,-0.02679595726280734,316.9645805671915,-0.04617013385246801,0.25611194936286713,-0.31643726850611964,0.0584398041713476,-0.15542145955119743,37.63754338312962,0.12279010329988338,0.1010588265839533,3.220931783438837,-0.020448265464217658,-1.2375884714311,0.36553513513513514,-1.3987393806522337,-5.395058155199071,4.236906165530301,1.2003589073756844,-0.4014154322941833,-1.4020673271330368,-1.603373528347929,-1.9308858061638217,1.1376488181318638,0.2217864509634733,Oil & Gas Midstream,Energy,OSG
2008Q3,2008,Q3,2008-11-03,2008-09-30,197840000.0,472672000.0,196293000.0,36.49,240068000.0,0.5078955385552772,4164126000.0,1960925000.0,740337000.0,226566000.0,2078066000.0,64256000.0,2522373000.0,99681507.97521661,1207407507.9752166,364.3895136542586,3.267643865363735,0.3483088648134086,0.7396519499725894,0.05785473194597339,364.3895136542586,0.100891161059194,0.21088938624504225,0.12596227756674158,0.05083392173347609,0.06625556004852406,3.619957669322709,0.13149881323283136,0.11351049415891834,2.9840355569679473,0.047510570045190756,-9.478131403938063,0.5078955385552772,1.377198697068404,15.785635174460023,5.248896853854515,1.656924211857949,0.17128624470021125,1.275723241502272,0.3010651483717878,2.6892038979022055,2.125882920225635,0.49274510136949573,Oil & Gas Midstream,Energy,OSG
2008Q2,2008,Q2,2008-08-01,2008-06-30,86935000.0,428224000.0,150871000.0,15.35,204961000.0,0.47863034299805707,3990141000.0,1895364000.0,621927000.0,224047000.0,1964498000.0,66504000.0,2336798000.0,103968347.88358176,1142373347.8835816,337.68437901257244,2.7758773828705583,0.3152592853235011,0.66368729172866,0.04827320310555382,337.68437901257244,0.04586717907483734,0.2427896331909976,0.29898299845741577,0.05485402692231242,0.11074941047909358,3.3571364128473475,0.09260510718878523,0.10732051824735016,2.479046807143144,0.021787450618912966,-0.9175809780823935,0.47863034299805707,-0.21763506625891954,1.3436503328242255,3.015189442991364,1.4937195572586244,-0.03454172044428952,-0.2267977053408636,0.17179538958618118,-0.01880185673232029,1.4136728260730549,0.4466928644423725,Oil & Gas Midstream,Energy,OSG
2008Q1,2008,Q1,2008-05-01,2008-03-31,112435000.0,410676000.0,128752000.0,19.62,212294000.0,0.5169379267354314,4212405000.0,1873099000.0,901518000.0,186440000.0,2207378000.0,57506000.0,2272776000.0,105639616.95846972,1113313616.9584699,328.4380012666902,4.835432310662948,0.376582973384563,0.8468959729304217,0.03697654588998076,328.4380012666902,0.06002619188841594,0.2572334807937881,0.2348904188163599,0.05639830941048482,0.08677902788277672,3.4497617639898444,0.09236118305725954,0.09749205026582201,4.5269899163269685,0.026691403129566128,-2.2369900253784034,0.5169379267354314,4.8742514970059885,1.8154251643486785,2.5850691319792025,1.5137502487230206,0.8902838622359939,4.344630888434663,3.2077192065100166,-0.1357319430715462,0.8903489450827989,0.49167065733203563,Oil & Gas Midstream,Energy,OSG
2007Q4,2007,Q4,2008-02-29,2007-12-31,21037000.0,276843000.0,30599000.0,3.34,112308000.0,0.4056739740574983,4158917000.0,1818025000.0,804753000.0,213301000.0,2208422000.0,9195000.0,2170098000.0,115923168.50735666,1179301168.5073566,290.50197827848467,3.772851510307031,0.3764917645627455,0.8612631839496157,0.01087601312237639,290.50197827848467,0.011571348028767482,0.41873252532069316,1.3776105018224636,0.06376324225869097,0.46422969054522983,17.893964110929854,0.08424545434487701,0.06656612767218004,3.5979812565341933,0.005058288011037489,-0.8197780076612119,0.4056739740574983,-0.26106194690265483,1.7791795364404452,2.3173100657907573,1.3360804815735032,-0.01879275548449663,-0.20999662022606932,-0.12288597144986528,-0.8858275405498363,0.22344465202808425,0.460427977215414,Oil & Gas Midstream,Energy,OSG
2007Q3,2007,Q3,2007-10-30,2007-09-30,26629000.0,277181000.0,34886000.0,4.52,114459000.0,0.41293955934930604,4169014000.0,1827696000.0,808124000.0,210127000.0,2341318000.0,35397000.0,2149073000.0,108407597.89943571,1256026597.8994358,312.2940618035009,3.845883679869793,0.40515599132072955,0.9241695555497195,0.011800972374927922,312.2940618035009,0.014569709623482242,0.3911076080230453,1.0177588146328789,0.059313801583762135,0.37962371850238463,4.597056247704607,0.09324992155418489,0.06648598445579698,3.677428412341108,0.006387361615960032,-0.47047824797949706,0.41293955934930604,-0.6366559485530546,1.969970378796922,3.3429726814918177,1.5936563608898813,-0.1671287301621952,-0.6628899129025724,-0.5026871373790075,-0.5207268072951827,0.9879509887891189,0.8555298875840025,Oil & Gas Midstream,Energy,OSG
2007Q2,2007,Q2,2007-08-01,2007-06-30,78992000.0,299997000.0,70149000.0,12.44,137427000.0,0.45809458094580946,4214548000.0,1935181000.0,1014145000.0,229618000.0,2279367000.0,40775000.0,2132059000.0,116837443.91880935,966071443.9188094,306.80259630599835,4.416661585764182,0.3775849747114044,0.8223261803417872,0.018085901007394562,306.80259630599835,0.040818920814125394,0.38946204101644133,0.369776192268867,0.06037546044468675,0.10520052663560867,3.9870018393623545,0.07112445908842922,0.07118129868256334,4.239084043933838,0.018742697912089268,-2.7764892449991527,0.45809458094580946,0.05513146734520784,19.87229355937638,3.594330943852465,1.3382779124483564,-0.07738630718208306,-0.06686197609034636,-0.13196970821887297,0.9891397242198382,1.1838602788352393,0.9293379605354827,Oil & Gas Midstream,Energy,OSG
2007Q1,2007,Q1,2007-05-01,2007-03-31,84652000.0,275284000.0,80814000.0,11.79,148954000.0,0.5410921085133898,4038447000.0,2223606000.0,824864000.0,195729000.0,1814841000.0,35831000.0,2071625000.0,132655642.19191906,699583642.1919191,310.492845320774,4.214316733851397,0.28696922356539534,0.5211849581265746,0.022163615508349017,310.492845320774,0.03806969400154524,0.48188649609828055,0.39176759613452444,0.05965789001824921,0.11639417851911354,3.5257179537272196,0.07427501640484473,0.06816580730166819,4.031252394892939,0.02096152308053071,6.442408925837456,0.5410921085133898,-0.24423076923076928,107.35359219405626,2.5669925480882037,1.574122153646951,0.071025913888809,-0.25242195434273856,-0.22050639016156257,0.09109868330174253,0.3925136468547768,0.9779778392098876,Oil & Gas Midstream,Energy,OSG
