Quarters,Year,Quarter,FillingDate,Date,NetIncome,Revenue,OperatingIncome,EPSDiluted,GrossProfit,GrossProfitRatio,TotalAssets,CommonStockEquity,CurrentAssets,CurrentLiability,TotalLiability,Inventory,RetainedEarnings,MarketCap,EnterpriseValue,bookValuePerShare,currentRatio,debtToAssets,debtToEquity,roic,shareholdersEquityPerShare,roe,priceToSalesRatio,peRatio,pbRatio,payoutRatio,inventoryTurnover,dividendYield,assetTurnover,quickRatio,returnOnAssets,priceToFreeCashFlowsRatio,grossProfitMargin,epsdilutedGrowth,fiveYNetIncomeGrowthPerShare,fiveYRevenueGrowthPerShare,fiveYShareholdersEquityGrowthPerShare,grossProfitGrowth,netIncomeGrowth,operatingIncomeGrowth,threeYNetIncomeGrowthPerShare,threeYRevenueGrowthPerShare,threeYShareholdersEquityGrowthPerShare,Industry,Sector,Symbol
2023Q1,2023,Q1,2023-05-09,2023-03-31,9156000.0,32372000.0,19121000.0,0.87,32372000.0,1.0,3011548000.0,240161000.0,122103000.0,47404000.0,2771387000.0,0.0,97519000.0,206246100.0,302291100.0,23.125758305247953,2.575795291536579,0.06454089391900776,0.8093237453208473,0.03537937535655802,23.125758305247953,0.038124424864986406,6.371126281972074,5.631446592398428,0.8587826499723102,0.23219746614242026,0.0,0.010308073704181558,0.01074928906994011,13.27875284786094,0.0030402968838617217,39.923751451800236,1.0,-0.043956043956043994,0.9592361857719189,0.4586514393749447,0.3067906020819185,95.63283582089552,-0.04882609599002701,0.10372893096282614,0.9064859271633279,0.3618204527332154,0.20356738978587782,Banks—Regional,Financial Services,ORRF
2022Q4,2022,Q4,2023-03-16,2022-12-31,9626000.0,335000.0,17324000.0,0.91,335000.0,1.0,2922408000.0,228896000.0,585578000.0,61850000.0,2693512000.0,0.0,92473000.0,240447120.0,317789120.0,22.047389712964748,9.467712206952305,0.047277792833854825,0.6036147420662659,0.038212940835134414,22.047389712964748,0.04205403327275269,717.7525970149254,6.244730937045502,1.0504644904235985,0.20984832744649906,0.0,0.008401015574651092,0.00011463149567069349,9.467712206952305,0.0032938590367943147,-145.19753623188404,1.0,2.9361702127659575,1288.8702468053682,-0.983485368311812,0.2712356010245262,-0.9893694665693523,2.9937862468931233,1.022650321074139,1.401387361778639,-0.9856371101906835,0.08296868336418717,Banks—Regional,Financial Services,ORRF
2022Q3,2022,Q3,2022-11-09,2022-09-30,-4828000.0,31513000.0,8565000.0,-0.47,31513000.0,1.0,2852092000.0,217378000.0,579735000.0,61219000.0,2634714000.0,0.0,84867000.0,248026480.00000003,214676480.00000003,20.96422027196451,9.46985413025368,0.01177276188846643,0.15446365317557434,0.02575055925838216,20.96422027196451,-0.02221015926174682,7.870608320375719,-12.843127589063794,1.1409916366881654,-0.420049710024855,0.0,0.008176546310700373,0.011049082568164,9.46985413025368,-0.0016927925186144064,20.440619746167794,1.0,-1.5662650602409638,-2.369466758514214,0.5362079285038185,0.1846422283368696,98.09748427672956,-1.5442452936534776,-0.3338777414839011,-1.7390772384814015,0.25948882127229217,0.02751047238191158,Banks—Regional,Financial Services,ORRF
2022Q2,2022,Q2,2022-08-04,2022-06-30,8871000.0,318000.0,12858000.0,0.83,318000.0,1.0,2824201000.0,237527000.0,126831000.0,50099000.0,2586674000.0,0.0,91723000.0,256443700.00000003,178209700.00000003,22.387087653157398,2.531607417313719,0.011922664144655426,0.14176072614902727,0.03915005181016774,22.387087653157398,0.03734733314528454,806.4267295597485,7.227023447187466,1.0796402093235717,0.23571187013865405,0.0,0.008153836495105943,0.00011259821804467884,12.63556158805565,0.0031410653845105217,13.928074082120357,1.0,0.09210526315789468,1.0392635453480379,-0.9850238027308832,0.2607971535033906,0.04262295081967213,0.06010994263862333,0.027160888320818023,2.2157614985336247,-0.9881200384854342,0.05227651075479485,Banks—Regional,Financial Services,ORRF
2022Q1,2022,Q1,2022-05-05,2022-03-31,8368000.0,305000.0,12518000.0,0.76,305000.0,1.0,2900537000.0,254804000.0,752610000.0,41351000.0,2645733000.0,0.0,84943000.0,249019800.0,68547800.0,23.462615101289135,18.20052719402191,0.011641292629606174,0.13251754289571593,0.0349608984788582,23.462615101289135,0.03284092871383495,816.4583606557377,7.439645076481836,0.9772994144518924,0.25394359464627153,0.0,0.008533457982056045,0.00010515294236894754,18.20052719402191,0.002884983022109354,38.86683315124083,1.0,0.2666666666666667,2.082136279926335,-0.9843752678819776,0.3667708481994005,-0.9897962597437355,0.24783775723232926,0.27448584809611076,1.2662765741344324,-0.9869800961563655,0.19476158719211334,Banks—Regional,Financial Services,ORRF
2021Q4,2021,Q4,2022-03-11,2021-12-31,6706000.0,29891000.0,9822000.0,0.6,29891000.0,1.0,2834565000.0,271656000.0,689382000.0,40820000.0,2562909000.0,0.0,78700000.0,275662800.0,100811800.0,24.833714233476552,16.888339049485545,0.011945042713785008,0.12463924963924963,0.0253606817923842,24.833714233476552,0.02468563182848897,9.222267572178916,10.276722338204593,1.0147495361781076,0.3173277661795407,0.0,0.0077195762358939985,0.010545180653821663,16.888339049485545,0.002365795104363456,26.015741789354472,1.0,-0.07692307692307698,1.5543162544347207,0.5153400832540957,0.4793042812445362,0.06841333952889873,-0.06757508342602891,0.0,3.7156607274811844,0.24010552216613154,0.26887560245797143,Banks—Regional,Financial Services,ORRF
2021Q3,2021,Q3,2021-11-05,2021-09-30,7192000.0,27977000.0,0.0,0.65,27977000.0,1.0,2870182000.0,268569000.0,2367675000.0,0.0,2601613000.0,0.0,74122000.0,256908599.99999997,-20555400.00000003,24.462063940249568,0.0,0.011828866601490776,0.12641444098164717,0.0,24.462063940249568,0.02677896555447576,9.182850198377237,8.930360122358175,0.956583224422774,0.2950500556173526,0.0,0.008259746851604034,0.009747465491735368,0.0,0.0025057644428123373,25.575769039323042,1.0,-0.17721518987341772,2.639270880898712,0.49608947270032255,0.40182631363379695,-0.009523472350067267,-0.1804922515952598,0.0,0.3101375352946534,0.13650790153799228,0.34984437414953956,Banks—Regional,Financial Services,ORRF
2021Q2,2021,Q2,2021-08-05,2021-06-30,8776000.0,28246000.0,0.0,0.79,28246000.0,1.0,2912717000.0,265938000.0,2404262000.0,0.0,2646779000.0,0.0,69052000.0,253193250.0,6200250.0,24.23125284738041,0.0,0.03081967798450725,0.3375561221036482,0.0,24.23125284738041,0.03300017297264776,8.963862139772003,7.212660950319052,0.9520762358143627,0.23085688240656335,0.0,0.008001793096774894,0.009697474900582514,0.0,0.0030129943966406623,90.36161670235546,1.0,-0.14130434782608695,8.595629961900539,0.5802102406368435,0.3978087327621833,-0.031012006861063465,-0.1401979033996277,0.0,0.5992710706150342,0.16884239449672322,0.3396416685433792,Banks—Regional,Financial Services,ORRF
2021Q1,2021,Q1,2021-05-07,2021-03-31,10207000.0,29150000.0,0.0,0.92,29150000.0,1.0,2963534000.0,254448000.0,2497277000.0,0.0,2709086000.0,0.0,62302000.0,244742500.0,8357500.0,23.184328018223233,0.0,0.030321906210625558,0.3531566371124945,0.0,23.184328018223233,0.04011428661258882,8.395969125214409,5.994476829626727,0.9618566465446772,0.196335847947487,0.0,0.008188197799728287,0.009836229312705709,0.0,0.0034441987168023045,14.853583783455726,1.0,0.010989010989010999,1.9093852130458586,0.5145450162111984,0.35352457149218214,-0.04834971107701348,0.014713192166219306,0.0,1.0667174007886262,0.24286089646087894,0.3101002600603712,Banks—Regional,Financial Services,ORRF
2020Q4,2020,Q4,2021-03-15,2020-12-31,10059000.0,30631000.0,0.0,0.91,30631000.0,1.0,2750572000.0,246249000.0,2224776000.0,0.0,2504323000.0,0.0,54099000.0,181272150.0,145962150.0,22.482333607230895,0.0,0.03270156171152764,0.3652725493301496,0.0,22.482333607230895,0.040848896848312076,5.9179311808298785,4.5052229346853565,0.7361335477504477,0.18868674818570436,0.0,0.010470444577393713,0.011136229118888726,0.0,0.0036570575138553,13.483498214817018,1.0,1.0222222222222221,4.156890003003611,0.8014610869830727,0.3747544616370308,0.11787890952884932,1.021097046413502,0.0,1276.6235628138409,0.43130832591544926,0.2963141327708144,Banks—Regional,Financial Services,ORRF
2020Q3,2020,Q3,2020-11-05,2020-09-30,4977000.0,27401000.0,0.0,0.45,27401000.0,1.0,2781667000.0,232847000.0,2243376000.0,0.0,2548820000.0,0.0,45938000.0,140044800.0,267999800.0,21.282058312768484,0.0,0.0773859703551863,0.9244783054967425,0.0,21.282058312768484,0.021374550670612034,5.110937557023466,7.034599156118143,0.6014455844395676,0.38195700221016676,0.0,0.0135742276757152,0.009850568022700058,0.0,0.0017892148844559756,15.508837209302326,1.0,-0.22413793103448268,0.5077258819152678,0.5313587562333448,0.28848434730343303,-0.012291831879460745,-0.21732976883157729,0.0,0.3379248824082135,0.265920759759242,0.2026025607519879,Banks—Regional,Financial Services,ORRF
2020Q2,2020,Q2,2020-08-07,2020-06-30,6359000.0,27742000.0,0.0,0.58,27742000.0,1.0,2772796000.0,225638000.0,2227000000.0,0.0,2547158000.0,0.0,42862000.0,161011000.0,343400000.0,20.670392085012825,0.0,0.0846362300003318,1.0400686054653914,0.0,20.670392085012825,0.028182309717334847,5.803871386345613,6.330044032080515,0.7135810457458407,0.2995754049378833,0.0,0.011831489773990598,0.010005063481049454,0.0,0.0022933529909881577,78.69550342130988,1.0,0.2608695652173912,2.1564288027591405,0.5591032607209462,0.29143218326473513,0.10591987243372533,0.2547355958958169,0.0,0.4208278405161012,0.26988401476014034,0.16411620423112996,Banks—Regional,Financial Services,ORRF
2020Q1,2020,Q1,2020-05-07,2020-03-31,5068000.0,25085000.0,0.0,0.46,25085000.0,1.0,2387553000.0,210570000.0,1843997000.0,224792000.0,2176983000.0,0.0,38408000.0,150905430.0,515860430.0,19.214344374486725,8.203125556069612,0.17678853621259927,2.00452106187966,0.0,19.214344374486725,0.02406800588877808,6.015763603747259,7.444032655880031,0.7166520871919076,0.3760852407261247,0.0,0.012630426883910008,0.0105065730478025,2.417492615395566,0.0021226753919180016,34.706860625574976,1.0,0.21052631578947373,0.5278538002475662,0.38151027117519926,0.18532222869291043,0.018225361259944797,0.19697685403873405,0.0,0.8498038142166255,0.2734612797509706,0.11929576668841473,Banks—Regional,Financial Services,ORRF
2019Q4,2019,Q4,2020-03-16,2019-12-31,4234000.0,24636000.0,0.0,0.38,24636000.0,1.0,2383274000.0,223249000.0,1828259000.0,189589000.0,2160025000.0,0.0,35246000.0,248050920.0,441371920.0,20.358289257705636,9.64327571747306,0.10480666511697774,1.1188538358514484,0.0,20.358289257705636,0.018965370505578973,10.068636142230881,14.6463698630137,1.111095324055203,0.3963155408597071,0.0,0.00676474007836778,0.010337040558492225,2.9162451408045826,0.0017765477238454329,41.68923025210084,1.0,-0.3870967741935484,-0.8358862380971092,0.4168785621068162,0.2996495749795038,-0.06794794188861986,-0.3864657296044052,0.0,0.608760344213688,0.2458600011245584,0.21271043769768574,Banks—Regional,Financial Services,ORRF
2019Q3,2019,Q3,2019-11-08,2019-09-30,6901000.0,26432000.0,0.0,0.62,26432000.0,1.0,2313677000.0,223493000.0,1761947000.0,71731000.0,2090184000.0,0.0,32690000.0,239891899.2,320572899.2,20.40292613599017,24.563257169145835,0.05688088700367424,0.5888506575150004,0.0,20.40292613599017,0.030877924588242137,9.075813377723971,8.690475988987103,1.0733754488954912,0.24242863353137226,0.0,0.006973974550950573,0.011424239424949982,7.508455200680319,0.0029826981034949997,-59.276476204595994,1.0,1.3846153846153846,-0.011577437002249695,0.5140379429401316,0.5557854655706462,0.013769033099374833,1.5682917752139933,0.0,2.5000000326039706,0.41669958605474033,0.16921281877190417,Banks—Regional,Financial Services,ORRF
2019Q2,2019,Q2,2019-08-08,2019-06-30,2687000.0,26073000.0,0.0,0.26,26073000.0,1.0,2399508000.0,219868000.0,1833309000.0,49017000.0,2179640000.0,0.0,27462000.0,224364491.65,240681491.65,21.274909612017478,37.401493359446725,0.05186688271095575,0.56604417195772,0.0,21.274909612017478,0.012220968945003366,8.605242651401834,20.874999223111278,1.0204508689304492,0.5158168961667287,0.0,0.006177448088185481,0.010865977525392706,12.477834220780545,0.0011198128949768036,49.46307135141094,1.0,-0.21212121212121213,-0.2661056740446888,0.5254534148217955,0.6840038290688647,0.32484756097560974,-0.1337846550612508,0.0,2.120001266557151,0.5490275732202483,0.2272685457788487,Banks—Regional,Financial Services,ORRF
2019Q1,2019,Q1,2019-05-07,2019-03-31,3102000.0,19680000.0,0.0,0.33,19680000.0,1.0,1973283000.0,179167000.0,1428661000.0,38254000.0,1794116000.0,0.0,26161000.0,170518757.01000002,238046757.01000002,19.637905463993153,37.34670884090553,0.07335237773801324,0.8078775667394107,0.0,19.637905463993153,0.017313456161011792,8.66457098628049,13.742646438588007,0.9517308266031134,0.45551257253384914,0.0,0.008286478419011319,0.009973227357657264,14.999163486171382,0.0015719995560697579,-655.8413731153847,1.0,1.7500000000000002,0.3936906594624717,0.36914380426498006,0.6542423794004956,0.007886920004097102,1.6927083333333333,0.0,0.06362020304225055,0.23001495927018065,0.14648082779292662,Banks—Regional,Financial Services,ORRF
2018Q4,2018,Q4,2019-03-15,2018-12-31,1152000.0,19526000.0,0.0,0.12,19526000.0,1.0,1934388000.0,173433000.0,1413841000.0,86890000.0,1760955000.0,0.0,24472000.0,161368606.98000002,268926606.98,19.57143331101215,16.271619288755897,0.09273113770350105,1.0342783668621311,0.0,19.57143331101215,0.006642334503814153,8.264294119635359,35.019228945312506,0.9304377308816663,1.0494791666666667,0.0,0.007492163578940997,0.010094148640293468,6.256082403038325,0.0005955371931587665,28.591177707299792,1.0,-0.7551020408163265,-0.6399594516954453,0.5435706699474538,0.7350896787529146,0.08423565994780388,-0.7131474103585658,0.0,-0.270022418847139,0.41938750778349976,0.19675811839621163,Banks—Regional,Financial Services,ORRF
2018Q3,2018,Q3,2018-11-06,2018-09-30,4016000.0,18009000.0,0.0,0.49,18009000.0,1.0,1720755000.0,145557000.0,0.0,62485000.0,1575198000.0,0.0,24529000.0,197105280.0,284984280.0,18.122136454183266,0.0,0.07490665434649325,0.8855362504036219,0.0,18.122136454183266,0.027590565895147606,10.944820922871898,12.27,1.3541449741338445,0.2666832669322709,0.0,0.005433644395523042,0.010465754857606108,8.574313835320478,0.0023338592652643753,-234.37013079667062,1.0,0.020833333333333353,0.9182484589853009,0.4671793673264886,0.6357942285444447,0.019300430156214625,0.0009970089730807576,0.0,0.6572261275904102,0.37098735682270917,0.09717250172662323,Banks—Regional,Financial Services,ORRF
2018Q2,2018,Q2,2018-08-07,2018-06-30,4012000.0,17668000.0,0.0,0.48,17668000.0,1.0,1644118000.0,145137000.0,0.0,89480000.0,1498981000.0,0.0,21584000.0,208624000.0,333515000.0,18.08786141575274,0.0,0.08969733315978537,1.0160951376974858,0.0,18.08786141575274,0.027642847792086096,11.808014489472493,13.0,1.437428085188477,0.27293120638085744,0.0,0.00524867704578572,0.010746187317455316,5.3371591417076445,0.0024402141452134216,25.507274727961853,1.0,0.09090909090909087,0.18705883215962446,0.4408015775157343,0.666766435467923,0.02631426081905315,0.10675862068965518,0.0,1.7091977363515314,0.3508188426579151,0.1300824030170317,Banks—Regional,Financial Services,ORRF
2018Q1,2018,Q1,2018-05-08,2018-03-31,3625000.0,17215000.0,0.0,0.44,17215000.0,1.0,1635906000.0,142556000.0,0.0,110111000.0,1493350000.0,0.0,18667000.0,194541677.39999998,341825677.4,17.69660592018726,0.0,0.10847567036247804,1.244816072280367,0.0,17.69660592018726,0.025428603496169926,11.30070737147836,13.41666740689655,1.364668462919835,0.27586206896551724,0.0,0.005140286715755438,0.01052322077185364,4.448910644713062,0.002215897490442605,41.268917564700885,1.0,610.9610570236439,1.3320354482590524,0.3778307081008198,0.6102180546219168,0.05555214912011772,603.1666666666666,0.0,0.48671803332754876,0.2898002169411998,0.09169378672473465,Banks—Regional,Financial Services,ORRF
2017Q4,2017,Q4,2018-03-09,2017-12-31,6000.0,16309000.0,0.0,0.000719,16309000.0,1.0,1558849000.0,144765000.0,0.0,110754000.0,1414084000.0,0.0,16042000.0,210762734.75,358346734.75,17.34327586105684,0.0,0.11379614061400431,1.2253721548716885,0.0,17.34327586105684,4.144648222982074e-05,12.923093675271323,8781.780614583335,1.4558956567540495,166.5,0.0,0.004739927108959664,0.01046220640998583,4.064530400707875,3.848993712668771e-06,31.31689966567608,1.0,-0.997885294117647,-0.9943614537983417,0.15777804061765738,0.5978897551135306,0.010408277058422651,-0.9978370583994232,0.0,-0.9996944648388444,0.23226912019349796,0.10717461650385599,Banks—Regional,Financial Services,ORRF
2017Q3,2017,Q3,2017-11-07,2017-09-30,2774000.0,16141000.0,0.0,0.34,16141000.0,1.0,1533586000.0,144384000.0,0.0,108572000.0,1389202000.0,0.0,17264000.0,203154717.6,336154717.6,17.696668049218857,0.0,0.10137938139758709,1.076809064716312,0.0,17.696668049218857,0.019212655141843973,12.586253491109597,18.30882458543619,1.40704453125,0.300648882480173,0.0,0.004105245548085662,0.01052500479268851,4.127961168625428,0.0018088323706658771,222.75736578947368,1.0,-0.15,1.1284278269873875,0.14716468444036057,0.6345438676590389,-0.0003715860531368056,-0.16142684401451027,0.0,-0.46656564405721285,0.2413123436828118,0.3494250166125487,Banks—Regional,Financial Services,ORRF
2017Q2,2017,Q2,2017-08-08,2017-06-30,3308000.0,16147000.0,0.0,0.4,16147000.0,1.0,1474930000.0,143263000.0,0.0,111740000.0,1331667000.0,0.0,15324000.0,184360495.05,260901495.05,17.75629615830759,0.0,0.07766673672648872,0.7995993382799467,0.0,17.75629615830759,0.0230904001731082,11.417631451662848,13.932927376813785,1.28686747485394,0.25151148730350664,0.0,0.004512897406650785,0.01094763819299899,3.9769375335600503,0.0022428183032415097,66.07903048387097,1.0,0.6666666666666669,1.3335147226205692,-0.026156569872610096,0.3304640982187264,0.12178685563429206,0.6523476523476524,0.0,0.15729481007154145,0.2100753972917317,0.405489906466174,Banks—Regional,Financial Services,ORRF
2017Q1,2017,Q1,2017-05-09,2017-03-31,2002000.0,14394000.0,0.0,0.24,14394000.0,1.0,1453946000.0,137469000.0,0.0,128524000.0,1316477000.0,0.0,12848000.0,178978800.0,267918800.0,17.166458541458542,0.0,0.08080836564769256,0.8546726898428009,0.0,17.166458541458542,0.0145632833584299,12.434264276781992,22.35,1.3019575322436332,0.4110889110889111,0.0,0.004598309967437484,0.00989995501896219,3.549967321278516,0.0013769424724164446,54.81739663093415,1.0,0.0,1.2450449622779265,-0.15011197645392887,0.15980582255027423,-0.006350959547148972,0.038381742738589214,0.0,0.024772497472194118,0.14089128344647364,0.4460545843633989,Banks—Regional,Financial Services,ORRF
2016Q4,2016,Q4,2017-03-13,2016-12-31,1928000.0,14486000.0,0.0,0.24,14486000.0,1.0,1414504000.0,134859000.0,0.0,103030000.0,1279645000.0,0.0,11669000.0,179946659.2,261700659.2,16.787428082465894,0.0,0.07919878628833853,0.8306972467540171,0.0,16.787428082465894,0.014296413290918663,12.422108187215242,23.333332365145225,1.3343318517859395,0.3848547717842324,0.0,0.004123444154499758,0.010241045624473314,4.223032126565078,0.0013630219497435144,41.95538801585451,1.0,0.3333333333333333,1.0655731768610321,-0.23422166232080865,0.05481964570759459,0.06163429827775742,0.33703190013869627,0.0,-0.33530976401498247,0.2632085251417037,0.488275934410194,Banks—Regional,Financial Services,ORRF
2016Q3,2016,Q3,2016-11-07,2016-09-30,1442000.0,13645000.0,0.0,0.18,13645000.0,1.0,1354154000.0,139795000.0,944500000.0,56780000.0,1214359000.0,0.0,10483000.0,158219442.25,187677442.25,17.450138938282095,16.63437830221909,0.049550494256930894,0.47998140133767303,0.0,17.450138938282095,0.010315104259809006,11.595415335287651,27.430555175104022,1.1317961461425659,0.5173370319001387,0.0,0.0047149704827125945,0.010076401945421275,7.330626981331455,0.0010648714991057147,138.54592140980736,1.0,1.2499999999999998,-0.6650796198332221,-0.37215579794616976,-0.11999700638200425,0.02973360501094257,1.126843657817109,0.0,-0.30943054518735186,0.11454627170822361,0.5751363882899866,Banks—Regional,Financial Services,ORRF
2016Q2,2016,Q2,2016-08-05,2016-06-30,678000.0,13251000.0,0.0,0.08,13251000.0,1.0,1311353000.0,141039000.0,955302000.0,58014000.0,1170314000.0,0.0,9787000.0,146854854.15,150929854.15,17.335170599125885,16.46674940531596,0.05164437035641814,0.4801792412027879,0.0,17.335170599125885,0.004807180992491438,11.08254880009056,54.15001996681416,1.0412357869100037,1.1002949852507375,0.0,0.005079845704235443,0.010104830659631693,6.756093356775951,0.0005170232576583117,-74.31925817307693,1.0,-0.75,1.0627541423505416,-0.2769341428304636,-0.0962304893522762,-0.06379821958456973,-0.7372093023255814,0.0,-0.8021569342577123,0.06572525765903586,0.5974072248568781,Banks—Regional,Financial Services,ORRF
2016Q1,2016,Q1,2016-05-06,2016-03-31,2580000.0,14154000.0,0.0,0.32,14154000.0,1.0,1287279000.0,138247000.0,929845000.0,76243000.0,1149032000.0,0.0,9855000.0,139789720.0,159980720.0,17.12885639945484,12.19580813976365,0.06766676066338377,0.6300751553379097,0.0,17.12885639945484,0.018662249452067677,9.876340257171117,13.54551550387597,1.011159157160734,0.25736434108527134,0.0,0.0047499916302858325,0.010995285404329598,5.221292446519681,0.0020042275217726693,-113.00704931285368,1.0,0.7777777777777779,-0.32959604298368833,-0.37150265157610335,-0.15488547676817604,0.12057635974982187,0.7805383022774327,0.0,0.6565899278518531,0.1306708554133307,0.5585584011884064,Banks—Regional,Financial Services,ORRF
2015Q4,2015,Q4,2016-03-11,2015-12-31,1449000.0,12631000.0,0.0,0.18,12631000.0,1.0,1292816000.0,133061000.0,874525000.0,73937000.0,1159755000.0,0.0,7939000.0,145154125.28,201309125.28,16.353708414562533,11.827975168048473,0.06535732849840967,0.6350095069178797,0.0,16.353708414562533,0.010889742298644983,11.491894963185812,25.043844941338854,1.0908840703136156,0.4561766735679779,0.0,0.004553780326428488,0.00977014517147065,5.765841189120468,0.0011208091484016286,39.735594108951545,1.0,-0.4,-0.6732929789212534,-0.30025548042251105,-0.1821245312534219,-0.05314842578710645,-0.411214953271028,0.0,0.396954265663456,-0.0801148239769337,0.5067178394146268,Banks—Regional,Financial Services,ORRF
2015Q3,2015,Q3,2015-11-06,2015-09-30,2461000.0,13340000.0,0.0,0.3,13340000.0,1.0,1274340000.0,134728000.0,855589000.0,67059000.0,1139612000.0,0.0,7151000.0,137524777.62,182658777.62,16.517125999479948,12.758749757676076,0.062311471035987255,0.5893800843180333,0.0,16.517125999479948,0.01826643310967282,10.30920371964018,13.970416255587159,1.0207586961878747,0.23648923201950425,0.0,0.004231964669000568,0.0104681639122997,6.442983044781461,0.0019311957562345998,49.11599200714286,1.0,0.6666666666666666,-0.5053950889826098,-0.2656586242897262,-0.19131442594958953,0.005578169757274235,0.6384820239680427,0.0,1.1139642075400142,-0.05167905104894534,0.5255960578970871,Banks—Regional,Financial Services,ORRF
2015Q2,2015,Q2,2015-08-05,2015-06-30,1502000.0,13266000.0,0.0,0.18,13266000.0,1.0,1232783000.0,130262000.0,831724000.0,115012000.0,1102521000.0,0.0,5272000.0,131679797.39999999,235816797.39999998,16.00578981449739,7.231628004034362,0.1037741435435109,0.9821052954814143,0.0,16.00578981449739,0.011530607544794338,9.926111668928087,21.91740968708389,1.010884198000952,0.3854860186418109,0.0,0.004397029851444775,0.010761017956931592,3.5091033979063053,0.001218381499420417,36.577721499999996,1.0,-0.4,-0.6236068903449639,-0.316494032272776,-0.19293427925354031,-0.01565630333160199,-0.38992688870836717,0.0,1.150127575412785,-0.20680801845920882,0.19930015370128049,Banks—Regional,Financial Services,ORRF
2015Q1,2015,Q1,2015-05-08,2015-03-31,2462000.0,13477000.0,0.0,0.3,13477000.0,1.0,1189420000.0,131854000.0,814905000.0,87076000.0,1057566000.0,0.0,4349000.0,139091400.0,206059400.0,16.210228669781166,9.358548853874776,0.08407963545257352,0.7584601149756549,0.0,16.210228669781166,0.018672167700638585,10.320649996289976,14.123822095857028,1.0548894989913087,0.0,0.0,0.0,0.011330732625985775,4.431921539804309,0.002069916429856569,219.38706624605678,1.0,-0.8728813559322035,-0.4225439392235256,-0.28080449071243047,-0.3069306503649247,0.04618848004968173,-0.8711938892958041,0.0,1.2966809427726849,-0.21658237894291515,0.09520071077433695,Banks—Regional,Financial Services,ORRF
2014Q4,2014,Q4,2015-03-12,2014-12-31,19114000.0,12882000.0,0.0,2.36,12882000.0,1.0,1190443000.0,127265000.0,789030000.0,76920000.0,1063178000.0,0.0,1887000.0,138115650.0,186518650.0,15.664444977813883,10.257800312012481,0.06704394918530329,0.627132361607669,0.0,15.664444977813883,0.15019054728322792,10.721599906846762,1.8064723501098672,1.0852602836600793,0.0,0.0,0.0,0.010821181694545644,5.339378575143006,0.0160562076470692,122.44295212765958,1.0,2.6874999999999996,4.072173146502984,-0.3316168349943366,-0.08205216649681109,-0.004866743916570104,2.692099671624493,0.0,1.642795127934245,-0.3266518203059414,-0.01574176696179938,Banks—Regional,Financial Services,ORRF
2014Q3,2014,Q3,2014-11-07,2014-09-30,5177000.0,12945000.0,0.0,0.64,12945000.0,1.0,1183392000.0,106518000.0,755071000.0,72654000.0,1076874000.0,0.0,-17227000.0,132475088.13,168003088.13,13.114228527971616,10.39269689211881,0.06022095805954409,0.6690418520813384,0.0,13.114228527971616,0.0486021141966616,10.233687765932793,6.397290328858412,1.2436873404495015,0.0,0.0,0.0,0.01093889429707147,6.076072893440141,0.004374712690300425,24.724727161254197,1.0,0.8285714285714287,0.05249709864438744,-0.265170272653587,-0.24063604570566263,-0.03481956456904265,0.8019491820396798,0.0,0.18595162169130422,-0.412520257299984,-0.3386551015769923,Banks—Regional,Financial Services,ORRF
2014Q2,2014,Q2,2014-08-08,2014-06-30,2873000.0,13412000.0,0.0,0.35,13412000.0,1.0,1167308000.0,102452000.0,750863000.0,67797000.0,1064856000.0,0.0,-22404000.0,134131659.27999999,163393659.27999997,12.633528050693924,11.075165567797985,0.05934509144116206,0.6761605434740171,0.0,12.633528050693924,0.028042400343575528,10.000869317029524,11.671742018795683,1.309214649592004,0.0,0.0,0.0,0.01148968395659072,6.385651282505125,0.002461218461622811,20.453134992375723,1.0,0.4583333333333333,-0.34437686941949985,-0.1968204675630422,-0.2412167131779604,0.04994520118991702,0.4524772497472194,0.0,1.2667863705861648,-0.26575997724546013,-0.34135072978712566,Banks—Regional,Financial Services,ORRF
2014Q1,2014,Q1,2014-05-09,2014-03-31,1978000.0,12774000.0,0.0,0.24,12774000.0,1.0,1198017000.0,96252000.0,739230000.0,73642000.0,1101765000.0,0.0,-25277000.0,133619840.0,177801840.0,11.871238283177108,10.038157573124032,0.06221864965188307,0.7744150770893072,0.0,11.871238283177108,0.02055022233304243,10.460297479254736,16.88825075834176,1.3882292316003824,0.0,0.0,0.0,0.01066261997951615,6.320523614241873,0.001651061712813758,39.82707600596125,1.0,-0.3333333333333333,-0.48498950123742696,-0.16095223859927504,-0.27870328179892856,0.10387141375734532,-0.3242227536727024,0.0,-0.4883691097154703,-0.43536892325342635,-0.41428921768659904,Banks—Regional,Financial Services,ORRF
2013Q4,2013,Q4,2014-03-14,2013-12-31,2927000.0,11572000.0,0.0,0.36,11572000.0,1.0,1177812000.0,91439000.0,743806000.0,60874000.0,1086373000.0,0.0,-27255000.0,132540473.85000001,161057473.85000002,11.279781990910696,12.21877977461642,0.05610148308898194,0.7226347619724626,0.0,11.279781990910696,0.03201041131245967,11.453549416695473,11.320505111889307,1.4494960995855162,0.0,0.0,0.0,0.009824997537807393,7.357870355159839,0.0024851164702006773,8.284297384211515,1.0,0.3846153846153845,-0.2530625318346242,-0.26084103996930974,-0.3030016566135863,-0.06413263243024667,0.3878615457562826,0.0,-0.337605716590052,-0.35655124247595016,-0.4358798170230138,Banks—Regional,Financial Services,ORRF
2013Q3,2013,Q3,2013-11-08,2013-09-30,2109000.0,12365000.0,0.0,0.26,12365000.0,1.0,1212478000.0,89638000.0,800907000.0,71476000.0,1122840000.0,0.0,-30182000.0,141190951.4,112565951.4,11.078493943769827,11.205257708881303,0.034434439222814764,0.46577344429817713,0.0,11.078493943769827,0.02352796804926482,11.418596959158917,16.73671780464675,1.5751238470291617,0.0,0.0,0.0,0.010198123182441248,6.4116346745760815,0.0017394130037823366,134.59575919923736,1.0,-0.38095238095238093,-0.4705327691546909,-0.19207262903592795,-0.2964801574610468,0.0,-0.38116197183098594,0.0,-0.5726975942385835,-0.3138039123838462,-0.4575921843295511,Banks—Regional,Financial Services,ORRF
2013Q2,2013,Q2,2013-08-08,2013-06-30,3408000.0,12365000.0,0.0,0.42,12365000.0,1.0,1191217000.0,87804000.0,805673000.0,41148000.0,1103413000.0,0.0,-32291000.0,109228405.5,78293405.5,10.852067230808382,19.579882375814133,0.04482894384482424,0.6081841373969296,0.0,10.852067230808382,0.03881372147054804,8.833676142337243,8.012647117077465,1.2440026137761377,0.0,0.0,0.0,0.010380140646078758,10.849591717701953,0.0028609396944469395,8.970058758314856,1.0,1.2105263157894737,-0.24923537725913697,-0.20260206083834195,-0.3009200855016859,-0.01387670468139405,1.1846153846153846,0.0,-0.14096645167910687,-0.3591811983805354,-0.45280229449917775,Banks—Regional,Financial Services,ORRF
2013Q1,2013,Q1,2013-05-09,2013-03-31,1560000.0,12539000.0,0.0,0.19,12539000.0,1.0,1197038000.0,88849000.0,820068000.0,26764000.0,1108189000.0,0.0,-35699000.0,118598001.3,76200001.3,10.990192209925548,30.640711403377672,0.04375132619014601,0.5894495154700672,0.0,10.990192209925548,0.017557879098245337,9.458330114044182,19.006089951923077,1.3348265180249637,0.0,0.0,0.0,0.010475022513905155,16.7369227320281,0.001303216773402348,63.523300107123724,1.0,0.4615384615384615,-0.6216383029517378,-0.14261701233081797,-0.2861747334484845,-0.08038137147048038,0.5145631067961165,0.0,-0.6318605106746619,-0.3267543549084789,-0.5301136385881472,Banks—Regional,Financial Services,ORRF
2012Q4,2012,Q4,2013-03-06,2012-12-31,1030000.0,13635000.0,0.0,0.13,13635000.0,1.0,1232668000.0,87694000.0,903084000.0,0.0,1144974000.0,0.0,-37259000.0,77886572.80000001,-35331427.19999999,10.853862605699348,0.0,0.03039747928882716,0.4272812279061281,0.0,10.853862605699348,0.011745387369717426,5.7122532306564,18.904507961165052,0.8881630761511621,0.0,0.0,0.0,0.011061372567471533,0.0,0.0008355858998530018,10.432168872220736,1.0,1.049056603773585,-0.7334676765217518,-0.05531313178879997,-0.2804422278090095,-0.019699475159968366,1.0482390408392657,0.0,-0.7251548210653391,-0.28861326972976514,-0.36395578150682356,Banks—Regional,Financial Services,ORRF
2012Q3,2012,Q3,2012-11-08,2012-09-30,-21352000.0,13909000.0,0.0,-2.65,13909000.0,1.0,1269319000.0,87320000.0,949857000.0,23728000.0,1181999000.0,0.0,-38289000.0,86701631.0,28971631.0,10.82667060784589,40.031060350640594,0.039291935281832224,0.5711635364177737,0.0,10.82667060784589,-0.2445258818140174,6.233491336544684,-1.0151464851067815,0.9929183577645442,0.0,0.0,0.0,0.010957844324397571,4.690660822656777,-0.01682161852142763,329.66399619771863,1.0,-1.1544715447154472,-5.995096765368309,-0.005082123350499343,-0.25736041028775364,-0.16074337778314127,-1.1537220092798064,0.0,-5.371623542319676,-0.20486289071462518,-0.3730943923174307,Banks—Regional,Financial Services,ORRF
2012Q2,2012,Q2,2012-08-09,2012-06-30,-9914000.0,16573000.0,0.0,-1.23,16573000.0,1.0,1328475000.0,107629000.0,1017478000.0,38320000.0,1220846000.0,0.0,-16937000.0,64758328.46999999,4870328.469999991,13.34594160194203,26.55213987473904,0.04940627411129302,0.6098263479173829,0.0,13.34594160194203,-0.09211272054929434,3.9074596313280634,-1.6330020292011296,0.6016810382889369,0.0,0.0,0.0,0.012475206533807561,3.3694154488517745,-0.007462692184647811,15.555687838097525,1.0,-0.20588235294117643,-3.4586619784937755,0.23122903863203106,-0.06466575343882167,-0.02717774125381545,-0.20637624726210757,0.0,-3.275009751958919,-0.0019876278437260544,-0.19842838882204877,Banks—Regional,Financial Services,ORRF
2012Q1,2012,Q1,2012-05-09,2012-03-31,-8218000.0,17036000.0,0.0,-1.02,17036000.0,1.0,1446741000.0,119225000.0,1107361000.0,65321000.0,1327516000.0,0.0,-7023000.0,70643384.86,18195384.86,14.801148785157462,16.952603297561275,0.07065812056200799,0.8574040679387712,0.0,14.801148785157462,-0.06892849654015516,4.146711954684198,-2.149044319177415,0.5925215756762423,0.0,0.0,0.0,0.011775431815369856,2.4357098023606496,-0.00568035329060281,13.68262344760798,1.0,0.7213140099043484,-3.2792170382493526,0.3413206871590569,0.04215207951771664,-0.10185575706452973,0.7212536462926531,0.0,-3.1537622734016244,0.12633929512653258,-0.10068185056406585,Banks—Regional,Financial Services,ORRF
2011Q4,2011,Q4,2012-03-15,2011-12-31,-29482000.0,18968000.0,0.0,-3.6600332856700546,18968000.0,1.0,1444097000.0,128197000.0,1105508000.0,35013000.0,1315900000.0,0.0,1195000.0,66454723.5,45596723.5,15.914974802355472,31.574215291463172,0.061499331416102934,0.6927697216003494,0.0,15.914974802355472,-0.22997418036303502,3.5035176876845213,-0.5635194652669425,0.5183797085735236,-3.391900142459806e-05,0.0,1.5047839300693202e-05,0.013134851744723518,3.2621312084083054,-0.020415526103855903,4.916017421216156,1.0,-7.777839417907507,-8.845109630454408,0.45590132026344177,0.13877922533508918,-0.12894930198383542,-7.834028743625406,0.0,-8.571419683281169,0.21929787485945446,-0.016584621828964207,Banks—Regional,Financial Services,ORRF
2011Q3,2011,Q3,2011-11-09,2011-09-30,4314000.0,21776000.0,0.0,0.54,21776000.0,1.0,1517315000.0,159171000.0,1115359000.0,27534000.0,1358144000.0,0.0,30676000.0,103145986.25,83168986.25,19.829635881735534,40.508425946103,0.040633619255065694,0.387344428319229,0.0,19.829635881735534,0.02710292704072978,4.736681954904482,5.977398368683357,0.6480199675192089,0.42767732962447846,0.0,0.01788726897746833,0.014351667254327545,3.1615820440183047,0.002843180222959636,14.10254118813235,1.0,1.406015037593985,0.15231717408885329,0.7172578573163528,0.46227031039153793,0.20850213663355346,1.40609997175939,0.0,0.09170393501863174,0.43422912272402975,0.25924537973581485,Banks—Regional,Financial Services,ORRF
2011Q2,2011,Q2,2011-08-09,2011-06-30,-10623000.0,18019000.0,0.0,-1.33,18019000.0,1.0,1531290000.0,153441000.0,1059556000.0,62878000.0,1377849000.0,0.0,28207000.0,210470791.5,300046791.5,19.180964167182314,16.85098126530742,0.0702877965636816,0.7014487653234793,0.0,19.180964167182314,-0.06923182200324554,11.680492341417393,-4.953186282123694,1.3716724441316206,-0.17320907464934576,0.0,0.008742305698983415,0.011767202815926442,0.4209421419256338,-0.006937288168798856,33.95785600193611,1.0,-3.7708333333333335,-3.619410927184199,0.4235692452801557,0.3995960231950739,-0.19540075909801294,-3.775803501437157,0.0,-3.3669126698314704,0.1752831581571814,0.23561958332893454,Banks—Regional,Financial Services,ORRF
2011Q1,2011,Q1,2011-05-10,2011-03-31,3827000.0,22395000.0,0.0,0.48,22395000.0,1.0,1512393000.0,162673000.0,1057137000.0,86750000.0,1349720000.0,0.0,40670000.0,224729820.0,341239820.0,20.268089032421244,12.186017291066282,0.08715856262228137,0.8103250078378096,0.0,20.268089032421244,0.023525723383720717,10.034821165438714,14.680547426182388,1.3814819914798397,0.48001045205121506,0.0,0.008174260095967683,0.014807659120347687,0.27553890489913546,0.0025304269459062558,35.22963160369964,1.0,-0.11942601142857154,0.09018296945013031,0.952724854518887,0.9727567511522872,0.25772211614062673,-0.12525714285714284,0.0,-0.06505597132113163,0.5424376228727016,0.31643503404713924,Banks—Regional,Financial Services,ORRF
2010Q4,2010,Q4,2011-03-11,2010-12-31,4375000.0,17806000.0,0.0,0.5450989993228313,17806000.0,1.0,1511722000.0,160484000.0,1028750000.0,87850000.0,1351238000.0,0.0,38680000.0,219994441.65,361697441.65,19.995352641674344,11.710301650540694,0.10122760666312985,0.9535405398669026,0.0,19.995352641674344,0.027261284614042522,12.355073663371897,12.57111095142857,1.3708185342464048,0.41074285714285713,0.0,0.008168388194366001,0.01177862067231938,0.2250199203187251,0.0028940506257102826,17.84799948482882,1.0,-0.10639508307732565,0.24828851091358348,0.5315695024977277,0.9926668553015472,-0.0038601398601398602,-0.10641339869281045,0.0,0.13965553905371053,0.24188674828900392,0.3255936548765053,Banks—Regional,Financial Services,ORRF
2010Q3,2010,Q3,2010-11-05,2010-09-30,4896000.0,17875000.0,0.0,0.61,17875000.0,1.0,1477780000.0,163933000.0,988386000.0,124869000.0,1313847000.0,0.0,36102000.0,185887486.8,336031486.8,20.424657653717873,7.915383321721164,0.11212562086372803,1.0107604936162944,0.0,20.424657653717873,0.029865859832980547,10.399299960839162,9.491803860294118,1.1339235346147511,0.3662173202614379,0.0,0.009645619674922626,0.01209584647241132,0.19447581064956074,0.003313077724695151,226.69205707317076,1.0,0.29787234042553196,0.2545386885161572,0.4706622214524105,1.1010876657605082,-0.0586159679797767,0.2540983606557377,0.0,0.15094337272132943,0.284826779643247,0.40099943273216854,Banks—Regional,Financial Services,ORRF
2010Q2,2010,Q2,2010-08-05,2010-06-30,3904000.0,18988000.0,0.0,0.47,18988000.0,1.0,1358756000.0,157903000.0,967172000.0,46266000.0,1200853000.0,0.0,32999000.0,176199060.0,260860060.0,19.832077367495604,20.904595167077336,0.07543591343846871,0.649126362387035,0.0,19.832077367495604,0.024724039441935873,9.279495470823678,11.283238985655737,1.1158689828565638,0.4485143442622951,0.0,0.009937623957812261,0.013974547306506834,0.6235032205075001,0.002873216383221123,28.314166800578498,1.0,-0.06000000000000005,0.086332275182115,0.7115125188947132,1.1192638733703417,0.26840347361389444,0.1462125660598943,0.0,-0.019341873901029927,0.4288112276919424,0.3899072613632788,Banks—Regional,Financial Services,ORRF
2010Q1,2010,Q1,2010-05-07,2010-03-31,3406000.0,14970000.0,0.0,0.5,14970000.0,1.0,1316038000.0,151982000.0,998615000.0,111212000.0,1164056000.0,0.0,30846000.0,164854260.0,307268260.0,23.389042782394583,8.979381721396972,0.11982708705979614,1.0376031372136174,0.0,23.389042782394583,0.022410548617599453,11.012308617234469,12.100283323546684,1.0846959508362832,0.41603053435114506,0.0,0.008595470932931911,0.011375051480276406,0.2373574794086969,0.0025880711651183326,34.138384758749226,1.0,0.07796947577969474,0.36670985637220477,0.8216332475493657,1.619007416471821,-0.028867985728186833,0.1300597213005972,0.0,0.1709986362982049,0.46109680641600864,0.6468275488213764,Banks—Regional,Financial Services,ORRF
2009Q4,2009,Q4,2010-03-15,2009-12-31,3014000.0,15415000.0,0.0,0.463835026161896,15415000.0,1.0,1196432000.0,110886000.0,935196000.0,97914000.0,1085546000.0,0.0,28857000.0,226650240.00000003,374881240.0,17.064635272391506,9.551197990072922,0.13604784893750752,1.4679220099922443,0.0,17.064635272391506,0.027181068845480945,14.703226727213755,18.79978765759788,2.0439932904063634,0.4694757796947578,0.0,0.006243099499916699,0.01288414218275673,0.2607798680474702,0.002519156960027816,340.3156756756757,1.0,-0.20028443765190343,0.24614970397959704,0.9670034991330162,0.96138111251412,0.10931203223949337,-0.2231958762886598,0.0,-0.0057913831189138265,0.4667163315001485,0.22104196691808195,Banks—Regional,Financial Services,ORRF
2009Q3,2009,Q3,2009-11-06,2009-09-30,3880000.0,13896000.0,0.0,0.58,13896000.0,1.0,1159996000.0,110649000.0,935665000.0,108350000.0,1049347000.0,0.0,27258000.0,247566480.0,418865480.0,17.27001716872171,8.635579141670512,0.16618160752278457,1.742175708772786,0.0,17.27001716872171,0.035065838823667636,17.81566493955095,15.951448453608247,2.2374036819130763,0.3634020618556701,0.0,0.005695439867303522,0.011979351652936735,0.23375173050299955,0.003344839120134897,51.90072955974843,1.0,0.13725490196078421,0.7359767237036169,0.8458496124439553,1.0518436949158112,0.05576660082054399,0.123335263462652,0.0,0.2984286826762589,0.372908806791098,0.2735197719406459,Banks—Regional,Financial Services,ORRF
2009Q2,2009,Q2,2009-08-07,2009-06-30,3454000.0,13162000.0,0.0,0.51,13162000.0,1.0,1112989000.0,106425000.0,889025000.0,85721000.0,1006564000.0,0.0,24788000.0,238038080.0,413702080.0,16.649718397997496,10.371145926902393,0.17023169141833389,1.7802771905097488,0.0,16.649718397997496,0.032454780361757106,18.08525148153776,17.22916039374638,2.2366744655860935,0.40677475390851187,0.0,0.0059024169578245625,0.011825813193122304,0.20496727756325755,0.0031033550196812366,73.74166047087981,1.0,0.13333333333333333,0.6077989614199135,0.8265354874659067,1.0574432787618757,0.0976565757651572,0.14181818181818182,0.0,0.0658915186815688,0.3013796702161438,0.21489615715070434,Banks—Regional,Financial Services,ORRF
2009Q1,2009,Q1,2009-05-11,2009-03-31,3025000.0,11991000.0,0.0,0.45,11991000.0,1.0,1084363000.0,105102000.0,883128000.0,77191000.0,979261000.0,0.0,22739000.0,153264000.0,328230000.0,16.45818979016599,11.440815639128914,0.17415016926988472,1.7967498239805142,0.0,16.45818979016599,0.028781564575364883,12.781586189642232,12.666446280991735,1.458240566307016,0.46479338842975204,0.0,0.009173713331245432,0.011058105081047582,0.22755243486935006,0.0027896562313542606,53.47662247034194,1.0,-0.06909620991253643,0.47158304399262096,0.7318677641719857,1.0589464054748063,-0.027730479202140598,-0.02008422416585682,0.0,0.0830289568328638,0.3140719610003394,0.6019272941005501,Banks—Regional,Financial Services,ORRF
2008Q4,2008,Q4,2009-03-12,2008-12-31,3087000.0,12333000.0,0.0,0.4834011901033511,12333000.0,1.0,1051783000.0,103347000.0,878907000.0,72781000.0,948436000.0,0.0,21120000.0,172422000.0,341436000.0,16.183369871594113,12.076050068012256,0.17331902112888306,1.763902193580849,0.0,16.183369871594113,0.02987024296786554,13.98054001459499,13.963556851311953,1.668379343377166,0.4580498866213152,0.0,0.008200809641461066,0.011725802755891662,0.23719102513018508,0.002935016063199348,34.014993095285064,1.0,0.05087215239858927,0.43957028362201545,0.8186342873336027,1.1197090066541688,0.01481115773882992,-0.02402782168827063,0.0,0.10699919192218546,0.3332538015949535,0.6127779953727738,Banks—Regional,Financial Services,ORRF
2008Q3,2008,Q3,2008-11-07,2008-09-30,3163000.0,12153000.0,0.0,0.46,12153000.0,1.0,1008291000.0,101176000.0,834244000.0,94697000.0,907115000.0,0.0,19447000.0,195962500.0,369445500.0,15.747237354085604,8.809613820923577,0.18939869541630344,1.8874930813631692,0.0,15.747237354085604,0.03126235470862655,16.12461943553032,15.48865791969649,1.936847671384518,0.44704394562124566,0.0,0.007215666262677808,0.01205306801310336,0.2235973684488421,0.0031369912059117855,-321.25,1.0,-0.14814814814814817,0.5819368237813834,0.7940863373947304,1.1344554816665033,-0.012593435164120897,-0.12212045517624202,0.0,0.012465679637774445,0.24907596751094893,0.6199207220714293,Banks—Regional,Financial Services,ORRF
2008Q2,2008,Q2,2008-08-08,2008-06-30,3603000.0,12308000.0,0.0,0.54,12308000.0,1.0,939519000.0,99691000.0,806261000.0,66353000.0,839828000.0,0.0,17698000.0,192660000.0,324766000.0,15.523357209592028,12.151085858966438,0.1632377844407617,1.538403667332056,0.0,15.523357209592028,0.036141677784353655,15.65323366915827,13.36802664446295,1.9325716463873368,0.3918956425201221,0.0,0.007328973320876155,0.013100320483140842,0.37226651394812593,0.003834941070909689,-12844.0,1.0,0.1250000000000001,0.7192256352723945,0.8552060574762779,1.1427185738351169,0.06766134628730049,0.10861538461538461,0.0,0.24299393010598325,0.37543546007644135,0.6588322805572937,Banks—Regional,Financial Services,ORRF
2008Q1,2008,Q1,2008-05-08,2008-03-31,3250000.0,11528000.0,0.0,0.48,11528000.0,1.0,917559000.0,98113000.0,792050000.0,54801000.0,819446000.0,0.0,15507000.0,191813724.9,314769724.9,15.39619389352675,14.453203408696922,0.1547355537900015,1.4470967150122818,0.0,15.39619389352675,0.03312507007226361,16.638942132199862,14.754901915384616,1.9550286394259682,0.4147692307692308,0.0,0.007027651439972635,0.012563769741237348,0.40933559606576525,0.0035420065630656994,62.931012106299214,1.0,0.0035510236220472505,0.8359758929548561,0.8048940731596677,1.2154157661702611,0.012649332396345749,0.0662729658792651,0.0,0.32978542095023794,0.4304070275531753,0.7240015492611988,Banks—Regional,Financial Services,ORRF
2007Q4,2007,Q4,2008-03-17,2007-12-31,3048000.0,11384000.0,0.0,0.4783015399332355,11384000.0,1.0,884979000.0,96124000.0,747027000.0,66596000.0,788855000.0,0.0,13868000.0,191176470.0,307353470.0,15.084073892566382,11.217295333053036,0.15145331132151157,1.3943760143148434,0.0,15.084073892566382,0.0317090424867879,16.793435523541813,15.680484744094489,1.9888526278556864,0.44258530183727035,0.0,0.007056307714019408,0.012863582073698924,0.32052976154724006,0.003444149522192052,-212.4183,1.0,-0.062153843268165726,0.7700108945089754,0.8083161161046544,1.2085826665361894,0.015703069236259814,-0.11059235482929676,0.0,0.285015768069115,0.48123175494963155,0.7337386448870054,Banks—Regional,Financial Services,ORRF
2007Q3,2007,Q3,2007-11-07,2007-09-30,3427000.0,11208000.0,0.0,0.51,11208000.0,1.0,872113000.0,94266000.0,730432000.0,66726000.0,777847000.0,0.0,12169000.0,203356901.566038,300248901.566038,14.578633778520944,10.946737403710697,0.12848564348885982,1.1887000615280165,0.0,14.578633778520944,0.03635457110729213,18.143906278197537,14.834906738111904,2.1572666875229456,0.3936387510942515,0.0,0.006633657326657913,0.01285154561392847,0.28022060366274015,0.0039295366540803775,61.6980890673659,1.0,0.06250000000000006,0.8561312832124098,0.8348284652910323,1.2296452072528166,0.042701646664806026,0.06428571428571428,0.0,0.5192972370180178,0.4752006768205582,0.7320815322130318,Banks—Regional,Financial Services,ORRF
2007Q2,2007,Q2,2007-08-09,2007-06-30,3220000.0,10749000.0,0.0,0.48,10749000.0,1.0,828314000.0,91890000.0,706583000.0,49378000.0,736424000.0,0.0,10091000.0,211103193.55999997,270066193.55999994,14.26863354037267,14.309672323706915,0.09287661442399862,0.83720753074328,0.0,14.26863354037267,0.03504189792142779,19.63933329239929,16.3899995,2.29734675764501,0.39937888198757765,0.0,0.006091807415667976,0.012976962842593509,0.4319940054275183,0.0038874146760769467,-1884.8499424999998,1.0,0.12000112000112001,0.8474509018036073,0.8095327289748755,1.3021887901986482,0.06584035696579078,0.12469437652811736,0.0,0.4877028027498678,0.48055719730166696,0.7632072490959876,Banks—Regional,Financial Services,ORRF
2007Q1,2007,Q1,2007-05-08,2007-03-31,2863000.0,10085000.0,0.0,0.428571,10085000.0,1.0,821998000.0,90840000.0,694828000.0,45256000.0,731158000.0,0.0,18509000.0,216247885.7096,278028885.7096,14.20248452798471,15.353279123210182,0.09785911887863474,0.885512989872303,0.0,14.20248452798471,0.031516952884191984,21.442527090689143,18.882979890813832,2.380535950127697,0.4495284666433811,0.0,0.005951503274942149,0.012268886298993429,0.4824774615520594,0.0034829768442258984,81.81910166840711,1.0,-0.08137816871849868,0.8515486263885498,0.8429413139136173,1.4305122642283956,-0.02513291445142581,-0.04054959785522788,0.0,0.39058281380839915,0.45429108446943933,0.7767539954593481,Banks—Regional,Financial Services,ORRF
