Quarters,Year,Quarter,FillingDate,Date,NetIncome,Revenue,OperatingIncome,EPSDiluted,GrossProfit,GrossProfitRatio,TotalAssets,CommonStockEquity,CurrentAssets,CurrentLiability,TotalLiability,Inventory,RetainedEarnings,MarketCap,EnterpriseValue,bookValuePerShare,currentRatio,debtToAssets,debtToEquity,roic,shareholdersEquityPerShare,roe,priceToSalesRatio,peRatio,pbRatio,payoutRatio,inventoryTurnover,dividendYield,assetTurnover,quickRatio,returnOnAssets,priceToFreeCashFlowsRatio,grossProfitMargin,epsdilutedGrowth,fiveYNetIncomeGrowthPerShare,fiveYRevenueGrowthPerShare,fiveYShareholdersEquityGrowthPerShare,grossProfitGrowth,netIncomeGrowth,operatingIncomeGrowth,threeYNetIncomeGrowthPerShare,threeYRevenueGrowthPerShare,threeYShareholdersEquityGrowthPerShare,Industry,Sector,Symbol
2023Q1,2023,Q1,2023-05-15,2023-03-31,-557747.0,9302007.0,1680063.0,-0.0535,2532933.0,0.2722996231,295739536.0,274839960.0,125954910.0,11424357.0,20899576.0,588009.0,184198885.0,27957556.32,-77625466.68,26.346046999575535,11.025120275915747,0.034451971277861204,0.03707179261705612,0.004185793704348669,26.346046999575535,-0.0020293519181126354,3.0055402366392543,-12.531468712516608,0.10172304027405622,0.0,11.511854410391678,0.0,0.03145337659554589,10.591189158392021,-0.0018859399306016358,5.825934032409278,0.2722996230813415,0.8018518518518519,0.9282686674609487,2.714228267181998,-0.3603151859200819,-0.7692481554395743,0.792641994989921,-0.6971793312456314,0.8562463730092386,14.217892778163202,-0.016880495859429696,Specialty Chemicals,Basic Materials,GURE
2022Q4,2022,Q4,2023-03-31,2022-12-31,-2689778.0,18589240.0,5548046.0,-0.27,10976870.0,0.5904958998,292431342.0,271618205.0,119425371.0,11775765.0,20813137.0,1598572.0,184756632.0,31020454.38,-67521601.62,27.056349438618376,10.14162315569307,0.03311600573922066,0.03565356747718733,0.11171179476913949,27.056349438618376,-0.009902789836933058,1.6687317168426465,-2.8831797995968436,0.11420609446999327,0.0,4.761981318326606,0.0,0.06356787843896705,9.646083884996006,-0.009197981247851334,3.1963057737914182,0.5904958997785816,-1.313953488372093,0.8895272334117525,4.155916873721193,-0.3274715877153728,-0.2407281376812682,-1.2999513793326478,-0.5354403801117881,0.6423400798636586,0.0,-0.02136811893504813,Specialty Chemicals,Basic Materials,GURE
2022Q3,2022,Q3,2022-11-14,2022-09-30,8967380.0,22862795.0,11942592.0,0.86,14457101.0,0.6323418025,290544381.0,268613759.0,107158702.0,13045256.0,21930622.0,603961.0,187446410.0,35180428.678,-47964645.322,25.650850693721612,8.214380921309631,0.03267385164127473,0.03534146588522295,0.031086952201060544,25.650850693721612,0.033383919101478345,1.538763247363238,0.9807889449872762,0.13097031518031807,0.0,13.917610574192704,0.0,0.07868951008899394,7.867577608289174,0.030864062726444534,1.8905440298201475,0.6323418024786558,1.3243243243243243,1.3394923046091607,-0.14293508574373465,-0.3888997727270652,0.8996021861105716,1.2982710004679898,0.6794513520446046,1.625474385435358,3.5678631657379456,-0.082719155810947,Specialty Chemicals,Basic Materials,GURE
2022Q2,2022,Q2,2022-08-15,2022-06-30,3901794.0,15711714.0,7111008.0,0.37,7610594.0,0.4843897999,298613109.0,275576655.0,95553544.0,13607020.0,23036454.0,571708.0,178479030.0,45605229.02,-23474906.979999997,26.315761554419225,7.022371099623577,0.03360634445556106,0.0364156209095433,0.018217766409481757,26.315761554419225,0.014158652154334336,2.9026259655693836,2.9220679654025816,0.16549017557383447,0.0,14.170030854911948,0.0,0.052615620434801474,6.498004118462382,0.013066385508212904,-2.0023184285429028,0.48438979986524705,33.173913043478265,-0.7464285362556357,-0.7045871974045737,-0.35291102409012776,0.7372735243515465,33.52958831474163,2.23959195127907,5.769315143614133,1.3575819702680352,-0.13669643693262937,Specialty Chemicals,Basic Materials,GURE
2022Q1,2022,Q1,2022-05-13,2022-03-31,-119946.0,8930737.0,2195032.0,-0.0115,4380769.0,0.4905271536,337662919.0,288068305.0,122184710.0,39106670.0,49594614.0,515562.0,174577236.0,44400957.760000005,-50029524.239999995,27.50863212911018,3.1243956593593882,0.033262512310390825,0.038989075872126924,0.03496161917567443,27.50863212911018,-0.00041638041366612685,4.971701412772541,-92.54363997132043,0.15413343637371008,0.0,8.82525864978412,0.0,0.026448675579920578,2.985799660262559,-0.00035522408073478747,5.515220781698607,0.4905271535820616,0.8954545454545455,-1.0132748163142837,-0.7565792594198658,-0.28404033407911405,-0.6638491994493005,0.8922307408249318,-0.42996590492697045,0.9780984462896813,206.34305790554015,-0.12597603868683813,Specialty Chemicals,Basic Materials,GURE
2021Q4,2021,Q4,2022-04-12,2021-12-31,-1112989.0,20869666.0,3850703.0,-0.11,13032154.0,0.6244543636,309856862.0,286639217.0,115434862.0,13889536.0,23217645.0,691111.0,174697182.0,45332835.410000004,-40372310.589999996,27.378561221348498,8.31092284148297,0.032473436073202085,0.03510376948873678,-0.003655246862919987,27.378561221348498,-0.0038828915723698757,2.1721878735385607,-10.18267822278567,0.15815294182163497,0.0,11.340453270169336,0.0,0.06735260231222505,7.940777431297921,-0.003591945625525634,-4.882708206260355,0.6244543635724692,-1.2115384615384615,-1.164575011331483,-0.3422657519580938,-0.2666901661802752,0.3637706347402441,-1.2063530674695913,-0.4574927356041688,0.9742735691822848,0.0,-0.12785035922758903,Specialty Chemicals,Basic Materials,GURE
2021Q3,2021,Q3,2021-11-15,2021-09-30,5393615.0,17753669.0,7097975.0,0.52,9555972.0,0.5382533604743899,304439121.0,282223721.0,117920705.0,13117418.0,22215400.0,489502.0,175810171.0,46903256.96,-42213173.04,26.956811787255468,8.9896277605852,0.0320733944045253,0.03459806980576236,0.017759399123637616,26.956811787255468,0.01911113275981504,2.6418909218145274,2.1740176560618436,0.16619176018871923,0.0,16.747014312505364,0.0,0.05831599086767827,8.562241517347392,0.017716563437325125,36.556006272543904,0.5382533604743899,3.0,-0.5463315115670808,-0.5954020092388906,-0.30236327053373063,1.257902563988664,2.995255658067046,3.9788266705388473,1.247392502245762,45.26778915440177,-0.23835075272224315,Specialty Chemicals,Basic Materials,GURE
2021Q2,2021,Q2,2021-08-13,2021-06-30,-2703220.0,11148008.0,-2382809.0,-0.26,4232234.0,0.37964038059534944,296425060.0,278102555.0,104955195.0,9209975.0,18322505.0,677418.0,170416556.0,66270742.4623,-21043257.537699997,26.56317550532849,11.39581757822361,0.032871805777824586,0.03503753138837577,-0.00922330192811988,26.56317550532849,-0.009720227129880198,5.944626381888137,-6.128870611927628,0.23829605759033748,0.0,10.209020132325978,0.0,0.037608183329709034,11.053331849434988,-0.00911940441202913,-31.22951217678147,0.37964038059534944,-0.040000000000000036,-1.1800299898655302,-0.7941633864904347,-0.30148524030310425,2.9265373603475053,-0.08037011754813111,0.27384909722120643,0.49781582763307436,2168.663142640886,-0.3095549728249824,Specialty Chemicals,Basic Materials,GURE
2021Q1,2021,Q1,2021-05-17,2021-03-31,-2502124.0,5259243.0,-3281424.0,-0.25,1077854.0,0.2049447040191906,292594268.0,272337459.0,104585721.0,10523796.0,20256809.0,576607.0,173119776.0,43489024.949999996,-42909151.050000004,27.240618708100055,9.938022458816192,0.035206253596191436,0.037824939829522314,-0.008635086520552115,27.240618708100055,-0.009187586640440821,8.269065519505373,-4.345210803901005,0.15968800292728,0.0,7.2517139056584465,0.0,0.017974525051187948,9.650470989745525,-0.00855151407135563,13.015230150880095,0.2049447040191906,0.27077123892950955,-1.3561008538099661,-0.8596779074421496,-0.2765706969282314,-0.788112774657686,-10.035711319357926,-4.909216863809808,0.6642202626350712,1.1912360647918332,-0.3385948900040425,Specialty Chemicals,Basic Materials,GURE
2020Q4,2020,Q4,2021-04-08,2020-12-31,276915.0,11807686.0,839407.0,-0.3428279483011695,5086923.0,0.43081455587487677,294037818.0,277024273.0,107310965.0,7102300.0,17013545.0,419609.0,175621900.0,39211811.6,-44405061.4,29.107046019776348,15.109325852188727,0.036069050818490295,0.03828424450012003,0.0008854839280925746,29.107046019776348,0.0009996055472005516,3.3208718118012284,35.40058465594136,0.14154648318488683,0.0,16.016727477246675,0.0,0.04015703177337549,14.184826746265294,0.000941766613164025,-6.747151236920578,0.43081455587487677,-0.14275982767056514,-0.96260437718335,-0.6717724199226197,-0.19250130104362317,0.3630079873959374,1.0950754674290604,1.3070456775103536,1.0119965193467262,2.454451121743659,-0.2764982766656871,Specialty Chemicals,Basic Materials,GURE
2020Q3,2020,Q3,2020-11-16,2020-09-30,-2912581.0,10482185.0,-2733818.0,-0.3,3732130.0,0.3560450421357761,277896623.0,263587240.0,104682870.0,4903799.0,14309383.0,394233.0,175344985.0,52613874.8667,-32977033.1333,27.553634187728985,21.347300327766288,0.036103007987974,0.03806293506468674,-0.01041502063176351,27.553634187728985,-0.011049779951411912,5.019361408589908,-4.5160868373016925,0.1996070631746059,0.0,17.121993846278723,0.0,0.03771972788600601,20.99444797798605,-0.010480807461989202,25.29199496730694,0.3560450421357761,-0.25,-1.2623250793875298,-0.7633342132395539,-0.2506396203547048,10.088158485027645,-0.2975836879220928,0.07439652323710569,-1.8317925889762827,-0.5698526992060996,-0.34356827711613397,Specialty Chemicals,Basic Materials,GURE
2020Q2,2020,Q2,2020-08-14,2020-06-30,-2244619.0,5359483.0,-2953552.0,-0.24,336587.0,0.06280213968399564,264788213.0,253029232.0,96487437.0,2738893.0,11758981.0,523628.0,178257566.0,50918234.449999996,-29467394.550000004,26.585886290485863,35.22862594486166,0.03620615091352272,0.03788875271138633,-0.008348724955803905,26.585886290485863,-0.008870986890558163,9.500586987588168,-5.671144462601448,0.20123459272879585,0.0,9.592489324482266,0.0,0.0202406403943668,33.96763400395707,-0.00847703519189504,-14.680036317916262,0.06280213968399564,0.35135135135135137,-1.201050439380621,-0.8951845568885992,-0.2863743828471104,1.9255795407672212,0.36588348695023787,0.38918511677040446,-1.1605039049995798,-0.8891245047459763,-0.3462688169676844,Specialty Chemicals,Basic Materials,GURE
2020Q1,2020,Q1,2020-05-20,2020-03-31,-3539758.0,557670.0,-4835429.0,-0.37,-363650.0,-0.6520881524916169,267113898.0,255051983.0,96207226.0,2476301.0,12061915.0,674978.0,180502186.0,32168903.259999998,-51223628.74,26.798417576515167,38.851184084648835,0.03833629802369924,0.04014929772179031,-0.012952055345893167,26.798417576515167,-0.013878574706082563,57.68447874190829,-2.271970517476053,0.12612685022723386,0.0,1.3649630062016835,0.0,0.00208776107935799,38.062383369388456,-0.013251867561005755,-6.169889540443594,-0.6520881524916169,0.5060937353997303,-1.5972994557593776,-0.9856728080500268,-0.30600302702687915,0.0,0.5034827316600773,0.4819430031440645,-1.4310456335233432,-0.9832754481718118,-0.3025248945407732,Specialty Chemicals,Basic Materials,GURE
2019Q4,2019,Q4,2020-04-14,2019-12-31,-7129174.0,0.0,-9333778.0,-0.74913,0.0,0.0,279250985.0,263107100.0,107202708.0,6306264.0,16143885.0,690087.0,184041944.0,24272139.31,-65577115.69,27.647116308100987,16.999400595978855,0.03743131291014067,0.03972804610745966,-0.02521853250125155,27.647116308100987,-0.02709609128754032,0.0,-0.851155383148174,0.09225193584665711,0.0,0.0,0.0,0.0,16.678599405289724,-0.025529628839088964,-3.863112297477038,0.0,0.445088888888889,-3.032510495945349,-1.0,-0.30721285273555254,-1.0,0.45282380235885594,-0.46609776406134135,-2.1597236001726223,-1.0,-0.2594971627040973,Specialty Chemicals,Basic Materials,GURE
2019Q3,2019,Q3,2019-11-14,2019-09-30,-13029028.0,4548542.0,-6366409.0,-1.35,2145010.0,0.47158188272197993,287946830.0,266122689.0,117124745.0,12213043.0,21824141.0,680650.0,191171118.0,33165399.79,-61873783.21000001,27.964009993470366,9.590136135605189,0.03535161682453667,0.03825072577708697,-0.04596188315534775,27.964009993470366,-0.04895872670217909,7.291435319273736,-0.6363751729983235,0.12462447269950741,0.0,3.5312304414897526,0.0,0.015796464923749986,9.407409357356721,-0.04524803415963982,-0.6456153085506604,0.47158188272197993,-12.5,-3.104621254022404,-0.8809938462783253,-0.2947265772244639,-0.28951511371514294,-16.661545385288992,-4.313461573771915,-2.205627711200355,-0.8859618022653571,-0.27629718868200903,Specialty Chemicals,Basic Materials,GURE
2019Q2,2019,Q2,2019-08-14,2019-06-30,-737706.0,6009409.0,-1198166.0,-0.1,3019079.0,0.5023919989469846,329563727.0,287841819.0,169074160.0,31928110.0,41721908.0,453664.0,204200145.0,45325512.0,-104628218.0,30.48262822050416,5.295464091047043,0.031557899574306006,0.036132133392333794,-0.0025947640325037335,30.48262822050416,-0.002562886805547876,7.542424221749593,-15.360289871574855,0.15746673696499952,0.0,6.591508252803838,0.0,0.01823443694700054,5.232999228579455,-0.002238432022587243,-2.928770520870057,0.5023919989469846,0.8,-1.1068153391906497,-0.8447665344106735,-0.21831932251165093,1394.7831715210357,0.8495747876589117,0.8126703595824285,-1.0544716194033887,-0.8769786112308338,-0.1984179104601386,Specialty Chemicals,Basic Materials,GURE
2019Q1,2019,Q1,2019-05-13,2019-03-31,-4904138.0,38570.0,-6396030.0,-0.5,2163.0,0.056079854809437384,310979618.0,295137216.0,181254692.0,5197347.0,15842402.0,0.0,204937851.0,48762017.2,-119589391.8,31.473544601432117,34.874464221842416,0.03634235604469744,0.038293144298006794,-0.015671471806854888,31.473544601432117,-0.016616467643307986,1264.2472698988852,-2.4857588224474925,0.16521812416906448,0.0,0.0,0.0,0.0001240274209867992,34.572398571809806,-0.015769965991790497,-17.465925553676666,0.056079854809437384,0.8790005444975497,-1.9418841128663376,-0.9987593090094444,-0.18025276651836689,0.0,0.8732157735718116,0.8463417212918565,-1.7441131215197867,-0.9989028536875376,-0.16415685413775546,Specialty Chemicals,Basic Materials,GURE
2018Q4,2018,Q4,2019-03-15,2018-12-31,-38680979.0,0.0,-41625027.0,-4.13225,0.0,0.0,298546790.0,293853404.0,187343536.0,2623841.0,4693386.0,0.0,209841989.0,36506964.0,-140224946.0,31.392045517671644,71.40049111207577,0.007593533328561329,0.007714816194540322,-0.129991598008184,31.392045517671644,-0.13163359169390462,0.0,-0.23594906943797878,0.1242352938678226,0.0,0.0,0.0,0.0,68.22495760985517,-0.12956421001880475,-1.2376585417847727,0.0,-0.9677380952380952,-6.773180487448899,-1.0,-0.16463844993827084,-1.0,-0.9843488191730441,-0.5532354161923783,-6.311049235085344,-1.0,-0.12910997921684705,Specialty Chemicals,Basic Materials,GURE
2018Q3,2018,Q3,2018-11-13,2018-09-30,-19493034.0,343080.0,-26798917.0,-2.1,274624.0,0.8004663635303719,336500369.0,331302358.0,211691569.0,3133153.0,5198011.0,65021.0,248522968.0,48207903.7,-157812828.3,35.39268486590509,67.56502762552611,0.006612795125939371,0.0067165474264448185,-0.058328376886307536,35.39268486590509,-0.05883759511304173,140.51505100851114,-0.6182709128296806,0.14551029455697387,0.0,1.052829085987604,0.0,0.0010195531167456165,66.59582631298248,-0.05792871507965568,93.10265627383916,0.8004663635303719,-3.2,-2.9704446383205534,-0.9914606420230844,-0.0526982998367871,58.8700675822978,-3.050186655662844,-2.9227837608340175,-2.794220100871675,-0.9920838587088844,-0.03744545684676129,Specialty Chemicals,Basic Materials,GURE
2018Q2,2018,Q2,2018-08-10,2018-06-30,-4812873.0,4594.0,-6831607.0,-0.5,4587.0,0.998476273400087,370843729.0,360132158.0,223049730.0,3595755.0,10711571.0,181094.0,262614002.0,64589230.2,-149111242.8,38.472542287707896,62.031403696859215,0.0061357138386449565,0.006318211105157679,-0.013464461552909788,38.472542287707896,-0.013364185599887472,14059.475446234219,-3.355024649518074,0.17934868843342783,0.0,3.865395871757209e-05,0.0,1.238796733165198e-05,61.360984271731525,-0.012978170112187605,-7.141205979313806,0.998476273400087,0.3333333333333333,-1.736638076121378,-0.9998853731777136,0.06553411176756364,-0.995437899942116,0.3101900503074343,0.17661522626304993,-1.4383038952651177,-0.9999086513981699,0.03269048221767756,Specialty Chemicals,Basic Materials,GURE
2018Q1,2018,Q1,2018-05-10,2018-03-31,-6977100.0,2247267.0,-8296980.0,-0.75,1005458.0,0.44741368070638693,397339967.0,385532007.0,249369691.0,4444786.0,11807960.0,193801.0,267426875.0,66929419.7,-167142546.3,41.1859816267016,56.1038688926756,0.006666842552991907,0.00687103262998343,-0.01812758952058941,41.1859816267016,-0.018097330113502095,29.78258466839944,-2.398181898639836,0.17360275796764132,0.0,6.407650115324483,0.0,0.005655778896261901,55.56389801443759,-0.017559522271767842,3.4481967546896115,0.44741368070638693,0.5942195218282845,-4.037489883496221,-0.9181338248656684,0.18420400604595644,-0.4618966220360263,0.6926539984251882,0.638619267036048,-2.197021721550664,-0.9412987960828066,0.06659083493445482,Specialty Chemicals,Basic Materials,GURE
2017Q4,2017,Q4,2018-03-16,2017-12-31,-22701125.0,3361568.0,-22959110.0,-1.84829,1868522.0,0.5558483422022104,387499423.0,376560196.0,241513446.0,3666232.0,10939227.0,1196785.0,274403975.0,68796000.0,-137603558.0,40.23079017094017,65.87511264971775,0.006470205763377356,0.006658167874971045,-0.05979939550160742,40.23079017094017,-0.06028551408550892,20.465449456920105,-0.7576276506120292,0.18269588961017005,0.0,1.247547387375343,0.0,0.008675027110943595,65.1008261342981,-0.05858363562002001,5.5763180106171815,0.5558483422022104,-6.280828571428572,-10.273867427760925,-0.8812473014418583,0.10997499892422427,-0.799556788106182,-7.626827395756705,-5.748275787901024,-7.5803325480709445,-0.8885890391010296,0.008111444395143413,Specialty Chemicals,Basic Materials,GURE
2017Q3,2017,Q3,2017-11-13,2017-09-30,3425640.0,23840391.0,4835252.0,0.35,9321952.0,0.3910150634693869,402569182.0,392838078.0,268567796.0,7462789.0,9731104.0,2431079.0,297105100.0,88441491.6,-102515852.4,41.97486688589499,35.987590698330074,0.006032111022348452,0.006181534163803744,0.008439704452729504,41.97486688589499,0.008720234090952864,3.7097332673780388,6.45437725505307,0.2251347223015382,0.0,5.9720144841035605,0.0,0.059220606211232533,35.533647809150175,0.008509444222682698,6.614887194291009,0.3910150634693869,-0.7586206896551725,-0.3848953883594743,-0.2822078139224422,0.1380316870370366,-0.5474834840572542,-0.7508929455736238,-0.7383871594665475,-0.4373195060995199,-0.3657378606460535,0.058637800732984455,Specialty Chemicals,Basic Materials,GURE
2017Q2,2017,Q2,2017-08-11,2017-06-30,13751678.0,47531989.0,18482472.0,1.45,20600247.0,0.4333975378139551,405264843.0,380601205.0,268810393.0,22441391.0,24663638.0,4842564.0,293679460.0,74402126.10000001,-99561342.89999999,40.667918221627275,11.97833026482182,0.0057735207985954015,0.006147655260313745,0.03551839362518315,40.667918221627275,0.03613146206407833,1.565306389766269,1.352600862600186,0.19548578701951297,0.0,5.56146330745448,0.0,0.11728623842162396,11.726727991148142,0.0339325708546596,126.89051418182687,0.4333975378139551,0.7058823529411765,0.7854161519460879,0.12106428968300267,0.11958868606030705,0.6382388189553092,0.7029688722892043,0.7092830045176189,1.0090431598637193,0.23886174343239408,0.042866961390792165,Specialty Chemicals,Basic Materials,GURE
2017Q1,2017,Q1,2017-05-12,2017-03-31,8075120.0,32788493.0,10812997.0,0.85,12574630.0,0.3835074091389318,378335212.0,359582590.0,238988534.0,16455140.0,18752622.0,5147763.0,279927782.0,83292946.2,-86983269.8,38.42204168544587,14.523640272887377,0.0066815403901659565,0.007029989966978101,0.021974953706887915,38.42204168544587,0.022456927072025373,2.540310291174407,2.5786906634204816,0.23163787267898595,0.0,3.926727590217343,0.0,0.08666518991629042,14.18596784955947,0.021343823529700958,10.362331142213455,0.3835074091389318,0.31503627953029995,0.8143871222120536,0.017140762001922397,0.07655577143278984,0.287551270622673,0.33558380684519945,0.39168748042074203,0.5539744579848889,0.05680667672168804,0.0007249826867953187,Specialty Chemicals,Basic Materials,GURE
2016Q4,2016,Q4,2017-03-17,2016-12-31,6046135.0,28367163.0,7769702.0,0.64637,9766314.0,0.3442823661992565,365691353.0,349461198.0,221767490.0,13945196.0,16230155.0,5881681.0,271852662.0,91260000.0,-70151937.0,37.33559807692308,15.902787597965636,0.006761540790383414,0.007075569517162818,0.016864500526516092,37.33559807692308,0.017301305651679245,3.217099996922498,3.773485044578065,0.26114487251314233,0.0,3.1625055830127478,0.0,0.07757132556536003,15.469213627402583,0.01653343714692647,3.5433006206367095,0.3442823661992565,-0.43793913043478255,3.567076126896079,-0.3122722121947632,0.06426211001892845,-0.378088388208614,-0.42503803593726835,-0.4432795460082257,-0.09753414441889142,-0.2096075488833527,-0.006476877575149121,Specialty Chemicals,Basic Materials,GURE
2016Q3,2016,Q3,2016-11-14,2016-09-30,10515713.0,38811622.0,13956200.0,1.15,15703701.0,0.40461336555323557,377707593.0,357817496.0,218695315.0,17516371.0,19890097.0,5772072.0,265806527.0,99084600.1,-39471950.900000006,38.64018428026133,12.485195420900824,0.006690455915722086,0.007062360080905602,0.0288180112615209,38.64018428026133,0.029388481886866706,2.5529621024341624,2.355631998039505,0.2769137932260305,0.0,4.003401378222586,0.0,0.10275573676380925,12.130420964479457,0.02784088325171689,-23.63531930291926,0.40461336555323557,-0.17857142857142858,0.4079948999823458,-0.23150372181509554,0.12116350347797268,-0.14679358009709265,-0.2031751261402291,-0.19473188175583786,0.074514192719705,-0.023482015699943865,0.03422253502370306,Specialty Chemicals,Basic Materials,GURE
2016Q2,2016,Q2,2016-08-10,2016-06-30,13197019.0,47600767.0,17331122.0,1.4,18405512.0,0.3866641896757672,374775781.0,349919946.0,225250556.0,22465465.0,24855835.0,6707960.0,255290814.0,70852474.0,-72917962.0,38.02808049017456,10.026525424690742,0.00667813697385104,0.007152504533136845,0.03701948055812474,38.02808049017456,0.03771439482332339,1.4884733685068563,1.3422060315287871,0.20248195282929082,0.0,4.352329918484904,0.0,0.12701132093698445,9.686399858627453,0.03521310519262182,35.51717873615392,0.3866641896757672,1.0,-0.006135379814927636,-0.299593965003571,0.1753406393692327,0.73411078629302,1.0406823047105256,0.999825300664019,1.0548131056791652,0.20824758643478863,0.05322431422136376,Specialty Chemicals,Basic Materials,GURE
2016Q1,2016,Q1,2016-05-11,2016-03-31,6466964.0,34495450.0,8666318.0,0.7,10613804.0,0.30768707177323384,367144692.0,346478200.0,207398677.0,18097799.0,20666492.0,6958269.0,242093795.0,74071463.2,-71527510.8,37.654845597811814,11.459883989207748,0.007661355485428072,0.008118334717739817,0.01822298536710862,37.654845597811814,0.0186648510642228,2.147282125613668,2.8634558349172816,0.21378390675084324,0.0,3.432124570061893,0.0,0.09395600903852915,11.053167736032432,0.017614210802753483,5.295167645542032,0.30768707177323384,-0.10054609701252816,-0.6601021038968095,-0.42606196614906394,0.23271889909781884,-0.0506697177456755,-0.1138819449049915,-0.09627121797230141,1.8641536362989888,0.2784025107589921,0.0826746684862685,Specialty Chemicals,Basic Materials,GURE
2015Q4,2015,Q4,2016-03-15,2015-12-31,7298084.0,35454623.0,9589512.0,0.77825,11180307.0,0.3153413025996638,356743226.0,338110875.0,190821115.0,16076437.0,18632351.0,7180800.0,235626831.0,85358000.0,-45495700.0,36.0459355010661,11.869614828211002,0.007716171743090084,0.008141388531202966,0.021073528565779747,36.0459355010661,0.021584883952638318,2.407528067637329,2.9239866244345776,0.252455647869948,0.0,3.3804473039215686,0.0,0.09938415200629486,11.419651568317034,0.020457526501147915,5.535729966264721,0.3153413025996638,-0.3232608695652173,-0.5487188945887788,-0.29150505523794396,0.30201862363861764,-0.28336060291434756,-0.3166218171732515,-0.31026375446499277,1.9750575504941887,0.24981999577106784,-0.0054859213797169935,Specialty Chemicals,Basic Materials,GURE
2015Q3,2015,Q3,2015-11-10,2015-09-30,10679422.0,42601598.0,13903158.0,1.15,15601022.0,0.36620743663183714,367239885.0,338332100.0,202867059.0,26298762.0,28907785.0,7370051.0,228328747.0,64870039.199999996,-53257779.800000004,36.769536976015885,7.713939500270013,0.00752728424364908,0.008170430769057976,0.030909260405006987,36.769536976015885,0.0315649091528708,1.5227137536014492,1.5185756120509144,0.19173480494460915,0.0,3.6635534815159354,0.0,0.11600482338676257,7.421360138549487,0.02908023457201551,8.599824212116319,0.36620743663183714,0.0,-0.4590803568297618,-0.28335303894207753,0.4234171248977879,-0.08605344479626478,-0.008894263340281348,-0.045203860703123856,0.9504023732777931,0.30460923650421307,-0.0030963454836495908,Specialty Chemicals,Basic Materials,GURE
2015Q2,2015,Q2,2015-08-07,2015-06-30,10775260.0,49350070.0,14561389.0,1.15,17069950.0,0.34589515273230614,369025753.0,342208203.0,200773295.0,24102805.0,26817550.0,6755970.0,217649325.0,94841794.94999999,-20357137.050000012,37.25466918712086,8.329872601964793,0.007665904010769676,0.008266651632544296,0.030854179366618873,37.25466918712086,0.031487439241776445,1.9218168272101739,2.2004525865269144,0.2771464684907042,0.0,4.778014111963197,0.0,0.13373069385756392,8.026360541853945,0.029199208760912684,14.721818155147702,0.34589515273230614,0.9166666666666666,-0.5060041234538836,-0.20507070408424904,0.597903875145489,0.8101805403219161,1.0272268337776191,1.0478278289849974,0.4253451289114271,0.18588019704401007,0.02562186482018265,Specialty Chemicals,Basic Materials,GURE
2015Q1,2015,Q1,2015-05-15,2015-03-31,5315271.0,34910829.0,7110651.0,0.6,9429971.0,0.2701159287853061,354324931.0,329621163.0,179146792.0,21887995.0,24703768.0,7000453.0,206874065.0,70850285.7,-37491558.3,38.61460297400043,8.18470545155004,0.008666466091825755,0.009315982542055408,0.015662796528415582,38.61460297400043,0.01612539362346707,2.029464430649871,3.332392915619919,0.21494458988969714,0.0,3.639887018740073,0.0,0.09852772397774065,7.848627706649238,0.015001120539271339,4.0591305921603125,0.2701159287853061,0.6291509408346683,-0.46145968649470737,-0.0479590211597026,0.8592176916696489,0.4131213894487611,0.8441445929939263,0.7819322596942274,0.30936607929131105,0.18733827606015271,0.08195118920483575,Specialty Chemicals,Basic Materials,GURE
2014Q4,2014,Q4,2015-03-13,2014-12-31,2882242.0,25208377.0,3990416.0,0.36829,6673150.0,0.26471954144449683,322982152.0,312073413.0,194127792.0,8082244.0,10908739.0,5367868.0,201558794.0,45356000.0,-98197978.0,39.90708606138107,24.019046195586274,0.009386348382495142,0.0097144545921315,0.008876448883615787,39.90708606138107,0.009235781966469537,1.7992431642862212,3.9340901978390437,0.14533759721466563,0.0,3.452996049828349,0.0,0.0780488235770997,23.337792697176674,0.008923842949687202,3.2354908146687094,0.26471954144449683,-0.4334,-0.6482709147215487,-0.29243309571006204,0.9154265238810239,-0.27512310572732207,-0.42794532315100636,-0.4039341324762431,1.6059132185110128,-0.26849946311903294,0.13756312484636066,Specialty Chemicals,Basic Materials,GURE
2014Q3,2014,Q3,2014-11-07,2014-09-30,5038403.0,31106964.0,6694589.0,0.65,9205908.0,0.2959436350008313,320998479.0,307099579.0,186020482.0,11087797.0,13898900.0,5273169.0,198676552.0,55378773.45,-73521560.55,39.64988483958559,16.77704615263068,0.009240585840906741,0.009658801909331174,0.015913229611242707,39.64988483958559,0.016406414546077903,1.7802693136495096,2.747833661281164,0.18032839260258315,0.0,4.15330060538549,0.0,0.09690688908217537,16.252193199424557,0.015696033874353654,19.069083554944317,0.2959436350008313,-0.07142857142857134,-0.5187200240315561,-0.10560620927142704,1.3474255980307128,0.0021791027130628918,-0.11057895654789603,-0.11112992081865512,-0.1934331816695517,-0.2635848837283644,0.15046045010599218,Specialty Chemicals,Basic Materials,GURE
2014Q2,2014,Q2,2014-08-08,2014-06-30,5664812.0,31752814.0,7531572.0,0.7,9185891.0,0.2892937614915012,316345541.0,302037122.0,180323647.0,11497489.0,14308419.0,5574197.0,193638149.0,82870655.4585,-43164511.5415,38.996266760039624,15.683741641327076,0.009221356466029658,0.00965820022612982,0.018238306266331557,38.996266760039624,0.01875535021155446,2.609868072117955,3.657255327206799,0.27437241789934685,0.0,4.048461688741894,0.0,0.1003738314111404,15.155981101612708,0.01790703918915045,8.3045249791662,0.2892937614915012,0.27272727272727254,-0.5020238201476181,-0.15371381206423335,1.6419672000116452,0.33948620630723797,0.3215971302309804,0.34452885617150963,-0.49316815600250613,-0.4449333280008249,0.20526454440950243,Specialty Chemicals,Basic Materials,GURE
2014Q1,2014,Q1,2014-05-09,2014-03-31,4286338.0,25592176.0,5601644.0,0.55,6857772.0,0.26796361512987404,309614418.0,296391142.0,166662458.0,10305782.0,13223276.0,5771440.0,187973337.0,93408176.39999999,-22684495.60000001,38.39420655042357,16.171743007954177,0.010239626502148231,0.010696460017688383,0.014024261169293482,38.39420655042357,0.014461761478688186,3.6498723828720148,5.448017421864538,0.3151517139469708,0.0,3.246053671180849,0.0,0.08265821780948199,15.583339430234407,0.013844116264637262,7.490814242785068,0.26796361512987404,-0.23175773829478147,-0.5110871682535805,-0.19305538072749387,1.723609765749898,-0.24992838645131815,-0.23713876625913347,-0.25970277860375984,-0.7314717585609755,-0.49246508420320717,0.2569235985214819,Specialty Chemicals,Basic Materials,GURE
2013Q4,2013,Q4,2014-03-17,2013-12-31,5618765.0,30100030.0,7566750.0,0.71592,9142823.0,0.30374796968640894,309244805.0,294995092.0,158072937.0,11305835.0,14249713.0,5301995.0,183686999.0,92237500.0,-12445030.0,37.57899261146497,13.981535817566769,0.010174043182390728,0.010665499478886245,0.018526234669389262,37.57899261146497,0.019046977907008704,3.06436571657902,4.103993493232053,0.3126746935843936,0.0,3.9527021432498524,0.0,0.0973339875507367,13.507551985324392,0.018169310879773713,15.677789575721068,0.30374796968640894,-0.3181714285714286,-0.4273935373025756,-0.20877089400616966,2.566726991655213,-0.16343623093047402,-0.30715748947961147,-0.3053260402551476,-0.5848430211192233,-0.2812729435572534,0.3573943235918592,Specialty Chemicals,Basic Materials,GURE
2013Q3,2013,Q3,2013-11-08,2013-09-30,8109729.0,32935277.0,10892520.0,1.05,10929021.0,0.3318332801633944,301725893.0,286699773.0,147782909.0,12106831.0,15026120.0,5805242.0,178068234.0,65609733.150000006,-28525479.849999994,37.361576422598205,12.206572388761353,0.010172776255566505,0.010705938019699792,0.027603165800190902,37.361576422598205,0.028286485598298678,1.9920808059394797,2.0225624416672865,0.22884473351152604,0.0,3.7907560098269806,0.0,0.10915628311687522,11.702097600932895,0.02687780262862624,6.357271707758491,0.3318332801633944,0.5000000000000001,0.4093601928684639,0.21840277617917622,3.0729422765913164,0.13918787286858714,0.514167649539321,0.47619625208791433,-0.5074569070057329,-0.3356551376673569,0.44633607237950274,Specialty Chemicals,Basic Materials,GURE
2013Q2,2013,Q2,2013-08-09,2013-06-30,5355899.0,32853896.0,7378775.0,0.7,9593695.0,0.2920108774922767,291497321.0,277061822.0,131442550.0,11530568.0,14435499.0,5371214.0,169958505.0,44889939.9,-38528630.1,36.106345036563525,11.399486131125544,0.010305213062318333,0.01084213616410853,0.018854734357506266,36.106345036563525,0.019331061065497503,1.3663505813739716,2.095350374418935,0.16202138416602196,0.0,4.330529559984019,0.0,0.11270736858675967,10.89154653959805,0.01837375033714289,6.359100531011812,0.2920108774922767,1.7999999999999998,-0.4466492036511344,-0.10223273781427596,3.334177579801472,1.123857786884883,1.8443964704601519,1.8320561377544284,-0.7060696100924978,-0.3665035958657841,0.5486506768179876,Specialty Chemicals,Basic Materials,GURE
2013Q1,2013,Q1,2013-05-09,2013-03-31,1882965.0,22502580.0,2605448.0,0.25,4517108.0,0.20073733767416893,279629229.0,266880015.0,115066248.0,9788517.0,12749214.0,5403973.0,164602606.0,42587891.699999996,-32696517.300000004,34.77946486958874,11.755227885899366,0.011469627161186357,0.01201754653678358,0.006837814376319678,34.77946486958874,0.007055473973950429,1.8925781710363876,5.654365814022034,0.15957692336010998,0.0,3.3281942748418616,0.0,0.0804729179437819,11.174656589961483,0.00673379176681133,3.261539536656189,0.20073733767416893,-0.045801526717557293,-0.8010822530062351,-0.33316721594038784,4.075772550726129,0.0721547397743046,-0.01234771881127046,-0.01520369872002274,-0.7877706665957553,-0.31734991228395365,0.6745632846692833,Specialty Chemicals,Basic Materials,GURE
2012Q4,2012,Q4,2013-03-18,2012-12-31,1906506.0,22047030.0,2645672.0,0.262,4213112.0,0.19109657854141804,278193034.0,264224384.0,107258813.0,11015748.0,13968650.0,5993598.0,162719641.0,42282000.0,-19812969.0,36.24477146776406,9.736861536774443,0.011308931624794027,0.011906796611171208,0.007012393867041994,36.24477146776406,0.007215480914887855,1.917809337584246,5.544435737417034,0.16002308098861912,0.0,2.97549451931878,0.0,0.07925083415280629,9.187840444425563,0.0068531766327405595,6.964273713976247,0.19109657854141804,-0.5633333333333334,-0.5045939581400424,-0.02053923618413048,5.819437113602616,-0.43299308439524864,-0.5364926130794007,-0.5299826022259131,-0.7504283551614428,-0.33617753815795604,0.7396458492253757,Specialty Chemicals,Basic Materials,GURE
2012Q3,2012,Q3,2012-11-08,2012-09-30,4113216.0,24530332.0,5628881.0,0.6,7430442.0,0.3029083340576067,269118702.0,254945882.0,105964365.0,11245902.0,14172820.0,4787395.0,160813135.0,38362421.4,-17214130.6,36.883741783306725,9.422486964584966,0.011399460450727055,0.012033173377556262,0.01571638603144852,36.883741783306725,0.01613368283391218,1.5638769748407808,2.3316561420552677,0.15047280269465188,0.0,3.5718569284548276,0.0,0.09115060312679421,8.943286096571,0.01528402139811153,-2.9001208357808173,0.3029083340576067,-0.25000000000000006,-0.24854446702851513,0.07716787388024474,6.970641038920782,-0.25135556530627357,-0.2769464377814584,-0.2625794178407151,-0.559738539660636,-0.20968752497523607,1.183659295949524,Specialty Chemicals,Basic Materials,GURE
2012Q2,2012,Q2,2012-08-09,2012-06-30,5688674.0,31314846.0,7633203.0,0.8,9925195.0,0.3169485489406526,265987844.0,251076733.0,118121048.0,11976584.0,14911111.0,3955232.0,156699919.0,42164102.8,-26855590.200000003,36.3239810548038,9.862666015618476,0.011372993421458763,0.01204842027317601,0.022035485865288536,36.3239810548038,0.02265711335347031,1.346457293770501,1.8529846674286485,0.1679331346086935,0.0,5.407938396534009,0.0,0.11773036515157437,9.463644140933676,0.021386969849644707,-4.603031307719927,0.3169485489406526,0.6000000000000001,1.6263019030488568,2.618256853313297,18.115272544303856,0.48296779580181187,0.730602015693435,0.6676945375225661,-0.4396512898032175,-0.06478906528606138,1.4609218905789056,Specialty Chemicals,Basic Materials,GURE
2012Q1,2012,Q1,2012-05-07,2012-03-31,3287107.0,23808674.0,4577099.0,0.5,6692792.0,0.28110729728165457,261798477.0,246693061.0,114549698.0,12065797.0,15105416.0,4766966.0,151011245.0,81214282.926,2630550.925999999,35.689782828724155,9.493753127124549,0.01254279641970568,0.013310812175620943,0.012854246160575782,35.689782828724155,0.013324683664288392,3.411121632645312,6.176729486292961,0.329211865938945,0.0,3.590519000974624,0.0,0.09094275212303851,9.045905463186559,0.012555867542346322,25.340866107684732,0.28110729728165457,2.5358178346651576,0.6401540774826074,2.018306896546415,24.475669900161154,-0.35713935121981627,2.3536432827293505,1.4098733698693895,-0.581259124134037,-0.16158658344063762,1.531763247200996,Specialty Chemicals,Basic Materials,GURE
2011Q4,2011,Q4,2012-03-15,2011-12-31,980160.0,30539134.0,1899311.0,0.14141,10410953.0,0.34090531185330925,258327699.0,243112756.0,105516744.0,12178385.0,15214943.0,4437972.0,147724138.0,62023499.99999999,-13326260.000000007,35.081205772005774,8.66426410398423,0.012489175618755463,0.013270796864315914,0.003889162436497757,35.081205772005774,0.0040317094673551395,2.0309514998034977,15.819738614103818,0.25512235976626413,0.0,4.535445694564995,0.0,0.11821858096603105,8.251988092017127,0.0037942504957627484,-8.485083539565863,0.34090531185330925,-0.8232375,-0.7320742893691259,0.4272102678936862,5.600512762077151,-0.2530542513501369,-0.8244807896931888,-0.7828426942076285,-0.8868515069792131,-0.09065545471545788,2.3296550767209565,Specialty Chemicals,Basic Materials,GURE
2011Q3,2011,Q3,2011-11-14,2011-09-30,5584346.0,37761975.0,8746245.0,0.8,13938031.0,0.36910227815150026,258779484.0,238631239.0,114731489.0,17137517.0,20148245.0,3150965.0,146743978.0,77206062.0,-5468817.0,34.46436149624495,6.694755663845585,0.012160844249925161,0.01318761539012082,0.02275430010030115,34.46436149624495,0.02340157149332825,2.0445451277376248,3.456360959725633,0.3235371124230721,0.0,7.560840567889519,0.0,0.14592337234894556,6.442293303049677,0.021579554583237362,3.341012240299968,0.36910227815150026,-0.44827586206896547,1.0076869189584934,0.0,-0.9340503762714022,-0.4701599160864117,-0.44286102668245,-0.32702095233024203,0.07555611878305338,0.5482081785356558,2.757104715979762,Specialty Chemicals,Basic Materials,GURE
2011Q2,2011,Q2,2011-08-16,2011-06-30,10023255.0,51300812.0,12996311.0,1.45,26306109.0,0.5127815325808098,245474680.0,224732102.0,99619802.0,17786187.0,20742578.0,3151972.0,141159632.0,107660442.5,50961555.5,32.35494393402665,5.600964501272814,0.01238106512655399,0.013523826693882834,0.0421948933512087,32.35494393402665,0.04460090441373614,2.098610885535301,2.685266475311663,0.4790612535631425,0.0,7.929862003850288,0.0,0.20898616509042806,5.404171169458636,0.04083213388851347,-3.7958461745830325,0.5127815325808098,-0.275,-0.3966146944774806,0.18411495694189997,1.3005013637931808,0.06128018439233106,-0.3022446433863309,-0.3579376101820082,0.1440516598366479,0.5487089966630564,2.883862308759977,Specialty Chemicals,Basic Materials,GURE
2011Q1,2011,Q1,2011-05-16,2011-03-31,14364999.0,45378532.0,20241508.0,2.0,24787148.0,0.5462307154405083,235180180.0,212209828.0,117576380.0,19269991.0,22970352.0,1804809.0,131136377.0,215015282.9,130972988.9,30.546173685963602,6.101527499416061,0.016595237744949424,0.01839156572899159,0.06510872811207764,30.546173685963602,0.06769243034304707,4.73825999704001,3.7419996148276793,1.0132201930817266,0.0,11.409176261864829,0.0,0.1929521952062457,5.992618937912321,0.06108082322243311,11.495758254437048,0.5462307154405083,0.1599986080016704,6.131497902591563,4.723780646185677,20.80411803767808,0.23014667675777614,0.19711946286375162,0.2574144341665237,0.6761827446075972,0.48531837083238927,3.4579590429667304,Specialty Chemicals,Basic Materials,GURE
2010Q4,2010,Q4,2011-03-16,2010-12-31,11999637.0,37131502.0,16097722.0,1.72414,20149750.0,0.5426591684871783,206721024.0,192685194.0,93799003.0,14035830.0,14035830.0,2679899.0,116771378.0,372012000.0,303517520.0,27.68465431034483,6.682825525815003,0.0,0.0,0.06152276876141553,27.68465431034483,0.06227586433029203,10.01877058461034,7.750484452154678,1.9306724729456899,0.0,6.336713435842172,0.0,0.17962131418234462,6.414776254770826,0.0580474920635068,-64.00139284559766,0.5426591684871783,-0.19807441860465114,2.2659499095422553,0.7278170532344455,4.208854999931135,-0.058892966966172834,-0.19276457033392708,-0.18871137240877559,2.2659499095422553,0.7278170532344455,4.208854999931135,Specialty Chemicals,Basic Materials,GURE
2010Q3,2010,Q3,2010-11-15,2010-09-30,14865102.0,44758294.0,19842164.0,2.15,21410689.0,0.47836249075981313,194270326.0,178963274.0,88893473.0,15307052.0,15307052.0,1255279.0,104771741.0,266381638.45000002,192983267.45000002,25.831877622419512,5.807354218173428,0.0,0.0,0.08250824576994448,25.831877622419512,0.0830623047273934,5.951559245086509,4.479983360524536,1.4884709722621638,0.0,18.599534446127116,0.0,0.23039182010741055,5.6780335625697225,0.07651761494444602,15.961170365781063,0.47836249075981313,-0.08510638297872347,-0.589820450947223,-0.48502667115175513,1.2831274669521304,-0.07159932921415949,-0.09505057241539482,-0.09302940211467484,1.709534906757022,0.9609141374928563,4.582313885052287,Specialty Chemicals,Basic Materials,GURE
2010Q2,2010,Q2,2010-08-16,2010-06-30,16426445.0,46751809.0,21877406.0,2.35,23061906.0,0.4932837144333816,182148805.0,161279406.0,81969932.0,20869399.0,20869399.0,630835.0,89906639.0,297106410.25,241909038.25,23.314712334450547,3.9277571912827964,0.0,0.0,0.1015733405956684,23.314712334450547,0.10185085255088303,6.3549714247420885,4.521769778092582,1.8421844277501869,0.0,37.55324767966267,0.0,0.2566682169559114,3.845567761678235,0.09018145905486451,-1026.8347154923931,0.4932837144333816,1.0434782608695654,-0.6456040360648321,-0.4830895748759563,1.2416817777557043,0.7136309112872503,1.0553260104682902,0.9789200129350601,6.57776896992386,4.397736845539237,11.269224562491232,Specialty Chemicals,Basic Materials,GURE
2010Q1,2010,Q1,2010-05-11,2010-03-31,7992136.0,29693418.0,11055225.0,1.15,13457919.0,0.4532290287362674,155436341.0,143562336.0,70732520.0,11874005.0,11874005.0,597009.0,73480194.0,401255880.29999995,345684639.29999995,20.76927470463291,5.956921864189884,0.0,0.0,0.05529211027854273,20.76927470463291,0.055670144570509075,13.513293764294833,12.551584466905968,2.794994087446445,0.0,27.19473073270252,0.0,0.19103266204651587,5.875659139439473,0.05141742239030189,50.481695926120786,0.4532290287362674,0.09726542373528226,1.2078902416693933,-0.12731896041484525,1.1887060543943702,-0.003327593557834564,0.1824635006419697,0.08266113572416216,2.98774624668085,2.7642826168379204,13.825284563377936,Specialty Chemicals,Basic Materials,GURE
2009Q4,2009,Q4,2010-03-02,2009-12-31,6758886.0,29385314.0,10211159.0,1.04806,13502851.0,0.45951018253539844,146423168.0,134382970.0,63707412.0,12040198.0,12040198.0,650332.0,65488058.0,376035000.0,330498265.0,20.834568992248062,5.291226273853636,0.0,0.0,0.05290426640243864,20.834568992248062,0.05029570339158303,12.79669837797207,13.908911912406868,2.7982340321842862,0.0,24.422084412269424,0.0,0.20068759883681794,5.20688654787903,0.04615994922333602,55.190385438139316,0.45951018253539844,-0.2236592592592593,1.0954080889045041,-0.30265985494720576,1.2265702452132867,0.11285292138447585,-0.18839574870223985,-0.08320352843079767,0.9850253508583706,0.47548602241924653,2.9200145918430205,Specialty Chemicals,Basic Materials,GURE
2009Q3,2009,Q3,2009-11-09,2009-09-30,8327810.0,27667158.0,11137869.0,1.35,12133545.0,0.4385540791721361,117405590.0,104069408.0,35543655.0,13336182.0,13336182.0,471469.0,58873412.0,234129742.0,214873238.0,16.89079512162107,2.6652047040149873,0.0,0.0,0.0798803101332045,16.89079512162107,0.0800216909084368,8.462370511636937,7.028550783459276,2.2497460733129184,0.0,32.9472627044408,0.0,0.235654520368238,2.601191930344082,0.07093197180815666,-24.74361923466854,0.4385540791721361,-0.03571428571428559,7.994875686025469,-0.2834017273863861,0.0,-0.07695251756682132,-0.07175907452000779,-0.07366272726115908,1.012882343078247,0.0,-0.9676784500165739,Specialty Chemicals,Basic Materials,GURE
2009Q2,2009,Q2,2009-08-10,2009-06-30,8971604.0,29590897.0,12023557.0,1.4,13145093.0,0.444227594722796,113632088.0,90162525.0,51021434.0,23469563.0,23469563.0,329800.0,50545601.0,70857927.2,36929482.2,14.76031449590583,2.173940520324132,0.035454333990589,0.044683198479634416,0.09506117241929751,14.76031449590583,0.09950479980457513,2.3945853077721844,1.9745055399235185,0.785891113852457,0.0,49.86599151000606,0.0,0.26040969167089495,2.131797809784528,0.07895308585722723,15.804330861278704,0.444227594722796,0.16666666666666663,8.771937052346493,-0.2269423675243075,0.0,0.30244888382555213,0.3732507958685552,0.35579830922654515,-0.3858845073079111,-0.2233564037983882,1.1370886206781923,Specialty Chemicals,Basic Materials,GURE
2009Q1,2009,Q1,2009-05-11,2009-03-31,6533114.0,23633538.0,8868249.0,1.2,10092598.0,0.4270455824261268,98485461.0,81093416.0,43250208.0,17392045.0,17392045.0,499976.0,41573997.0,55225036.8,30953368.799999997,14.096808960388053,2.486781054211854,0.05766079523149107,0.07002726337240497,0.07533273696443514,14.096808960388053,0.08056281659167003,2.336723210887849,2.113273884398772,0.6810051854271375,0.0,27.083179992639646,0.0,0.23996981645849227,2.449793626913914,0.06633582189354832,-61.98673591367097,0.4270455824261268,-0.040767386091127046,2.3473727801100126,-0.25650542076726457,1.1349314969077058,0.021248129669375837,0.04948425487837809,0.044829318114850004,2.9168712012906357,2.600022181101045,9.062421882585552,Specialty Chemicals,Basic Materials,GURE
2008Q4,2008,Q4,2009-03-16,2008-12-31,6225071.0,24133725.0,8487749.0,1.251,9882611.0,0.4094938100106801,89359466.0,52469220.0,43222299.0,18552753.0,36890246.0,418259.0,35040883.0,29880000.0,26023699.0,10.535987951807229,2.3296973230873066,0.3023937385659847,0.515001804867692,0.07809335803255163,10.535987951807229,0.11864233926099911,1.2381014534639805,1.199986313409116,0.5694767332161599,0.0,34.07246227815779,0.0,0.27007463316757063,2.293747456240052,0.0696632520163001,4.1052685378704155,0.4094938100106801,0.5637499999999998,7.316794790606206,-0.2266403237290884,1.1159759295198914,0.6026223845682941,0.6658378158800567,0.6698194424825803,1.367912320154831,0.5694934063161936,0.9823412966178271,Specialty Chemicals,Basic Materials,GURE
2008Q3,2008,Q3,2008-11-13,2008-09-30,3736901.0,17554873.0,5083034.0,0.8,6166525.0,0.35127141050806804,81549986.0,45713697.0,34238632.0,17548796.0,35836289.0,2124304.0,28815812.0,33887405.6,37973788.6,9.17311709457038,1.951053052300568,0.33060389489214626,0.5897738483063402,0.05114883572755153,9.17311709457038,0.08174576210714264,1.9303703080050765,2.2670794329311907,0.7412965440095558,0.0,5.360978466358864,0.0,0.21526518716998921,1.808953161231118,0.04582344134308006,4.3626963862547425,0.35127141050806804,-0.33333333333333326,3.9902181530193896,-0.4378496563339405,0.0,-0.36449040509617575,-0.4055114383615798,-0.4061122013975373,-0.8566504823992115,-0.7192062494050337,1.1005409457648918,Specialty Chemicals,Basic Materials,GURE
2008Q2,2008,Q2,2008-08-13,2008-06-30,6285909.0,23766179.0,8558913.0,1.2,9703276.0,0.4082808599564953,73636172.0,41515114.0,25682386.0,13883565.0,32121058.0,1884271.0,25078911.0,189370796.0,204223376.0,8.330610449564778,1.8498408730034397,0.2884111493465467,0.5115605126364341,0.09978755469951604,8.330610449564778,0.15141254339323265,7.9680791767157855,7.531559715547902,4.561490448996479,0.0,7.463312336707405,0.0,0.32275141896295206,1.364334520708478,0.08536441845456062,-39.831193180790414,0.4082808599564953,0.0,7.392274891462705,-0.23894831409608683,0.0,0.034460091264012865,0.02249954494370234,0.019687471369770265,-0.8117509822911045,-0.6352496806596322,1.0863556330594764,Specialty Chemicals,Basic Materials,GURE
2008Q1,2008,Q1,2008-05-14,2008-03-31,6147591.0,21915512.0,8393663.0,1.2,9380039.0,0.42800911975043066,62905574.0,34146811.0,21735120.0,7908763.0,28758763.0,449885.0,18793002.0,184387354.0,194252813.0,6.852053460238928,2.748232561779889,0.3314491653792079,0.6105987466882339,0.11177254038793043,6.852053460238928,0.18003411797371063,8.41355447228429,7.498358056025523,5.3998411154704895,0.0,27.863727397001455,0.0,0.34838744178695513,2.316375139829073,0.09772728566152182,-66.7938471547637,0.42800911975043066,1.2722538865009185,1181.044305315762,100.07030760157966,0.0,0.5319073915204215,1.3384402311512524,0.6109066636522528,1.2218022679098894,-0.10661892687075798,1.0622565781121163,Specialty Chemicals,Basic Materials,GURE
2007Q4,2007,Q4,2008-03-12,2007-12-31,2628928.0,15376761.0,5210521.0,0.52811,6123111.0,0.39820551285150363,46329832.0,26468308.0,15527540.0,14377524.0,19861524.0,413391.0,12645411.0,278880000.0,283529875.0,5.314921285140562,1.079987068705293,0.33291184824499254,0.5827251972434354,0.06210956353917922,5.314921285140562,0.09932361373458401,18.13645929724732,26.520315505027142,10.536374293362464,0.0,22.384739870969614,0.0,0.33189762052234506,1.0237419878415783,0.05674374126804518,-28.681074738121158,0.39820551285150363,-0.33986250000000007,2.512290011676781,-0.5072552244191405,1.0585045217580664,-0.107385041280689,-0.33383151633373803,-0.1576900382962145,1.048063914580863,-0.5273827508650901,1.0577983167931941,Specialty Chemicals,Basic Materials,GURE
2007Q3,2007,Q3,2007-11-13,2007-09-30,3946341.0,16418611.0,6185990.0,0.8,6859745.0,0.41780300416399413,33303662.0,23060628.0,16774582.0,10243034.0,10243034.0,363748.0,10016483.0,153490013.6,148125284.6,4.627449862966198,1.6376575534163023,0.18025044813390192,0.2603138127894869,0.13663411029992578,4.627449862966198,0.17112894757245986,9.34853828987117,9.723565044176366,6.655933810649043,0.0,26.278813904131432,0.0,0.49299716649778635,1.5286473714721633,0.11849570776931377,38.618804480274065,0.41780300416399413,1.6666666666666667,4.269902118414347,-0.4742355688833895,0.0,0.3400585545309826,0.27265154644760636,0.296317329607131,4.269902118414347,-0.4742355688833895,0.0,Specialty Chemicals,Basic Materials,GURE
2007Q2,2007,Q2,2007-06-30,2007-06-30,3100881.0,12389951.0,4771972.0,0.3,5118989.0,0.413156516922464,27334939.0,18803759.0,10613308.0,8531180.0,8531180.0,479264.0,6070142.0,198896796.3,197593549.3,1.9002596468669215,1.2440609622584449,0.0,0.0,0.1654523369406441,1.9002596468669215,0.16490750599388132,16.053073680436672,16.035507030098866,10.57750188672382,0.0,15.1710998531081,0.0,0.4532642637322147,1.1132734275914937,0.11344020193350349,-96.65187286064996,0.413156516922464,0.0,1.0849439727587338,-0.8001877753943036,0.0,0.2675078770621189,0.21279147125738174,0.23740180399305577,1.0849439727587338,-0.8001877753943036,0.0,Specialty Chemicals,Basic Materials,GURE
2007Q1,2007,Q1,2007-05-15,2007-03-31,2556813.0,10063327.0,3856445.0,0.3,4038625.0,0.40132105416031894,14214264.0,12353815.0,9214512.0,1860449.0,1860449.0,526544.0,2969261.0,194001676.0,190692070.0,1.400935989851964,4.952843104003389,0.0,0.0,0.20659891746827705,1.400935989851964,0.20696545965760374,19.27808526941438,18.969091208469294,15.70378672499143,1.8537139790825532,11.441972560697682,0.024430716773807662,0.7079738352967132,3.2247688595602457,0.17987656624359868,177.07781772643173,0.40132105416031894,0.0,276.8269439316456,25.227697025103097,0.0,0.0,0.0,0.0,1.3439921076970938,-0.793475000477541,1.0134094454080904,Specialty Chemicals,Basic Materials,GURE
