Quarters,Year,Quarter,FillingDate,Date,NetIncome,Revenue,OperatingIncome,EPSDiluted,GrossProfit,GrossProfitRatio,TotalAssets,CommonStockEquity,CurrentAssets,CurrentLiability,TotalLiability,Inventory,RetainedEarnings,MarketCap,EnterpriseValue,bookValuePerShare,currentRatio,debtToAssets,debtToEquity,roic,shareholdersEquityPerShare,roe,priceToSalesRatio,peRatio,pbRatio,payoutRatio,inventoryTurnover,dividendYield,assetTurnover,quickRatio,returnOnAssets,priceToFreeCashFlowsRatio,grossProfitMargin,epsdilutedGrowth,fiveYNetIncomeGrowthPerShare,fiveYRevenueGrowthPerShare,fiveYShareholdersEquityGrowthPerShare,grossProfitGrowth,netIncomeGrowth,operatingIncomeGrowth,threeYNetIncomeGrowthPerShare,threeYRevenueGrowthPerShare,threeYShareholdersEquityGrowthPerShare,Industry,Sector,Symbol
2019Q2,2019,Q2,2019-05-31,2019-05-31,0.0,0.0,0.0,0.0,0.0,0.0,70421078.0,49202535.0,0.0,0.0,21218543.0,0.0,-6699319.0,0.0,19998145.0,0.0,0.0,0.2840058767632043,0.4064831212456838,,0.0,0.0,0.0,0.0,0.0,0.0,0.0,,0.0,0.0,0.0,0.0,0.0,0.0,0.0,0.0,0.0,0.0,0.0,0.0,0.0,0.0,0.0,Asset Management,Financial Services,CIF
2018Q2,2018,Q2,2018-05-31,2018-05-31,0.0,0.0,0.0,0.0,0.0,0.0,73258187.0,51140265.0,0.0,0.0,22117922.0,0.0,-1156429.0,0.0,21998253.0,0.0,0.0,0.30030773215831835,0.43018940163880653,,0.0,0.0,0.0,0.0,0.0,0.0,0.0,,0.0,0.0,0.0,0.0,0.0,0.0,0.0,0.0,0.0,0.0,0.0,0.0,0.0,0.0,0.0,Asset Management,Financial Services,CIF
2022Q4,2022,Q4,2022-11-30,2022-11-30,,,,,,,51759463.0,35544955.0,894272.0,77753.0,16214508.0,0.0,-13298560.0,0.0,15997822.0,0.0,11.501446889509086,0.3091222179024539,0.45013420329270354,,0.0,,0.0,0.0,0.0,0.0,0.0,,,11.501446889509086,,0.0,0.0,0.0,0.0,0.0,0.0,0.0,0.0,0.0,0.0,0.0,0.0,Asset Management,Financial Services,CIF
2022Q2,2022,Q2,2022-05-31,2022-05-31,,,,,,,56718307.0,39118595.0,1127079.0,0.0,17599712.0,0.0,-11134158.0,0.0,17500000.0,0.0,0.0,0.3085423547638684,0.4473575801993911,,0.0,,0.0,0.0,0.0,0.0,0.0,,,0.0,,0.0,0.0,0.0,0.0,0.0,0.0,0.0,0.0,0.0,0.0,0.0,0.0,Asset Management,Financial Services,CIF
2021Q2,2021,Q2,2021-05-31,2021-05-31,,,,,,,66519436.0,46998389.0,0.0,0.0,19521047.0,0.0,-4834408.0,0.0,18499851.0,0.0,0.0,0.278114204095176,0.3936305135905829,,0.0,,0.0,0.0,0.0,0.0,0.0,,,0.0,,0.0,0.0,0.0,0.0,0.0,0.0,0.0,0.0,0.0,0.0,0.0,0.0,Asset Management,Financial Services,CIF
2020Q4,2020,Q4,2020-11-30,2020-11-30,,,,,,,66817174.0,47584688.0,0.0,0.0,19232486.0,0.0,-4147786.0,0.0,18499296.0,0.0,0.0,0.27687492440192096,0.3887805253656386,,0.0,,0.0,0.0,0.0,0.0,0.0,,,0.0,,0.0,0.0,0.0,0.0,0.0,0.0,0.0,0.0,0.0,0.0,0.0,0.0,Asset Management,Financial Services,CIF
2020Q2,2020,Q2,2020-05-31,2020-05-31,,,,,,,64448275.0,45279675.0,0.0,0.0,19168600.0,0.0,-8423212.0,0.0,18498607.0,0.0,0.0,0.28705190325109553,0.4085718371432657,,0.0,,0.0,0.0,0.0,0.0,0.0,,,0.0,,0.0,0.0,0.0,0.0,0.0,0.0,0.0,0.0,0.0,0.0,0.0,0.0,Asset Management,Financial Services,CIF
2019Q4,2019,Q4,2019-11-30,2019-11-30,,,,,,,71923539.0,50386827.0,0.0,0.0,21536712.0,0.0,-3674004.0,0.0,19944940.0,0.0,0.0,0.27807307980214935,0.3969291418171658,,0.0,,0.0,0.0,0.0,0.0,0.0,,,0.0,,0.0,0.0,0.0,0.0,0.0,0.0,0.0,0.0,0.0,0.0,0.0,0.0,Asset Management,Financial Services,CIF
2018Q4,2018,Q4,2018-11-30,2018-11-30,,,,,,,68815946.0,48507520.0,0.0,0.0,20308426.0,0.0,-7603479.0,0.0,19999245.0,0.0,0.0,0.29063031408447104,0.41230720515087144,,0.0,,0.0,0.0,0.0,0.0,0.0,,,0.0,,0.0,0.0,0.0,0.0,0.0,0.0,0.0,0.0,0.0,0.0,0.0,0.0,Asset Management,Financial Services,CIF
