Quarters,Year,Quarter,FillingDate,Date,NetIncome,Revenue,OperatingIncome,EPSDiluted,GrossProfit,GrossProfitRatio,TotalAssets,CommonStockEquity,CurrentAssets,CurrentLiability,TotalLiability,Inventory,RetainedEarnings,MarketCap,EnterpriseValue,bookValuePerShare,currentRatio,debtToAssets,debtToEquity,roic,shareholdersEquityPerShare,roe,priceToSalesRatio,peRatio,pbRatio,payoutRatio,inventoryTurnover,dividendYield,assetTurnover,quickRatio,returnOnAssets,priceToFreeCashFlowsRatio,grossProfitMargin,epsdilutedGrowth,fiveYNetIncomeGrowthPerShare,fiveYRevenueGrowthPerShare,fiveYShareholdersEquityGrowthPerShare,grossProfitGrowth,netIncomeGrowth,operatingIncomeGrowth,threeYNetIncomeGrowthPerShare,threeYRevenueGrowthPerShare,threeYShareholdersEquityGrowthPerShare,Industry,Sector,Symbol
2023Q1,2023,Q1,2023-03-31,2023-03-31,146201000.0,243574000.0,154482000.0,7.18,163523000.0,0.6713483377,3481322000.0,2690237000.0,469785000.0,252880000.0,791085000.0,15692000.0,2017250000.0,1111462380.0,1240979380.0,132.2048749324291,1.8577388484656754,0.14049174422819838,0.18180442838307553,0.04785013853459481,132.2048749324291,0.05434502610736526,4.563140482974373,1.9005724653046148,0.41314664098367543,0.10439053084452227,5.101389242926332,0.013731458909117554,0.06996594971680299,1.6377056311293894,0.041995828021653844,9.12096358056098,0.6713483376715085,-0.054018445322793165,2.758552405507879,-0.16071541007737794,0.8317150543688883,-0.045004058891893316,-0.04269222962133564,0.04395953425194456,5.069272826565142,1.7697328265704841,2.595061784804017,Marine Shipping,Industrials,DAC
2022Q4,2022,Q4,2022-12-31,2022-12-31,152721000.0,252483000.0,147977000.0,7.59,171229000.0,0.6781803131,3400228000.0,2560414000.0,372521000.0,228407000.0,839814000.0,16099000.0,1886311000.0,1078576538.04,1312859538.04,125.00865398483168,1.6309526415565196,0.14762274765103986,0.19604290556136625,0.052690052561517105,125.00865398483168,0.05964699458759404,4.271877861242143,1.7655995868937473,0.4212508360132384,0.0994296789570524,5.047145785452512,0.014078741252423619,0.07425472644775585,1.4118393919625931,0.04491492923415724,25.992301379410062,0.6781803131299929,1.3069908814589666,1.564203195552981,-0.1531810916748698,0.78679230506222,-0.029259028289585577,1.2862425149700598,-0.10937170852668388,4.418159030787218,1.748671568193612,2.484033678922602,Marine Shipping,Industrials,DAC
2022Q3,2022,Q3,2022-09-30,2022-09-30,66800000.0,260037000.0,166149000.0,3.29,176390000.0,0.6783265458,3696288000.0,2422742000.0,668804000.0,288295000.0,1273546000.0,15860000.0,1748778000.0,1130248320.0,1498832320.0,119.35277599881768,2.3198598657625,0.2502313131444303,0.38176867367635514,0.045904049546808906,119.35277599881768,0.0275720650403551,4.34649038406073,4.2299712574850306,0.4665161705208396,0.22796407185628742,5.274085750315258,0.013473145441171725,0.07035084928447134,2.1099810957526146,0.01807218485139686,7.168033282808745,0.6783265458377077,7.225,0.1510822755255489,-0.11528420377488119,0.8150447884690402,0.05529231579199272,7.122568093385214,0.0595561507556916,0.4521133831380076,0.7112903675493559,1.2519704563607188,Marine Shipping,Industrials,DAC
2022Q2,2022,Q2,2022-06-30,2022-06-30,8224000.0,250923000.0,156810000.0,0.4,167148000.0,0.6661326383,3738103000.0,2387478000.0,701793000.0,336076000.0,1350625000.0,14442000.0,1697209000.0,1305475900.0,1952050900.0,115.39842428343565,2.088197312512646,0.2584594378485558,0.40467304829615186,0.03556489343929308,115.39842428343565,0.003444639071019712,5.202695249140175,39.684943458171205,0.5468012270688987,1.8889834630350195,5.800789364353967,0.011899874980457317,0.06712575870702332,1.9075000892655232,0.0022000463871648264,3.1156199136058804,0.6661326382993986,-0.975,-0.8458495068432947,-0.16459179549374087,0.8321117759073899,0.1129177236681781,-0.9751889339749295,0.11944773626122589,-0.802961677811062,0.6131296386489936,1.2819428201160405,Marine Shipping,Industrials,DAC
2022Q1,2022,Q1,2022-03-31,2022-03-31,331465000.0,229901000.0,140078000.0,16.0,150189000.0,0.6532768453,3904221000.0,2404968000.0,922622000.0,322521000.0,1499253000.0,12386000.0,1704523000.0,2123098260.0,3236553260.0,116.19886940136251,2.8606571355043546,0.33265842276858815,0.540037123155069,0.03454922981410451,116.19886940136251,0.13782511867101765,9.234836995054392,1.60129897575913,0.8827968854471244,0.04686769342162823,6.4356531567899244,0.007317136607704629,0.05888524240815261,2.6791495747563725,0.08489913865019424,18.08107800137965,0.6532768452507819,1.1108179419525066,5.811996906939186,-0.2084594750009417,0.9260630184278361,0.09808150671911328,1.1481296661136458,-0.23696481098158842,6.153960648095104,0.46992656528061455,1.3929711775456293,Marine Shipping,Industrials,DAC
2021Q4,2021,Q4,2021-12-31,2021-12-31,154304000.0,215038000.0,183580000.0,7.58,136774000.0,0.6360457222,3627125000.0,2088023000.0,632492000.0,319307000.0,1539102000.0,12579000.0,1388595000.0,1519426100.0,2726010100.0,102.5853886214012,1.9808272289677333,0.3683341489471689,0.6398368217208336,0.0451961832616341,102.5853886214012,0.07389956911394176,7.065849291753086,2.4617412704790542,0.7276864766336387,0.06671246370800497,6.221798235153828,0.006774926401488035,0.059286073680945656,1.8488351335861726,0.04254168246200503,37.675769297527836,0.6360457221514337,-0.28151658767772514,1.1331731027002057,-0.26072087732629357,0.6500492496181794,0.11949253120523838,-0.2896647286018773,0.6353108854445039,1.6257647993988065,0.3649371637160925,1.2183055122142104,Marine Shipping,Industrials,DAC
2021Q3,2021,Q3,2021-09-30,2021-09-30,217227000.0,195915000.0,112260000.0,10.55,122175000.0,0.6236122808360769,3578605000.0,1922700000.0,573932000.0,391763000.0,1655905000.0,12037000.0,1232896000.0,1666992600.0,2947017600.0,94.46300481477842,1.4649979707118845,0.3837341645697136,0.7142211473448796,0.03176484170209298,94.46300481477842,0.11298018411608675,8.508754306714646,1.918491485865017,0.8670060851926978,0.04739281949297279,6.1261111572650995,0.006175792262065231,0.05474619299978623,1.375507641099338,0.060701586232624165,-10.492809215081513,0.6236122808360769,-0.4171270718232044,10.96820085374895,-0.3244779756214635,-0.19948623932307472,0.482184668017324,-0.41736737501911025,0.5430079445803667,-0.01204973088874769,-0.03759276198113001,0.2614954802014335,Marine Shipping,Industrials,DAC
2021Q2,2021,Q2,2021-06-30,2021-06-30,372837000.0,146434000.0,72754000.0,18.1,82429000.0,0.5629088872802764,3200130000.0,1713193000.0,348486000.0,228824000.0,1486937000.0,9799000.0,1025969000.0,1562983660.0000002,2633773660.0,84.16984376535325,1.522943397545712,0.4266101689618859,0.7968792774661115,0.02197834066760335,84.16984376535325,0.2176269690571932,10.673639045576849,1.048034167746227,0.9123219975799575,0.02762064923813892,6.531788958056945,0.006588680524017762,0.04575876605012921,1.4109359158130266,0.11650682941005522,15.041705899335966,0.5629088872802764,0.25086385625431934,2.217689432706742,-0.5881380630813204,-0.2923601312651666,0.16075929759339838,0.2562740076824584,0.2628929507542224,23.60809847932095,-0.5027219122731537,0.15030066446046356,Marine Shipping,Industrials,DAC
2021Q1,2021,Q1,2021-03-31,2021-03-31,296780000.0,132118000.0,57609000.0,14.47,71013000.0,0.5374967831786737,3254562000.0,1357746000.0,196796000.0,190620000.0,1896816000.0,9272000.0,663432000.0,1006735730.0,2623243730.0,66.90711082639334,1.032399538348547,0.5176155808369913,1.240741640925475,0.018248638772362574,66.90711082639334,0.2185828571765264,7.619974038359648,0.8480488324684952,0.7414757473047242,0.0,6.590271786022433,0.0,0.04059470982577686,0.9055503095163152,0.09118892188872113,11.568749626531222,0.5374967831786737,7.234820398804975,1.5996802038370237,-0.6285742019025851,-0.4085509167064761,0.15235947033623265,5.873248569906668,0.09570724841660802,6.6507095311951,-0.5435038406302731,-0.07299362290784701,Marine Shipping,Industrials,DAC
2020Q4,2020,Q4,2020-12-31,2020-12-31,43179000.0,119642000.0,52577000.0,1.7571725064094739,61624000.0,0.5150699587101519,2714380000.0,1035577000.0,118448000.0,239685000.0,1678803000.0,9619000.0,366652000.0,526599390.0,1924043390.0,42.1428803971839,0.4941819471389532,0.5390206971757823,1.4128423091667737,0.020076875374219486,42.1428803971839,0.041695595788627984,4.401459270155965,3.0489322934759953,0.5085081939826782,0.0,6.031604116852064,0.0,0.04407710047966755,0.39070029413605356,0.015907500055261238,34.7934846382557,0.5150699587101519,0.01570665110374213,1.1091728312226643,-0.7335623568700205,-0.6074152879764498,-0.005310477297306022,0.009185247510868041,-0.0029204832072215587,-0.3957200402179941,-0.6655324394145096,-0.3976371074599164,Marine Shipping,Industrials,DAC
2020Q3,2020,Q3,2020-09-30,2020-09-30,42786000.0,118932000.0,52731000.0,1.73,61953000.0,0.5209111088689335,2696021000.0,999712000.0,162620000.0,217473000.0,1696309000.0,9021000.0,323473000.0,180365820.0,1548982820.0,40.68335164611565,0.7477709876628363,0.5470969996153591,1.4754099180564002,0.020278151119930317,40.68335164611565,0.042798325917864345,1.516545757239431,1.0538833964380871,0.18041778032073238,0.0,6.316262055204523,0.0,0.04411389970627083,0.634860419454369,0.015870054424650254,2.920383737309953,0.5209111088689335,0.11612903225806448,-0.675429402607683,-0.7374185659778457,-0.6157134439753619,0.037582274029040845,0.11144014962593517,0.038932124913801595,-0.3909568626885693,-0.6657404535429856,-0.3813122085784829,Marine Shipping,Industrials,DAC
2020Q2,2020,Q2,2020-08-04,2020-06-30,38496000.0,116824000.0,50755000.0,1.55,59709000.0,0.5111021707868246,2700079000.0,949812000.0,144738000.0,238932000.0,1750267000.0,9358000.0,280687000.0,91657290.0,1501214290.0,38.652667561958246,0.6057706795238813,0.5535067677649431,1.5734819101043154,0.019706860689909022,38.652667561958246,0.040530125961769276,0.7845758577004726,0.5952390508104738,0.09650045482684995,0.0,6.103334045736268,0.0,0.04326688219122478,0.5017452664356385,0.014257360617967105,18.550352155434123,0.5111021707868246,0.3247863247863249,-0.6773220663652563,-0.7364699515762358,-0.611421773706416,0.15789167490837164,0.3233868472618516,0.16901213810258656,-0.3924825716369206,-0.6725298972794184,-0.3863347108053861,Marine Shipping,Industrials,DAC
2020Q1,2020,Q1,2020-05-19,2020-03-31,29089000.0,106196000.0,43417000.0,1.17,51567000.0,0.4855832611397793,2661507000.0,903648000.0,152073000.0,220867000.0,1757859000.0,8707000.0,242191000.0,98292000.0,1500921000.0,36.77402026614577,0.6885274848664581,0.5634582212257943,1.6595488508799887,0.017109244280302045,36.77402026614577,0.032190631750416095,0.9255715846171231,0.8447523118704665,0.10877244236693934,0.0,6.2741472378546,0.0,0.03990070287247037,0.5750202610620871,0.010929522259381621,7.457097337076094,0.4855832611397793,-0.1498237572818405,-0.6940545907690461,-0.7554945100395635,-0.6064371660381362,-0.11962645542390822,-0.13981133749297692,-0.11954493835171966,-0.49648226083990293,-0.6920432893892173,-0.3904494868285817,Marine Shipping,Industrials,DAC
2019Q4,2019,Q4,2020-02-27,2019-12-31,33817000.0,110204000.0,49312000.0,1.3761852439669555,58574000.0,0.5315052085223767,2683019000.0,881690000.0,190386000.0,223080000.0,1801329000.0,8494000.0,213102000.0,225580140.0,1614960140.0,35.880437878972856,0.8534427111350188,0.5697127005064071,1.7336592226292689,0.01934977048830389,35.880437878972856,0.03835475053590264,2.0469324162462343,1.6676533991779283,0.255849720423278,0.0,6.078408288203438,0.0,0.041074625263555715,0.747834857450242,0.012604085174201151,4.94313881888901,0.5315052085223767,-0.37446125274229297,1.2100555411878675,-0.7499894639666657,-0.5911229022590435,-0.02122184345966179,-0.0011224339093191553,-0.03595237629762859,1.0241749731738126,-0.6861788732931625,-0.4228760021890708,Marine Shipping,Industrials,DAC
2019Q3,2019,Q3,2019-11-06,2019-09-30,33855000.0,111830000.0,51151000.0,2.2,59844000.0,0.5351336850576768,2637684000.0,791756000.0,127588000.0,222203000.0,1845928000.0,8966000.0,179285000.0,134451000.0,1606924000.0,52.99926367226722,0.5741956679252755,0.5896445518113618,1.964362758223493,0.020555564039276233,52.99926367226722,0.04275938546723991,1.2022802468031835,0.9928444838280904,0.16981367997211264,0.0,5.798126254740129,0.0,0.04239704225373472,0.498953659491546,0.012835123540196627,2.5823681936041485,0.5351336850576768,0.1167512690355331,-0.20768949763134764,-0.5796282753003043,-0.42337671777443814,0.027505923560317298,0.12333266971929126,0.029464447440980538,3.116674300186723,-0.47463831958318037,-0.5508650189713521,Marine Shipping,Industrials,DAC
2019Q2,2019,Q2,2019-08-06,2019-06-30,30138000.0,112319000.0,49687000.0,1.97,58242000.0,0.5185409414257606,2648305000.0,755469000.0,122865000.0,223308000.0,1892836000.0,9165000.0,145430000.0,124292480.0,1621959480.0,50.57025235959569,0.5502042022677199,0.5952750910488029,2.086743466641252,0.02006440055952731,50.57025235959569,0.039893099518312464,1.1066024448223364,1.0310279381511713,0.16452360057130075,0.0,5.90038188761593,0.0,0.042411655757172984,0.4763958299747434,0.011380109164163493,2.858415472713474,0.5185409414257606,-0.10045949624818554,-0.0504458382472828,-0.5683334029543852,-0.4120086850558406,-0.029041077620698852,-0.09882486619023413,-0.02429110046343571,-0.64562115292268,-0.5695812291630648,-0.5748414736114543,Marine Shipping,Industrials,DAC
2019Q1,2019,Q1,2019-05-03,2019-03-31,33443000.0,112891000.0,50924000.0,2.190007,59984000.0,0.5313443941501094,2664402000.0,725414000.0,125067000.0,215235000.0,1938988000.0,9493000.0,115292000.0,182751762.5668,1702063762.5668,48.55840742743205,0.5810718516969824,0.6007430560403423,2.2064931197909057,0.021893049760644188,48.55840742743205,0.04610195005886294,1.618833765019355,1.3661436067846784,0.25192753733288853,0.0,5.573264510692089,0.0,0.04237010781406109,0.5056612539782098,0.01255178460307416,3.1874380843603385,0.5313443941501094,1.1807711905703464,1.085936755449484,-0.5630800711928564,-0.3989730193225405,-0.0018802935254671614,1.1847853113275832,1.3164730813928196,-0.6020621193527322,-0.5688839894478198,-0.5707507736559025,Marine Shipping,Industrials,DAC
2018Q4,2018,Q4,2019-01-04,2018-12-31,-180983000.0,115631000.0,-160911000.0,-12.114800998380145,60097000.0,0.5197308680198217,2679842000.0,690853000.0,119750000.0,222701000.0,1988989000.0,8884000.0,81849000.0,156859489.5,1701469489.5,46.24493247506074,0.5377164898226771,0.6052166508323998,2.3476557241555005,-0.0695759744510619,46.24493247506074,-0.26197034680315495,1.3565522178308584,-0.21667710434129173,0.22705190467436634,0.0,6.25101305718145,0.0,0.043148439348289935,0.4691043147538628,-0.06753495168745023,3.2940525735525736,0.5197308680198217,-2.123828761340411,-21.403650381600045,-0.5875313476978226,-0.39469276620079224,-0.03755485090163672,-2.4226321953826924,-4.072286396181385,-15.541662260391742,-0.5764322529399213,-0.5692023580931261,Marine Shipping,Industrials,DAC
2018Q3,2018,Q3,2018-11-16,2018-09-30,127217000.0,117781000.0,52375000.0,10.779935,62442000.0,0.5301534203309533,2921347000.0,881845000.0,119680000.0,239424000.0,2039502000.0,9740000.0,262832000.0,201142602.92,1766916602.92,74.88176239814567,0.49986634589681905,0.5634068804561732,1.8664357114912484,0.020719991518155262,74.88176239814567,0.14426231367190379,1.7077678311442421,0.3952746152636833,0.22809292213484225,0.0,5.681622176591376,0.0,0.04031736045050451,0.426348235765838,0.043547377288627474,3.663265879653238,0.5301534203309533,14.399995142829388,8.627953468644574,-0.4723089024222951,0.02275543038997958,0.09853802712830527,20.791195614936623,0.07645668482170383,1.0136992999163599,-0.45739659842495095,-0.292682303283483,Marine Shipping,Industrials,DAC
2018Q2,2018,Q2,2018-07-09,2018-06-30,5838000.0,113466000.0,48655000.0,0.699996,56841000.0,0.500951826979007,2966762000.0,573876000.0,142698000.0,189594000.0,2392886000.0,9057000.0,135615000.0,208619331.20000002,2424014331.2,73.17203785571334,0.7526504003291243,0.7711498259718845,3.986606862806599,0.017002167247790995,73.17203785571334,0.01017292934362127,1.838606553505015,8.933681534772182,0.3635268441266058,0.0,6.252070221927791,0.0,0.03824573727181351,0.6495775182758948,0.0019678019335558432,10.959200000000001,0.500951826979007,-0.6428569970836556,-0.7016102324463868,-0.22694001133414002,0.07307243026261806,0.013172435920288047,-0.6105923159018143,0.01876086182709018,-0.8466785137101028,-0.19804669205320075,-0.264395901300128,Marine Shipping,Industrials,DAC
2018Q1,2018,Q1,2018-06-25,2018-03-31,14992000.0,111854000.0,47759000.0,1.959988,56102000.0,0.5015645394889767,2966251000.0,566060000.0,122806000.0,2346091000.0,2400191000.0,0.0,129777000.0,137249560.0,2365621560.0,72.17545906886696,0.052344943141591695,0.7724737387362027,4.047894216160831,0.016714081383462163,72.17545906886696,0.026484824930219412,1.2270420369410124,2.2887133137673428,0.2424646857223616,0.0,0.0,0.0,0.03770887898562866,0.02971751735120249,0.005054191300736182,3.9356969575316145,0.5015645394889767,-0.32597313838393405,0.11465651509386644,-0.2353562476801589,0.16788423017913623,-0.016599765114200072,-0.3426291326843813,-0.035619813016174305,-0.5059624136311943,-0.1931045917540833,-0.22756397021426542,Marine Shipping,Industrials,DAC
2017Q4,2017,Q4,2018-03-07,2017-12-31,22806000.0,114168000.0,49523000.0,2.9078781746185562,57049000.0,0.49969343423726437,2986396000.0,548705000.0,125999000.0,2379839000.0,2437691000.0,8841000.0,114785000.0,159209489.6,2421915489.6,69.96261044479851,0.052944337831256655,0.7800710287584098,4.245634721753948,0.01720560635318135,69.96261044479851,0.041563317265197144,1.3945193889706398,1.7452588090853285,0.2901549823675746,0.0,6.460694491573351,0.0,0.038229357392656566,0.045130784057240844,0.007636629569554741,3.5805575081524794,0.49969343423726437,0.03853422489299261,1.1955362956643751,-0.2490337640181916,0.24453884111496066,0.02486301985089374,0.016899273197485173,0.018090989453775467,1.4438471683631537,-0.18849609357113442,-0.20273801547403952,Marine Shipping,Industrials,DAC
2017Q3,2017,Q3,2017-10-31,2017-09-30,22427000.0,113588000.0,48643000.0,2.799983,55665000.0,0.4900605697784977,2998496000.0,515847000.0,127767000.0,2421358000.0,2482649000.0,9233000.0,91979000.0,153755904.4,2454674904.4,65.75748254647189,0.05276667060385123,0.7896905648698548,4.59028355306903,0.0168680781945334,65.75748254647189,0.04347606945470266,1.3536280628235378,1.7139597850804833,0.2980649386349053,0.0,6.273475576735622,0.0,0.03788165800454628,0.045769770517205634,0.007479416347395494,3.440422107359424,0.4900605697784977,0.11111097883519146,4.182216097161081,-0.27462114839972573,-0.016986729416057274,0.02587493780063029,0.10865589005882643,0.02928542711441207,-0.00048440623844736965,-0.18688228882300773,-0.28456939229747075,Marine Shipping,Industrials,DAC
2017Q2,2017,Q2,2017-08-01,2017-06-30,20229000.0,113888000.0,47259000.0,2.519985,54261000.0,0.4764417673503793,3023115000.0,494110000.0,127149000.0,2463957000.0,2529005000.0,8961000.0,69552000.0,186703598.20000002,2531587598.2,62.98656326592425,0.05160357912090187,0.7967622799661939,4.874833539090486,0.016280409285610444,62.98656326592425,0.04094027645665945,1.6393614621382413,2.3073755277077463,0.3778583679747425,0.0,6.654056466912175,0.0,0.03767240081836119,0.043845732697445614,0.006691442436030386,4.183084224676809,0.4764417673503793,0.05882345526402255,1.251793973278867,-0.22495281712970264,-0.0017888545850759526,0.08648031716791478,0.09683890907119232,0.12328864803194524,0.2137396061982066,-0.16647433200565837,-0.2676415396310199,Marine Shipping,Industrials,DAC
2017Q1,2017,Q1,2017-05-31,2017-03-31,18443000.0,110087000.0,42072000.0,2.379986,49942000.0,0.4536593784915567,3057099000.0,473268000.0,131535000.0,2515065000.0,2583831000.0,10580000.0,49323000.0,192194880.5,2581513880.5,60.32973391296965,0.052298847147091626,0.8029494628731356,5.186693374578463,0.014369029127407304,60.32973391296965,0.038969463390721534,1.745845381380181,2.6052551171176055,0.4061015756400179,0.0,5.684782608695652,0.0,0.03601028295125542,0.04246768970185661,0.006032843555279041,4.489905165163762,0.4536593784915567,1.041808396039909,0.9702479247752765,-0.1815484518300292,0.019455777739316043,0.0014638352483506787,1.0412995138467465,1.112861948526453,1.1906512388018633,-0.18861992536023447,-0.2532745668610525,Marine Shipping,Industrials,DAC
2016Q4,2016,Q4,2017-03-06,2016-12-31,-446567000.0,112107000.0,-372774000.0,-56.92602982731374,49869000.0,0.4448339532767802,3127064000.0,487713000.0,135954000.0,2566281000.0,2639351000.0,11395000.0,30880000.0,291037961.90000004,2722252961.9,62.17110710188766,0.05297705122704801,0.8010491630487895,5.136077980287587,-0.12456338790601625,62.17110710188766,-0.915634809816429,2.596073054314182,-0.16293073710103972,0.5967402179150444,0.0,5.46186924089513,0.0,0.03585056142119253,0.04455786408425266,-0.1428071187542052,7.964260238622993,0.4448339532767802,-49.82713001537844,-50.20208261948482,-0.1282612811541586,0.09988146298711041,0.010660073364002999,-52.181731570799094,-15.070660174385687,-104.27212704807933,-0.23845571296672446,-0.18623254813113518,Marine Shipping,Industrials,DAC
2016Q3,2016,Q3,2016-12-16,2016-09-30,-8397000.0,111752000.0,26493000.0,-1.119993,49343000.0,0.4415401961486148,3667888000.0,925486000.0,183468000.0,2664644000.0,2742402000.0,12386000.0,477447000.0,294265758.08000004,2756128758.08,118.00297440845891,0.06885272479175454,0.7061576035037057,2.798645252332288,0.007535855259695875,118.00297440845891,-0.00907307079739726,2.6332035049037157,-8.76103840895558,0.31795808697268246,0.0,5.038672694978201,0.0,0.030467669678027245,0.062288996203620446,-0.0022893283546280585,3.3040922298200113,0.4415401961486148,-1.1951218874815634,-9.007261709075472,-0.11954517435335582,1.303832017727936,-0.33049755091518435,-1.1880711342053396,-0.6037541130720909,-1.954228286517789,-0.24820551600206106,0.6117166451922317,Marine Shipping,Industrials,DAC
2016Q2,2016,Q2,2016-08-02,2016-06-30,44648000.0,136999000.0,66860000.0,5.739966,73701000.0,0.5379674304192001,3658294000.0,932870000.0,175646000.0,313781000.0,2725424000.0,9809000.0,485844000.0,298657784.32,2846009784.32,118.94446240831202,0.5597725802390839,0.723947282531147,2.8389936432729104,0.018669292169675552,118.94446240831202,0.047860902376536923,2.179999739560143,1.6722909442752192,0.3201494145164921,0.0,6.4530533183810785,0.0,0.037448876443500714,0.4963716732370666,0.012204595912739653,4.219820336559519,0.5379674304192001,0.02500015178663579,192.82913255035012,0.1847760150623913,1.1181557874267412,0.00870457811537672,0.011944425556991002,0.0012279493246278716,1.2820116542460047,-0.06661490562115321,0.7443278482205352,Marine Shipping,Industrials,DAC
2016Q1,2016,Q1,2016-05-05,2016-03-31,44121000.0,137474000.0,66778000.0,5.599966,73065000.0,0.5314823166562405,3661178000.0,887221000.0,154549000.0,306680000.0,2773957000.0,11138000.0,441196000.0,417242492.8,3021885492.8,113.1240418090034,0.5039422199034824,0.7361794482540865,3.037894729723485,0.01864002981154248,113.1240418090034,0.04972943607060699,3.0350647598818687,2.3641944470886878,0.47028022645992373,0.0,5.7828155862812,0.0,0.037549116705060503,0.44971957740967783,0.012051039310298488,6.837014645976371,0.5314823166562405,5.72176243361861,7.0182296268216176,0.37374178681684195,0.8483739324587317,-0.07866032810864658,5.752525252525253,1.1126929891166792,2.2803701053116074,-0.06022430857504416,0.8304806950628568,Marine Shipping,Industrials,DAC
2015Q4,2015,Q4,2016-03-15,2015-12-31,6534000.0,143320000.0,31608000.0,0.8331097766847586,79303000.0,0.5533282165782863,3697103000.0,841914000.0,127570000.0,312145000.0,2855189000.0,11040000.0,397075000.0,657705929.4399999,3360830929.44,107.34722750654605,0.4086882698745775,0.7506899320900716,3.296510094855294,0.008738028337220219,107.34722750654605,0.007760887691616958,4.589072909852079,25.16475089684726,0.7812032219917948,0.0,5.798641304347826,0.0,0.03876548746410365,0.32954556376043187,0.0017673297173489621,9.513907356178848,0.5533282165782863,-0.8433994759583594,1.7271059534003756,0.41083764490657376,1.12225188657609,-0.011283163774187114,-0.8446800418370257,-0.5720204728247623,1.0560213288976872,-0.05728844437957338,0.9095598816072106,Marine Shipping,Industrials,DAC
2015Q3,2015,Q3,2015-11-04,2015-09-30,42068000.0,144542000.0,73854000.0,5.319968,80208000.0,0.5549113752404146,3788360000.0,830193000.0,141424000.0,340717000.0,2958167000.0,10645000.0,390541000.0,668594596.32,3432451596.32,105.86722592373823,0.41507761573387886,0.7549583460917125,3.4450471155502393,0.02001329450305088,105.86722592373823,0.050672554454205224,4.6256077563614735,3.9732967833032236,0.8053483904586042,0.0,6.043588539220291,0.0,0.03815424088523794,0.3695735757241347,0.011104541279075906,8.643645154167368,0.5549113752404146,0.0857141807573964,31.65538261518586,0.1601239019481836,0.9543055305707467,0.05696778019371417,0.1049590250052532,0.06078538393036684,6.971295277480976,-0.0766110069877959,0.5826166692040848,Marine Shipping,Industrials,DAC
2015Q2,2015,Q2,2015-08-04,2015-06-30,38072000.0,141469000.0,69622000.0,4.899971,75885000.0,0.5364072694371205,3798632000.0,780043000.0,121516000.0,333296000.0,3018589000.0,10926000.0,348473000.0,708117429.6,3544042429.6,99.47203663633702,0.36458883394940234,0.766081052336736,3.7306404903319432,0.018867224031415924,99.47203663633702,0.048807565736760664,5.005460062628562,4.649857044547174,0.9077928134731034,0.0,6.002562694490207,0.0,0.03724209136341715,0.3122119677403869,0.010022555488396876,10.964455500673552,0.5364072694371205,0.2500002551036026,2.2900992505436646,-0.17240501783712106,1.0421171339251758,0.0019541307419095027,0.2547623755849977,0.004747954338822104,3.2395340407701214,-0.03690382897168475,0.5764329799722763,Marine Shipping,Industrials,DAC
2015Q1,2015,Q1,2015-04-29,2015-03-31,30342000.0,138605000.0,69293000.0,3.919976,75737000.0,0.5464232892031312,3820503000.0,732731000.0,108282000.0,317567000.0,3087772000.0,11140000.0,310401000.0,714704568.48,3611630568.48,93.4387525772039,0.34097371578281116,0.7754675235171913,4.043333774604869,0.01875111455923529,93.4387525772039,0.04140946677566529,5.15641260041124,5.888739770614989,0.9753982955272809,0.0,5.643447037701975,0.0,0.03627925432855307,0.29250835256811947,0.007941886186190666,12.012043370140676,0.5464232892031312,1.5983298278579883,1.189006006500206,-0.13545457183766196,0.24324848643206431,0.010392486459083753,1.590587044534413,10.229222163026105,2.242587568682332,0.03084657366798054,0.5789341341534857,Marine Shipping,Industrials,DAC
2014Q4,2014,Q4,2014-12-31,2014-12-31,-51376000.0,140669000.0,-7508000.0,-6.55153030567347,74958000.0,0.5328679382095558,3851192000.0,688149000.0,103073000.0,328082000.0,3163043000.0,11665000.0,280059000.0,600527494.56,3558284494.56,87.75360145435404,0.31416840911723287,0.7830009513937503,4.382026276286095,-0.0020271970571622048,87.75360145435404,-0.07465824988483599,4.269081990772665,-2.9222180325443787,0.8726707363666879,0.0,5.633176168024003,0.0,0.03652609373928903,0.2562987301954999,-0.013340285293488354,52.38376609909281,0.5328679382095558,-3.3398464582368788,-0.5775090626881717,-0.1809797830594621,-0.15697986978331377,-0.002700868801639148,-3.2929572435954655,-1.108999578984045,-6.662592953727087,0.09423399222543746,0.5524664759761406,Marine Shipping,Industrials,DAC
2014Q3,2014,Q3,2014-10-30,2014-09-30,22406000.0,139496000.0,68881000.0,2.799983,75161000.0,0.5388039800424385,3964191000.0,720006000.0,105306000.0,333445000.0,3244185000.0,11427000.0,331435000.0,563702042.12,3562310042.12,91.91315249656381,0.3158122029120245,0.7727279033729707,4.254465935006097,0.018206847187085592,91.91315249656381,0.031119185117901797,4.040990724608591,6.289632711327322,0.7829129786696222,0.0,5.6300866369125755,0.0,0.0351890209124636,0.2664007557468248,0.005652099003302313,9.587095515493724,0.5388039800424385,0.3333334920644747,-0.3192598182188639,-0.1303966696881603,-0.006946646706146686,0.07127993158494869,0.34627170582226763,-0.0004498490828883213,27.734611760815636,0.10035285333060788,0.7944671702844369,Marine Shipping,Industrials,DAC
2014Q2,2014,Q2,2014-07-30,2014-06-30,16643000.0,136440000.0,68912000.0,2.099987,70160000.0,0.514218704192319,3978672000.0,673725000.0,103648000.0,349132000.0,3304947000.0,11320000.0,309029000.0,644857589.04,3722480589.04,86.00510088214189,0.2968733888615194,0.78647573863842,4.644519648224424,0.018121126922043287,86.00510088214189,0.024702957438123865,4.726308919964819,9.686618834344769,0.9571525311365914,0.0,5.855123674911661,0.0,0.034292849473392124,0.23934213993561174,0.00418305404416348,14.586238159692376,0.514218704192319,0.8750001116078404,-0.47783044116991763,-0.14231006727169068,-0.20368394159147282,0.031431007615183325,0.9796598073034376,0.10933676754668384,72.59168962363925,0.18135116224049572,0.5315736310310071,Marine Shipping,Industrials,DAC
2014Q1,2014,Q1,2014-05-06,2014-03-31,8407000.0,135486000.0,62120000.0,1.119993,68022000.0,0.5020592533545901,4020093000.0,632891000.0,114729000.0,359886000.0,3387202000.0,14278000.0,292386000.0,822522435.0,3937472435.0,80.79239200326494,0.3187926176622597,0.7895280034566364,5.015043664706877,0.016317880293690322,80.79239200326494,0.013283487993983167,6.070903525087463,24.45945149875104,1.299627321292292,0.0,4.7250315170191906,0.0,0.03370220539674082,0.2649839115719978,0.0020912451527862665,21.339830712951432,0.5020592533545901,3.071179840691926,-0.7913963516957984,-0.1045047488887471,0.1486748686944201,-0.1406046670288436,2.9846553352219076,0.15668932129224467,0.5296519877243225,0.35549339733302965,0.32009561302588513,Marine Shipping,Industrials,DAC
2013Q4,2013,Q4,2013-12-31,2013-12-31,-4236000.0,147001000.0,53705000.0,-0.5407512075947205,79151000.0,0.5384385140237141,4066552000.0,598476000.0,126866000.0,369888000.0,3468076000.0,14496000.0,283979000.0,537381324.1999999,3703086324.2,76.39910758178894,0.34298490353836836,0.7952334065813004,5.403488193344428,0.014013653298485989,76.39910758178894,-0.00707797806428328,3.6556303984326632,-31.715139530217183,0.897916247602243,0.0,4.680601545253863,0.0,0.03614880616305902,0.24507418461804653,-0.0010416687159047764,39.07091204013378,0.5384385140237141,-1.4828165958132957,-1.0893964215387488,-0.07099957047323131,0.35900832622856077,-0.010365091272818205,-1.4820209376422395,-0.2714903891805369,0.5280532849882269,0.448801792294338,0.5104083632555301,Marine Shipping,Industrials,DAC
2013Q3,2013,Q3,2013-10-30,2013-09-30,8788000.0,148448000.0,73719000.0,1.119993,79980000.0,0.5387745203707696,4130303000.0,573455000.0,118925000.0,384384000.0,3556848000.0,14528000.0,288215000.0,435325014.32,3638377014.32,73.21570746350673,0.3093911297036297,0.794989132758541,5.725900027029148,0.01911303626833387,73.21570746350673,0.015324654942410476,2.932508449558094,12.384075282203003,0.7591267219223827,0.0,4.712830396475771,0.0,0.035941188818350615,0.2533846361971362,0.0021276889371070356,9.137804666666666,0.5387745203707696,-0.5555556878314752,-0.843465397293085,-0.03344195824863463,-0.5027122956736934,0.02573967911969528,-0.550232867598137,0.024600758870866865,5.829916796425698,0.19290846166474945,0.3515595669206769,Marine Shipping,Industrials,DAC
2013Q2,2013,Q2,2013-07-29,2013-06-30,19539000.0,146580000.0,71949000.0,2.519985,77973000.0,0.5319484240687679,4159168000.0,534086000.0,118584000.0,376371000.0,3625082000.0,15405000.0,279427000.0,473703793.91999996,3726285793.92,68.18928134963416,0.31507209641550493,0.8000677058488621,6.230487224903855,0.018631422103518085,68.18928134963416,0.03658399583587662,3.231708240687679,6.061003555964993,0.8869429154106268,0.0,4.453554040895813,0.0,0.03524262544816656,0.24910261417590623,0.004697814562912583,14.311292867673714,0.5319484240687679,0.5,-0.6982258150311,-0.013231494939146137,-0.5786248247441553,-0.02234342674440474,0.4546605122096486,-0.015651293557522608,1.6628911446143924,-0.14147343890984743,0.3998959356107553,Marine Shipping,Industrials,DAC
2013Q1,2013,Q1,2013-04-30,2013-03-31,13432000.0,146088000.0,73093000.0,1.67999,79755000.0,0.5459380647281091,4202750000.0,484044000.0,126258000.0,377804000.0,3718706000.0,15305000.0,259888000.0,450676526.15999997,3748994526.16,61.80018293234108,0.33418915628209334,0.804264350722741,6.983088314285478,0.0189155952409912,61.80018293234108,0.027749543429936123,3.0849660900279283,8.3881128305539,0.9310652051466395,0.0,4.334073832081019,0.0,0.03476009755517221,0.27801981980074325,0.0031960026173338887,9.449730062903631,0.5459380647281091,1.1129686326684867,-0.7879858696228954,0.04020318828652287,-0.5245623713542367,4.046409472880061,1.1153179141125362,2.2718461806159738,1.0837711617849426,-0.08768268348788649,-0.17771821891164075,Marine Shipping,Industrials,DAC
2012Q4,2012,Q4,2013-03-01,2012-12-31,-116478000.0,151826000.0,-57470000.0,-14.871296220164332,-26180000.0,-0.17243423392567808,4212045000.0,440304000.0,98673000.0,365252000.0,3771741000.0,17731000.0,246456000.0,301547554.0,3647609554.0,56.21569061044349,0.270150471455324,0.8076100801392198,7.725775827610015,,56.21569061044349,-0.2645399542134525,1.9861390934359069,-0.6472199771630694,0.6848621724990006,0.0,10.0392532852067,0.0,0.036045673776039906,0.19721452586159693,-0.027653550709928313,8.046203111241562,-0.17243423392567808,-16.7040294527519,-2.2981896736211067,0.05896443119701988,-0.6494280093105784,-1.2159335538307998,-15.55928348023884,-1.7556174974032634,-2.5807824228354903,-0.11495607439325164,-0.4599542579082874,Marine Shipping,Industrials,DAC
2012Q3,2012,Q3,2012-11-06,2012-09-30,-7034000.0,156289000.0,76057000.0,-0.839995,121241000.0,0.7757487731062327,4356816000.0,523748000.0,74761000.0,313175000.0,3833068000.0,16719000.0,362934000.0,347475251.48,3541034251.48,66.89378924397404,0.2387195657380059,0.7416273719156374,6.169253152279341,,66.89378924397404,-0.013430122883524137,2.223286677117392,-12.349845446403185,0.6634397677509032,0.0,2.096297625456068,0.0,0.03587229756776508,0.16828929512253532,-0.0016144817683372444,125.35182232323233,0.7757487731062327,-1.7500002232156808,-1.137344692063002,0.24180170919026425,-0.604765742726878,0.08348600076855021,-1.7845192951148785,0.07358421320083564,-1.2138165373487135,-0.02521300694785004,-0.27726228598519476,Marine Shipping,Industrials,DAC
2012Q2,2012,Q2,2012-07-31,2012-06-30,8966000.0,146657000.0,70844000.0,1.119993,111899000.0,0.7629980157783126,4400154000.0,494031000.0,78765000.0,319120000.0,3906123000.0,16587000.0,369968000.0,454888372.40000004,3649637372.4,63.099438986671274,0.24681937829029832,0.7367848943468797,6.562274432171261,,63.099438986671274,0.018148658687410304,3.101716061285858,12.683704338612536,0.9207688837340167,0.0,2.095496473141617,0.0,0.03332996981469285,0.16500689395838555,0.0020376559547688558,-3.4708406256676336,0.7629980157783126,-0.11111102292712968,-0.9003070582740842,0.14403348597556803,-0.6476714431601044,0.1051534784498084,-0.04024834082637551,0.11509160737895864,-0.7185453544045759,-0.07759606136259682,-0.41576608798457054,Marine Shipping,Industrials,DAC
2012Q1,2012,Q1,2012-06-22,2012-03-31,9342000.0,134237000.0,63532000.0,1.259992,101252000.0,0.7542778816570692,4169906000.0,463306000.0,72604000.0,263505000.0,3706600000.0,17048000.0,361002000.0,431846261.0,3498039261.0,59.178372647760405,0.27553177359063397,0.7453225564317277,6.708147531005427,,59.178372647760405,0.020163779445981706,3.2170434455478,11.55657945300792,0.9320972769616624,0.0,1.9348310652275926,0.0,0.032191852765985615,0.18121857270260527,0.002240338271414272,-3.658009072042692,0.7542778816570692,0.08903133894899526,-0.9536679720545603,-0.011201453594737478,-0.6415868941435751,0.0792730373607632,0.03135349966880106,0.13282099745020773,-0.7680607425949656,-0.11224188492180481,-0.15862486868851947,Marine Shipping,Industrials,DAC
2011Q4,2011,Q4,2012-03-30,2011-12-31,9058000.0,128344000.0,56083000.0,1.1569841518206407,93815000.0,0.7309652184753475,3988104000.0,442535000.0,93291000.0,231693000.0,3545569000.0,16187000.0,351660000.0,367178927.5,3318063927.5,56.5252794906102,0.40264919527132886,0.7528005789217131,6.78420237947281,,56.5252794906102,0.020468437524715558,2.860896711182447,10.134105969860896,0.8297172596517789,0.0,2.133131525298079,0.0,0.03218170840078393,0.27910208767636485,0.0022712547115120367,-2.264872886583312,0.7309652184753475,9.264231543229885,-0.8524705892847153,-0.07715636395937771,-0.6107103725773944,0.032727152638647325,11.873949579831933,-0.00974662311291604,-0.8087285955220129,-0.18843231984206504,0.005487209230788894,Marine Shipping,Industrials,DAC
2011Q3,2011,Q3,2011-09-30,2011-09-30,-833000.0,126004000.0,56635000.0,-0.139999,90842000.0,0.720945366813752,3846887000.0,398800000.0,107104000.0,230816000.0,3448087000.0,14767000.0,342602000.0,361892118.0,3148216118.0,51.2203031733341,0.464023291279634,0.7410124082147461,7.147921263791374,,51.2203031733341,-0.00208876629889669,2.8720684898892097,-108.61107983193276,0.9074526529588766,0.0,2.381120065009819,0.0,0.03275479628073297,0.3535890059614585,-0.00021653872338854766,-2.8505318220485836,0.720945366813752,-3.7175269091991345,-1.012953380181887,-0.1715679800655309,-0.5134175744824916,0.08945468500773539,-2.606060606060606,0.11243149810453537,-1.0149261356467074,-0.17468451181599168,-0.6521070701575818,Marine Shipping,Industrials,DAC
2011Q2,2011,Q2,2011-08-01,2011-06-30,-231000.0,114764000.0,50911000.0,-0.029676354304837824,83383000.0,0.7265605939144679,3760923000.0,437107000.0,140842000.0,227873000.0,3323816000.0,12218000.0,343435000.0,599366075.0,3261080075.0,56.15472814339717,0.6180723473162683,0.7334452207609674,6.310653913115096,,56.15472814339717,-0.0005284747212924982,5.222596589522847,-648.6645833333333,1.3712113395575911,0.0,2.568423637256507,0.0,0.030514849679187796,0.49189680216611886,-6.142109264135426e-05,-3.7654535888173393,0.7265605939144679,-1.042395034121392,-1.0042326264762,-0.1852039272133922,-0.421296457603874,0.1883167780643874,-1.042439830975565,0.22458748256121613,-1.0035899250436786,-0.22260832214957005,-0.6529922600072211,Marine Shipping,Industrials,DAC
2011Q1,2011,Q1,2011-04-08,2011-03-31,5443000.0,98989000.0,41574000.0,0.699996,70169000.0,0.7088565396155129,3589325000.0,474803000.0,167150000.0,219789000.0,3114522000.0,10745000.0,343666000.0,736386987.0,3257094987.0,61.201924471269884,0.7605021179403882,0.7390130456283563,5.58664962100071,,61.201924471269884,0.011463701787899402,7.43907895826809,33.82266153775492,1.5509316221675096,0.0,2.6821777570963237,0.0,0.02757872301895203,0.6645873997333807,0.0015164411135798514,-5.380939759300261,0.7088565396155129,1.6109294035437056,0.24846048410840635,-0.1317285881447786,0.0,7.126161564334987e-05,1.6123298458769266,0.04412688047818771,-0.9132620481625721,-0.2883978052676458,-0.5291648590905651,Marine Shipping,Industrials,DAC
2010Q4,2010,Q4,2010-12-31,2010-12-31,-8889000.0,100485000.0,39817000.0,-1.1457886884141804,70164000.0,0.6982534706672637,3489130000.0,392412000.0,266830000.0,246497000.0,3096718000.0,9918000.0,338223000.0,406207571.0,2741898571.0,50.58175619282093,1.0824878193243732,0.7352910324350196,6.53783778273855,,50.58175619282093,-0.02265221247056665,4.042469731800766,-11.42444512881089,1.0351558336646178,0.0,3.057168784029038,0.0,0.028799442841052066,0.9941419165344811,-0.0025476264856855433,-3.8410247364190817,0.6982534706672637,-9.18426337626826,-1.1775538262882579,-0.1370358153122194,-0.24972329880828753,0.026975600474231934,-10.088957055214724,0.013232562282108049,-1.1000216135453138,-0.29240759212478307,-0.6845623211504237,Marine Shipping,Industrials,DAC
2010Q3,2010,Q3,2010-10-12,2010-09-30,978000.0,94587000.0,39297000.0,0.139999,68321000.0,0.7223085624874455,3522601000.0,322499000.0,330079000.0,2789797000.0,3200102000.0,9707000.0,347112000.0,369224968.42,2603172968.42,54.17127683859143,0.11831649399579969,0.7161151660378227,7.822002548845113,,54.17127683859143,0.0030325675428450943,3.9035487796420227,94.38266063905931,1.144887173045498,0.0,2.7058823529411766,0.0,0.0268514657209261,0.10795050679314659,0.00027763575835015094,-2.2970179880677613,0.7223085624874455,1.0370369978441667,-0.9745441390031881,0.058533572866342774,0.0,0.05979896379486861,1.066689396522332,0.00033092353120863454,-0.9748854355569089,-0.011600374887158095,-0.6799352434835187,Marine Shipping,Industrials,DAC
2010Q2,2010,Q2,2010-07-29,2010-06-30,-14665000.0,84946000.0,39284000.0,-3.779977,64466000.0,0.7589056577119582,3123655000.0,189818000.0,131033000.0,2580706000.0,2933837000.0,8329000.0,346134000.0,207859579.20000002,2485620579.2,48.71025025148324,0.050774090500816445,0.7556452297068659,12.434937677143369,,48.71025025148324,-0.07725821576457449,2.4469613542721262,-3.5434636754176614,1.0950467247573992,0.0,2.458878616880778,0.0,0.02719442448029632,0.03629123193420715,-0.004694820650808108,-1.1274351379057848,0.7589056577119582,0.8150685055492262,-1.4042617269777422,0.3657507747020392,0.0,0.06507839476597221,0.8161474330846863,2.218524147771333,-1.3276117088614858,0.33134479258405813,-0.7280164063258875,Marine Shipping,Industrials,DAC
2010Q1,2010,Q1,2010-06-18,2010-03-31,-79765000.0,79659000.0,-32239000.0,-20.439877,60527000.0,0.7598262594308239,3129918000.0,292840000.0,325395000.0,2581927000.0,2837078000.0,7928000.0,360799000.0,230198130.4,2495159130.4,75.1569405448134,0.12602796283551007,0.7570952338048473,8.091947821335882,,75.1569405448134,-0.2723842371260757,2.8897943785385207,-0.7214885300570425,0.7860884114192049,0.0,2.41321897073663,0.0,0.025450826507275908,0.04551251836322251,-0.025484693209215065,-3.8456728378355804,0.7598262594308239,-3.9216121582783336,-3.199118621730309,0.28091142505882716,0.0,0.00769166736035961,-3.92924236806328,-1.8575342465753424,-1.7948723991878064,0.1790006174416411,-0.5448128888628256,Marine Shipping,Industrials,DAC
2009Q4,2009,Q4,2009-12-31,2009-12-31,-16182000.0,85339000.0,37595000.0,-4.153085684661147,60065000.0,0.7038399793763696,3142711000.0,405591000.0,300504000.0,2518007000.0,2737120000.0,7653000.0,440564000.0,243289967.2,2452917967.2,104.09431318300577,0.1193420034177824,0.7419320452946516,5.748840580782118,,104.09431318300577,-0.03989733500003698,2.850864987871899,-3.7586510814485226,0.599840645379212,0.0,3.3024957532993597,0.0,0.02715458086982863,0.05338706365788499,-0.005149057612997186,-6.025608460471567,0.7038399793763696,-1.9888358108467665,-1.5559016597860338,0.6392781337429354,0.0551051979569225,0.08969358320785181,-1.988394820425116,0.11680480052282922,-1.5295684325009893,0.23294499351519943,-0.28310241433559186,Marine Shipping,Industrials,DAC
2009Q3,2009,Q3,2009-11-12,2009-09-30,16372000.0,79792000.0,33663000.0,4.199975,55121000.0,0.690808602366152,3079410000.0,360647000.0,292268000.0,197812000.0,2718763000.0,7789000.0,456746000.0,274938662.88,2467127662.88,92.5561070728955,1.4775038925848785,0.7525993615660143,6.426123051072101,,92.5561070728955,0.045396190734984625,3.4456920854220976,4.198305993159052,0.7623483985171096,0.0,3.1674155860829374,0.0,0.025911457064827354,0.6895334964511759,0.0053166028557418464,-2.9156671249350454,0.690808602366152,0.03448271615398722,-0.4376112111854258,0.5326694772727132,0.0,0.030934969233358894,0.0326731424246247,0.022911665501838402,-0.49128375344775366,0.04825672252019094,-0.12073587453043284,Marine Shipping,Industrials,DAC
2009Q2,2009,Q2,2009-07-13,2009-06-30,15854000.0,79128000.0,32909000.0,4.059976,53467000.0,0.6757026589829137,3018160000.0,420839000.0,308539000.0,160621000.0,2597321000.0,8145000.0,440374000.0,176746283.28,2288964283.28,108.003725372595,1.9209132056206848,0.7517623320168579,5.391465619868881,,108.003725372595,0.03767236401569246,2.2336756050955415,2.7870928989529453,0.41998551293962777,0.0,3.1505217925107427,0.0,0.026217297956370768,1.0261983177791199,0.005252869297850346,-4.030610095094753,0.6757026589829137,-0.2162161588225721,-0.45540484620899946,0.5199151593848412,0.0,0.005226644606967606,-0.209079570965328,0.03069310031632685,-0.41968872782277,0.1222707074496596,0.11303429883042275,Marine Shipping,Industrials,DAC
2009Q1,2009,Q1,2009-05-01,2009-03-31,20045000.0,75252000.0,31929000.0,5.179969,53189000.0,0.7068117790889279,2907173000.0,274043000.0,279851000.0,124835000.0,2633130000.0,0.0,424520000.0,182188042.12,2240812042.12,70.33530044501913,2.2417671326150517,0.744585203563737,7.898899077881938,,70.33530044501913,0.07314545527526702,2.421039203210546,2.272237991020204,0.6648155293877238,0.0,0.0,0.0,0.02588494045589994,0.85552929867425,0.0068950145037808205,-1.759760862745098,0.7068117790889279,-0.14365296687657,-0.31139074254921073,0.44556985259620335,0.0,0.0029226533921635177,-0.14948234894772572,-0.11705657872905259,8.154729922684808,0.3142852119006516,0.0,Marine Shipping,Industrials,DAC
2008Q4,2008,Q4,2008-12-31,2008-12-31,23568000.0,78703000.0,36162000.0,6.0489133489569555,53034000.0,0.6738497897157669,2828464000.0,219034000.0,250194000.0,122215000.0,2609430000.0,8070000.0,404475000.0,368739869.68,2355697869.68,56.21680611318049,2.0471627868919526,0.7451669881603584,9.622606535971585,,56.21680611318049,0.10759973337472721,4.68520729425816,3.9114463433469107,1.6834823346147172,1.076417175831636,3.1807930607187114,0.06879917819034795,0.027825349730454408,1.0551650779364234,0.008332437676420841,-4.236830932070962,0.6738497897157669,-0.1528081543128403,-0.19033672167988874,0.5118625964609445,-0.43018362359264,0.02212542882473114,-0.15626678122650628,0.06006507782956644,-0.06264765846143953,0.345816447144552,-0.16613888056110046,Marine Shipping,Industrials,DAC
2008Q3,2008,Q3,2008-11-06,2008-09-30,27933000.0,76416000.0,34113000.0,7.139957,51886000.0,0.6789939279731994,2741663000.0,573759000.0,419977000.0,61655000.0,2167904000.0,8028000.0,406276000.0,809645498.48,2762029498.48,147.2300779338485,6.81172654285946,0.7363702249328237,3.5186881600114335,,147.2300779338485,0.04868420364647875,10.595235271147404,7.246317066552106,1.4111247030199088,0.9082089285075001,3.0555555555555554,0.03133346637216766,0.027872134540240723,1.2572216365258293,0.0101883418932232,-6.662761882848631,0.6789939279731994,-0.1355931936633999,-0.04060649287472068,0.4676338963775184,0.0,0.06354281966137826,-0.13291944746236226,-0.16500220296666177,0.11068996619955096,0.3064229994304904,0.0,Marine Shipping,Industrials,DAC
2008Q2,2008,Q2,2008-08-05,2008-06-30,32215000.0,73909000.0,40854000.0,8.25995,48786000.0,0.6600819927207783,2356019000.0,630638000.0,169243000.0,64646000.0,1725381000.0,6559000.0,403712000.0,1200283084.0,2726545084.0,161.8255781400315,2.6179964730996503,0.690964291883894,2.5813937631414534,,161.8255781400315,0.051083188770736934,16.240012501860395,9.314628930622382,1.9032837919694026,0.787521340990222,3.830309498399146,0.021136680453292134,0.03137029030750601,1.7370138910373418,0.013673489050809862,-16.325495552351676,0.6600819927207783,0.017241360200326274,0.10646410453731676,0.41948484149086585,0.0,0.006374156816634693,0.02198464564431191,0.07990801194787343,-0.11197997619417319,0.1882557153958248,0.0,Marine Shipping,Industrials,DAC
2008Q1,2008,Q1,2008-04-04,2008-03-31,31522000.0,69877000.0,37831000.0,8.119951,48477000.0,0.6937475850422886,2226825000.0,506558000.0,129718000.0,54457000.0,1720267000.0,6538000.0,396867000.0,1341589137.98,2782387137.98,129.98588922877798,2.382026185797969,0.675631448362579,2.9700705546057904,,129.98588922877798,0.06222781991400787,19.19929501810324,10.640101659000063,2.648441319611969,0.8048029947338367,3.2731722239216885,0.018909664130254904,0.03137965488980948,1.2244890464035845,0.014155580254398078,-7.5600801207052974,0.6937475850422886,-0.29116894839225393,0.08266216058436454,0.34204687208401185,0.0,-0.03403407392647206,-0.29389364275794094,0.10394233855671306,-0.1310828126522652,0.12343212091509893,0.0,Marine Shipping,Industrials,DAC
2007Q4,2007,Q4,2007-12-31,2007-12-31,44642000.0,71335000.0,34269000.0,11.455410963702294,50185000.0,0.7035116001962571,2071791000.0,624904000.0,132988000.0,51113000.0,1446887000.0,5761000.0,390714000.0,1440885284.02,2733936284.02,160.35419857670843,2.6018429753683017,0.6547697137404304,2.1708070359607237,,160.35419857670843,0.07143817290335795,20.198854475643092,8.069112517472336,2.305770620799355,0.0,3.671237632355494,0.0,0.03443156187086439,1.4166846007864926,0.021547540268299265,-3.2442726126917223,0.7035116001962571,0.7409542341819798,0.5333374872983894,0.3700489949498832,0.6253582281200287,0.11349012646993566,0.7512847671727276,0.09001558573745984,0.5333374872983894,0.3700489949498832,0.6253582281200287,Marine Shipping,Industrials,DAC
2007Q3,2007,Q3,2007-11-02,2007-09-30,25491000.0,62643000.0,31439000.0,6.579961,45070000.0,0.719473843845282,1625115000.0,659575000.0,132377000.0,44389000.0,965540000.0,5074000.0,371441000.0,1996289001.98,2806119001.98,169.25098979400428,2.9822027979904933,0.5447934453869419,1.3423067884622675,,169.25098979400428,0.03864761399385968,31.86771070957649,19.578370816955005,3.026629271849297,0.0,3.4633425305478913,0.0,0.0385468105334084,1.7300457320507332,0.015685659168735752,-8.811887271756163,0.719473843845282,-0.42682922048921723,-0.12448000966131484,0.2031117851075283,0.0,-0.06110034789492323,-0.4305595889645929,-0.3453617907339927,-0.12448000966131484,0.2031117851075283,0.0,Marine Shipping,Industrials,DAC
2007Q2,2007,Q2,2007-07-27,2007-06-30,44765000.0,63807000.0,48025000.0,11.479931,48003000.0,0.7523155766608679,1446834000.0,697928000.0,117923000.0,46188000.0,748906000.0,0.0,369955000.0,1715859226.9,2324481226.9,179.0926047908878,2.5531090326491728,0.4596498285221387,0.9528733622952511,,179.0926047908878,0.06413985396774452,26.891394782704094,9.582593694292417,2.4585046407365803,0.536267173014632,0.0,0.013990658221636889,0.04410112010085469,1.2579457867844461,0.03093996961641764,-35.56258631059711,0.7523155766608679,-0.5543478231332525,0.5375094098902061,0.22546738937081645,0.0,-0.06745021855269548,-0.5539824243269633,-0.55386173197332,0.5375094098902061,0.22546738937081645,0.0,Marine Shipping,Industrials,DAC
2007Q1,2007,Q1,2007-04-30,2007-03-31,100366000.0,67576000.0,107646000.0,25.759845,51475000.0,0.7617349354800521,1310697000.0,643446000.0,57204000.0,43607000.0,667251000.0,0.0,349196000.0,1436520618.26,2005190618.26,165.11218948412673,1.3118077372898846,0.46095779573768764,0.9389692375117725,,165.11218948412673,0.15598200936830753,21.257852170297145,3.578205314200028,2.232542619365106,0.23917462088755156,0.0,0.01671051545997042,0.051557301191656045,0.8798358061779072,0.07657452485204437,-16.671935126735065,0.7617349354800521,2.2846904142868594,2.4471946706811223,0.297854221388285,0.0,0.12535799392230165,2.2840128263857076,1.8518518518518519,2.4471946706811223,0.297854221388285,0.0,Marine Shipping,Industrials,DAC
