Quarters,Year,Quarter,FillingDate,Date,NetIncome,Revenue,OperatingIncome,EPSDiluted,GrossProfit,GrossProfitRatio,TotalAssets,CommonStockEquity,CurrentAssets,CurrentLiability,TotalLiability,Inventory,RetainedEarnings,MarketCap,EnterpriseValue,bookValuePerShare,currentRatio,debtToAssets,debtToEquity,roic,shareholdersEquityPerShare,roe,priceToSalesRatio,peRatio,pbRatio,payoutRatio,inventoryTurnover,dividendYield,assetTurnover,quickRatio,returnOnAssets,priceToFreeCashFlowsRatio,grossProfitMargin,epsdilutedGrowth,fiveYNetIncomeGrowthPerShare,fiveYRevenueGrowthPerShare,fiveYShareholdersEquityGrowthPerShare,grossProfitGrowth,netIncomeGrowth,operatingIncomeGrowth,threeYNetIncomeGrowthPerShare,threeYRevenueGrowthPerShare,threeYShareholdersEquityGrowthPerShare,Industry,Sector,Symbol
2023Q1,2023,Q1,2023-05-03,2023-03-31,5692000.0,50141000.0,4049000.0,0.76,3357000.0,0.0669511976,562124000.0,431686000.0,256254000.0,34012000.0,130438000.0,71246000.0,409059000.0,267927960.0,185945960.0,58.11604738826063,7.534223215335764,0.04919733012644897,0.06406276784514671,0.011307526647129192,58.11604738826063,0.01318550983816941,5.343490556630303,11.767742445537596,0.620654735154719,0.2735418130709768,0.6566544086685568,0.00581126359488573,0.08919918025204403,4.71157238621663,0.010125879699141116,-164.87874461538462,0.06695119762270398,-0.5869565217391305,-0.353864812572516,0.49154987883683376,0.7816100474678668,-0.8187756424098467,-0.5869975330140763,-0.739463354996461,-0.13006357409114305,0.2552301763990591,0.384483001520654,Thermal Coal,Energy,NC
2022Q4,2022,Q4,2023-03-15,2022-12-31,13782000.0,63534000.0,15541000.0,1.84,18524000.0,0.2915604243,568072000.0,426966000.0,260407000.0,44270000.0,141106000.0,71488000.0,404924000.0,279072000.0,195520000.0,58.13807189542484,5.882245312852948,0.047874213127913366,0.06369593831827358,0.028590994787805465,58.13807189542484,0.03227891682241677,4.39248276513363,5.062255115367871,0.6536164472112533,0.11057901610796692,0.6296161593554163,0.005460956312349502,0.11184145671675422,3.8629545967924104,0.02426100916785196,22.712785871246034,0.2915604243397236,0.2689655172413794,0.2632644787657191,1.2409135938169444,0.8142316919719901,0.03903971281130805,0.2984737139626908,-0.04203908031806694,1.0550246059207997,1.2419494692969621,0.40246406224761155,Thermal Coal,Energy,NC
2022Q3,2022,Q3,2022-11-02,2022-09-30,10614000.0,61793000.0,16223000.0,1.45,17828000.0,0.2885116437,560204000.0,415421000.0,229279000.0,43969000.0,144783000.0,61799000.0,392666000.0,345059110.0,279526110.0,56.62000817772932,5.214560258363847,0.04859122748141748,0.06552629741876313,0.03321451336722015,56.62000817772932,0.025549984232862567,5.5841132490735195,8.12745218579235,0.8306251008013558,0.14339551535707556,0.711419278629104,0.004410838479239108,0.11030446051795417,3.3222270235847984,0.018946669427565673,-130.80330174374527,0.28851164371368926,-0.7140039447731755,0.17808682097280848,1.625167068507793,0.8700793281633648,0.13967908968867865,-0.7145239376008606,-0.4534582084021157,-0.014666557814410912,0.8059365988904119,0.39743509265681337,Thermal Coal,Energy,NC
2022Q2,2022,Q2,2022-08-03,2022-06-30,37180000.0,61369000.0,29683000.0,5.07,15643000.0,0.2549006828,547344000.0,402603000.0,218576000.0,43638000.0,144741000.0,56956000.0,383574000.0,277807000.0,208335000.0,54.92537517053206,5.008845501627023,0.050500233856587445,0.06865572288333668,0.0557164371927805,54.92537517053206,0.09234903863110806,4.526829506754225,1.8679868208714363,0.690027148332228,0.04090909090909091,0.802830254933633,0.00547502402747231,0.11212144464906895,3.199092534029974,0.06792803063521295,13.05361338220092,0.25490068275513694,1.9476744186046515,4.1074261536890795,-0.6839740841898349,0.6254543613205169,-0.012873099009276204,1.9550151009378478,0.9862821199143469,3.4432760972856005,0.4144159140030147,0.40991611589688387,Thermal Coal,Energy,NC
2022Q1,2022,Q1,2022-05-04,2022-03-31,12582000.0,55023000.0,14944000.0,1.72,15847000.0,0.2880068335,513007000.0,364494000.0,206652000.0,36424000.0,148513000.0,55967000.0,347915000.0,284462660.0,237858660.0,50.254239624982766,5.673511970129585,0.06825637856793378,0.09606742497818894,0.030763738789402133,50.254239624982766,0.034519086733938005,5.169886411137161,5.652174932443173,0.7804316669135842,0.11484660626291528,0.6999839190951811,0.005079752822391523,0.10725584641145247,3.4918460355809358,0.02452598112696318,-49.739930057702395,0.2880068335059884,0.6074766355140185,1.371750800724345,-0.6937279742729708,0.5233440888254933,0.2732604852964808,0.6085400153413449,0.2635495053690708,-0.19732041941232636,0.3147313511322661,0.3214541019272374,Thermal Coal,Energy,NC
2021Q4,2021,Q4,2022-03-02,2021-12-31,7822000.0,49103000.0,11827000.0,1.07,12446000.0,0.2534672016,507220000.0,352116000.0,203053000.0,46016000.0,155104000.0,54085000.0,336778000.0,260417040.0,204855040.0,49.0685618729097,4.412660813630041,0.06001932100469225,0.08645730384305172,0.02136982895683963,49.0685618729097,0.022214270297288393,5.303485326762113,8.323224239324981,0.7395774119892309,0.0,0.6777664786909494,0.0,0.09680809116359765,2.875760605006954,0.015421316194156381,-5.599523512589503,0.25346720159664377,-0.69164265129683,-0.6938758814935588,-0.8368408240662033,0.5095243326511013,-0.13141182217879824,-0.6850666344566574,-0.5713612641345317,-0.31368966513894053,0.21525987600052265,0.3575353610253593,Thermal Coal,Energy,NC
2021Q3,2021,Q3,2021-11-03,2021-09-30,24837000.0,51742000.0,27592000.0,3.47,14329000.0,0.2769316995864095,488918000.0,340919000.0,192383000.0,40910000.0,147999000.0,50955000.0,330373000.0,213803600.0,153409600.0,47.58115840893231,4.702591053532144,0.055455106991356425,0.07952915501922744,0.0660601287829803,47.58115840893231,0.07285308240373813,4.1321093115844,2.1520674799694004,0.6271389978264632,0.056931191367717515,0.7342360906682367,0.006613546263954395,0.10582960741883098,2.9814226350525543,0.05079992964055322,11.212103413917877,0.2769316995864095,2.813186813186813,54.21995812979763,-0.7780487788843751,0.64479155695649,0.5947690595436839,2.818139892390469,2.182468281430219,1.6148969932340183,0.59405737886851,0.3747371549576823,Thermal Coal,Energy,NC
2021Q2,2021,Q2,2021-08-04,2021-06-30,6505000.0,45896000.0,8670000.0,0.91,8985000.0,0.19576869443960257,474039000.0,315727000.0,189313000.0,40425000.0,158312000.0,49716000.0,306950000.0,186264120.0,143704120.0,44.13910247448623,4.683067408781694,0.0895538130828898,0.13445793359452946,0.01621267972548605,44.13910247448623,0.020603242674842506,4.058395502876068,7.158498078401229,0.5899530923867772,0.21706379707916987,0.7424370424008367,0.007580633350105216,0.09681903809602163,3.0316883116883115,0.013722499625558235,9.815256362965695,0.19576869443960257,-0.27199999999999996,1.0009324884466368,-0.7528729188036783,0.5209058890953381,0.16809672386895474,-0.2740765539560317,0.04081632653061224,-0.012780234672740007,0.3220902574986729,0.32624461481449873,Thermal Coal,Energy,NC
2021Q1,2021,Q1,2021-05-05,2021-03-31,8961000.0,45105000.0,8330000.0,1.25,7692000.0,0.1705354173594945,479229000.0,309369000.0,192781000.0,45919000.0,169860000.0,45102000.0,301857000.0,177169950.0,153239950.0,43.56696239966202,4.198283934754676,0.11518918930198298,0.17843416761213954,0.022949526398970254,43.56696239966202,0.028965410238259166,3.9279447954772198,4.942806327418815,0.5726816520077965,0.1533311014395715,0.8295197552214979,0.0077552654950797245,0.09411993013778382,2.688734510768963,0.018698784923283022,-30.620454545454546,0.1705354173594945,2.623376623376623,2.0881826819940006,-0.7488474235100169,0.4787651714664584,5.263843648208469,2.6457300275482094,2.0396904643035447,0.06406304643843064,0.40353051574534465,0.33559217182019885,Thermal Coal,Energy,NC
2020Q4,2020,Q4,2021-03-03,2020-12-31,-5445000.0,23138000.0,-8012000.0,-0.77,1228000.0,0.05307286714495635,476179000.0,300624000.0,188146000.0,52257000.0,175555000.0,47551000.0,294270000.0,185388700.0,154599700.0,42.64775145410697,3.6003980327994336,0.12109101829354088,0.1918043802224706,-0.01617202358026438,42.64775145410697,-0.01811232636116877,8.012304434263982,-8.511877869605142,0.6166796396827932,-0.24426078971533516,0.4607684380980421,0.007174115790228855,0.04859097104240212,2.482404271198117,-0.011434775578091432,-11.457184352017798,0.05307286714495635,-1.6754385964912282,-1.2919691035043208,-0.9216617301045884,0.4498768230925208,-0.819941348973607,-1.6787584143605085,-1.8525218131517345,-1.5199781334341624,-0.1497436446541247,0.3308474078493516,Thermal Coal,Energy,NC
2020Q3,2020,Q3,2020-11-02,2020-09-30,8022000.0,32295000.0,9398000.0,1.14,6820000.0,0.21117820095990092,465902000.0,306489000.0,198604000.0,36578000.0,159413000.0,42433000.0,301045000.0,128125560.0,65194560.0,43.56011938601478,5.429602493301985,0.07434181437297972,0.11300894975023573,0.021642100199754065,43.56011938601478,0.02617385942072962,3.967349744542499,3.99294315632012,0.4180429313939489,0.16891049613562703,0.600358211769142,0.010575563533146703,0.06931715253422394,3.914238066597408,0.017218213272319073,14.566343792633015,0.21117820095990092,0.3255813953488371,1.5133093659949404,-0.8670849292561386,0.6325849100851251,0.7760416666666666,0.3259504132231405,1.0968317715305667,-0.07151784697647894,0.43069033862299433,0.43872954840292616,Thermal Coal,Energy,NC
2020Q2,2020,Q2,2020-08-05,2020-06-30,6050000.0,35355000.0,4482000.0,0.86,3840000.0,0.10861264319049639,442954000.0,299271000.0,190703000.0,39261000.0,143683000.0,35732000.0,294378000.0,163659200.0,109626200.0,42.60691913439636,4.857313873818803,0.09371853510748294,0.13871374105743622,0.013718582104065352,42.60691913439636,0.020215791038891172,4.62902559751096,6.762776859504132,0.5468595353375368,0.22330578512396695,0.8819825366618157,0.008254959085709817,0.07981641434550767,3.460991823947429,0.013658303119511281,14.622873481057898,0.10861264319049639,-0.02272727272727275,23.0751708428246,-0.8194615625380376,0.5632636420670376,-0.2442432592009447,-0.018812844631852094,-0.4087071240105541,-0.1327035734372462,-0.8100042154677901,0.26090358626428417,Thermal Coal,Energy,NC
2020Q1,2020,Q1,2020-05-07,2020-03-31,6166000.0,37644000.0,7580000.0,0.88,5081000.0,0.13497502922112423,435920000.0,293837000.0,188927000.0,38107000.0,142083000.0,35996000.0,289679000.0,195860000.0,136716000.0,41.97671428571429,4.957803028315007,0.07933106992108643,0.11769110084842957,0.022514626008453432,41.97671428571429,0.020984423336747923,5.202953990011689,7.941128770677911,0.6665600315821356,0.21715861174180992,0.9046282920324481,0.006836515878688859,0.08635529454945862,3.565302962710263,0.014144797210497339,-5.368969298245614,0.13497502922112423,-0.032967032967032996,5.166,-0.8004460342531512,0.4869209115545701,0.7593490304709142,-0.0327843137254902,0.6396279472204196,0.20432175859496066,-0.7828906797370334,0.2724295512705497,Thermal Coal,Energy,NC
2019Q4,2019,Q4,2020-03-04,2019-12-31,6375000.0,26938000.0,4623000.0,0.91,2888000.0,0.10720914692998738,444773000.0,289392000.0,200668000.0,61966000.0,155381000.0,40465000.0,284852000.0,326920230.0,228971230.0,41.454232917920066,3.2383565180905656,0.056080292643663175,0.08619104881959419,0.019283117925596435,41.454232917920066,0.02202894344003981,12.136024574949884,12.820401176470588,1.1296795695803616,0.20768627450980393,0.5943407883355987,0.0040499176205767385,0.0605657267864731,2.3359100151696093,0.01433315421574601,-31.571243843553837,0.10720914692998738,-0.38095238095238093,1.1638488522689645,-0.9052849353352708,0.43039587657141165,-0.5332148052367868,-0.3788971161340608,-0.46635114856285353,-0.7435370006327552,-0.9079902994742383,0.2752803606321777,Thermal Coal,Energy,NC
2019Q3,2019,Q3,2019-10-30,2019-09-30,10264000.0,32603000.0,8663000.0,1.47,6187000.0,0.18976781277796523,412770000.0,283255000.0,180310000.0,52775000.0,129515000.0,33087000.0,279801000.0,446794810.0,339411810.0,40.517093405807465,3.4165798199905257,0.018601158029895582,0.027106317628991544,0.025202105682292864,40.517093405807465,0.036235900513671426,13.704101156335307,10.882570391660172,1.577358952180897,0.1293842556508184,0.7983800284099495,0.0029722816162524365,0.07898587591152458,2.5524964471814306,0.024866148218136007,20.02037953129901,0.18976781277796523,0.2894736842105264,0.4330851855638562,-0.841928297984878,0.13090066536663333,-0.28622519612367325,0.2870219435736677,-0.05436087763344613,23.54077932131228,-0.8566661442714888,0.4006000562983141,Thermal Coal,Energy,NC
2019Q2,2019,Q2,2019-07-31,2019-06-30,7975000.0,41352000.0,9161000.0,1.14,8668000.0,0.20961501257496615,399180000.0,272150000.0,175581000.0,53167000.0,127030000.0,30876000.0,270865000.0,370537440.0,284116440.0,38.95648439736616,3.302443244869938,0.03006663660504033,0.04410067977218446,0.025184088879204373,38.95648439736616,0.02930369281646151,8.960568775391758,11.615593730407523,1.361519162226713,0.16639498432601882,1.058556807876668,0.0035812845255259497,0.10359236434691117,2.345402223183554,0.019978455834460646,17.69857852502866,0.20961501257496615,-0.46976744186046515,3.429298837346721,-0.7721745375121299,0.09332831492205892,-0.3524094135225999,-0.4689705686509522,-0.44048128015635496,1.5117445600902886,-0.7720174191112327,0.342327850292214,Thermal Coal,Energy,NC
2019Q1,2019,Q1,2019-05-01,2019-03-31,15018000.0,40097000.0,16373000.0,2.15,13385000.0,0.3338154974187595,393787000.0,264267000.0,164031000.0,49570000.0,129520000.0,32799000.0,264217000.0,263992510.0,196955510.0,38.02950064757519,3.3090780714141617,0.03052665527302831,0.045488085913110606,0.04897261595950512,38.02950064757519,0.056828888964569925,6.583846921216051,4.394601644693036,0.9989613156391075,0.07677453722200027,0.8144150736302936,0.004367548155059399,0.10182408256240048,2.1626790397417794,0.03813736867900667,-55.25167643365425,0.3338154974187595,0.36942675159235655,12.129196632835631,-0.7447515441295829,0.03078133846154137,-0.016025876644857752,0.3632897603485839,0.052655265526552655,4.2887837142004015,-0.7718491809753725,0.2908106957287339,Thermal Coal,Energy,NC
2018Q4,2018,Q4,2019-03-06,2018-12-31,11016000.0,39054000.0,15554000.0,1.57,13603000.0,0.34831259282019766,376991000.0,250704000.0,164174000.0,42248000.0,126287000.0,31209000.0,250352000.0,235130400.0,160240400.0,36.14532871972318,3.8859590986555577,0.027499330222737414,0.04135155402386879,0.04276764223064977,36.14532871972318,0.043940264215967834,6.020648333077277,5.336111111111111,0.9378805284319357,0.10393972403776325,0.8155019385433689,0.004869638294325192,0.10359398500229448,2.7000804771823517,0.029220856731327804,25.745143983357057,0.34831259282019766,0.18045112781954886,-0.44739889216903295,-0.8583604618595192,-0.0473888783921434,1.2318293683347006,0.1973913043478261,0.474732151322651,-0.3996819998244171,-0.865620782698747,0.2288168212146244,Thermal Coal,Energy,NC
2018Q3,2018,Q3,2018-10-30,2018-09-30,9200000.0,31440000.0,10547000.0,1.33,6095000.0,0.1938613231552163,366546000.0,240201000.0,151466000.0,44186000.0,126345000.0,33182000.0,239817000.0,222704600.00000003,157150600.00000003,34.61109510086455,3.4279183451772055,0.04773207182727407,0.07283899733972798,0.0353290284715311,34.61109510086455,0.03830125603140703,7.083479643765904,6.05175543478261,0.9271593373882707,0.12434782608695652,0.7638177325055753,0.005136849440918597,0.08577368188440196,2.4333951930475717,0.02509916899925248,15.077151174598878,0.1938613231552163,0.4456521739130435,-0.14082924633631658,-0.8417082426467235,0.002728945802844385,0.2577383408997111,0.43907398717347096,0.3518328633683671,1.9222507562433078,-0.8688138956611722,0.2971854159181687,Thermal Coal,Energy,NC
2018Q2,2018,Q2,2018-08-01,2018-06-30,6393000.0,33681000.0,7802000.0,0.92,4846000.0,0.14387933849945073,366018000.0,230972000.0,152386000.0,45921000.0,135046000.0,29159000.0,231761000.0,234225000.0,182256000.0,33.28126801152738,3.318438187321705,0.07645252419279926,0.12115321337651316,0.025407378230195655,33.28126801152738,0.02767867966679944,6.954217511356551,9.159432191459409,1.014083958228703,0.1791021429688722,0.9888885078363455,0.0048884619489806816,0.09202006458698753,2.406829119574922,0.01746635411373211,11.587266251113089,0.14387933849945073,-0.22033898305084737,0.4638321251460658,-0.7974967596396942,0.015601065069368144,-0.10656342182890856,-0.21807729941291584,-0.1974076741076021,24.609045847524232,-0.825928028686451,0.22110204871180242,Thermal Coal,Energy,NC
2018Q1,2018,Q1,2018-05-02,2018-03-31,8176000.0,31200000.0,9721000.0,1.18,5424000.0,0.17384615384615384,374176000.0,224882000.0,162289000.0,40839000.0,149294000.0,30115000.0,226513000.0,226467900.0,193832900.0,32.61995938497244,3.973873013540978,0.1356794663473873,0.2257539509609484,0.032108313332689646,32.61995938497244,0.036356844923115236,7.258586538461539,6.924776785714287,1.0070521429016106,0.13992172211350293,0.8559189772538602,0.0050514885332534985,0.0833832207303515,2.916329978696834,0.02185067989395365,-21.721455975446002,0.17384615384615384,-0.19727891156462588,1.2421111731738752,-0.8070173279723641,-0.02777302656975544,0.025524673851389675,-0.19630394180674335,0.49392961426156445,7.301711633304323,-0.832063169204313,0.15548109395696902,Thermal Coal,Energy,NC
2017Q4,2017,Q4,2018-03-07,2017-12-31,10173000.0,26437000.0,6507000.0,1.47,5289000.0,0.20006052123917237,389552000.0,219448000.0,176988000.0,53976000.0,170104000.0,30015000.0,216490000.0,257827200.0,206227200.0,32.04556074766355,3.279012894619831,0.1283525691050232,0.2278444096095658,0.03942763806209253,32.04556074766355,0.04635722357916226,9.752513522714377,6.336066057210262,1.174889723305749,0.11107834463776664,0.7045810428119273,0.0043827804048603095,0.06786513738858997,2.574977767896843,0.026114613710108023,45.32827004219409,0.20006052123917237,0.1951219512195122,-0.475985596829528,-0.8985727801535507,-0.04797125852712401,1.136969696969697,0.2113598475827578,-0.06896551724137931,1.2665423026804268,-0.9052411527399288,0.10574565561582472,Thermal Coal,Energy,NC
2017Q3,2017,Q3,2017-11-01,2017-09-30,8398000.0,21941000.0,6989000.0,1.23,2475000.0,0.112802515837929,384949000.0,207063000.0,164248000.0,43223000.0,177886000.0,30580000.0,207447000.0,586786200.0,551589200.0,30.276794853048692,3.8000138814982765,0.15259423975643527,0.2836866074576337,0.014705285879538236,30.276794853048692,0.04055770465993441,26.743822068274007,17.468034055727554,2.833853464887498,0.22171945701357465,0.6365598430346632,0.0031732170933808598,0.05699716066284105,2.9144668347870346,0.02181587690836968,20.745490542690472,0.112802515837929,0.24242424242424243,-0.7288476385436466,-0.8718698063901085,-0.12726696801122786,-0.9430091185410334,0.237183264584561,-0.33947641999810985,0.19861009706465443,-0.8912574078265143,-0.1549234022899068,Thermal Coal,Energy,NC
2017Q2,2017,Q2,2017-08-01,2017-06-30,6788000.0,181076000.0,10581000.0,0.99,43428000.0,0.23983299829905674,621260000.0,230960000.0,343959000.0,186049000.0,390300000.0,163759000.0,248239000.0,484259749.99999994,547456750.0,33.79078273591807,1.8487548979032404,0.1986382512957538,0.5343176307585729,0.02138904772879753,33.79078273591807,0.029390370626948388,2.674345302524906,17.835141057748967,2.096725623484586,0.27445492044784914,0.8405522749894663,0.003847108912107604,0.2914657309339085,0.8411977489801074,0.010926182274731997,12.58405878072865,0.23983299829905674,0.35616438356164387,-0.6178751837211331,-0.7126728749199092,-0.5398001532896886,0.1096972019931008,0.3635998392928887,0.43607491856677527,3.113402158413955,0.019663083427334638,-0.05164903558246881,Thermal Coal,Energy,NC
2017Q1,2017,Q1,2017-05-02,2017-03-31,4978000.0,168582000.0,7368000.0,0.73,39135000.0,0.23214222158949355,620291000.0,224526000.0,330895000.0,167204000.0,395765000.0,158982000.0,242379000.0,475058800.0,576680800.0,32.98942109903027,1.9789897370876295,0.25479653904377136,0.7039184771474127,0.014421088662604413,32.98942109903027,0.022171151670630572,2.8179687036575674,23.857914825231013,2.11582979254073,0.3670148654077943,0.8142242518020908,0.0038458397149994904,0.2717788908754117,0.8947931867658668,0.008025265560841604,-10.139130063601828,0.23214222158949355,-0.7932011331444759,-0.7568050249779606,-0.7416028330843537,-0.5467808503217337,-0.46835391449647473,-0.7937093365380631,-0.7575837336316378,4.766491354316826,0.09570290157689158,-0.10582892079867406,Thermal Coal,Energy,NC
2016Q4,2016,Q4,2017-03-01,2016-12-31,24131000.0,284218000.0,30394000.0,3.53,73611000.0,0.2589948560611925,668021000.0,220293000.0,381732000.0,221828000.0,447728000.0,157342000.0,239441000.0,613657350.0,667762350.0,32.50597609561753,1.7208467821916078,0.20171970641641504,0.6116989645608348,0.06886304996168321,32.50597609561753,0.10954047563926225,2.1591079734569942,6.357562367908499,2.7856416227478857,0.07509013302391115,1.338530080970116,0.0029527879035425877,0.4254626725806524,0.9264610418883099,0.03612311589006932,15.754193622920518,0.2589948560611925,51.428571428571416,-0.45155747109600813,-0.6306068930068297,-0.5273037596230835,0.42359016012996054,55.59502262443439,42.48211731044349,0.23889569110211628,0.054974975034287527,-0.14330411579553243,Thermal Coal,Energy,NC
2016Q3,2016,Q3,2016-11-01,2016-09-30,-442000.0,220792000.0,699000.0,-0.07,51708000.0,0.23419326787202435,664110000.0,196308000.0,384249000.0,229506000.0,467802000.0,201309000.0,214666000.0,461176559.99999994,554216560.0,28.928381962864723,1.6742438106193303,0.20675189351161705,0.6994416936650569,0.0009392436396140657,28.928381962864723,-0.0022515638690221488,2.0887376354215728,-260.8464705882353,2.3492499541536764,-4.099547511312217,0.8399227058899503,0.003929080870892485,0.3324629955880803,0.6502618667921536,-0.0006655523934287994,16.523111318118303,0.23419326787202435,-1.1555555555555557,-1.0212762944079192,-0.6682741497035468,-0.5561071713064352,0.2758271854721311,-1.1418485237483953,-0.8658349328214971,-1.042214295151275,0.13685404637447587,-0.16190672774520834,Thermal Coal,Energy,NC
2016Q2,2016,Q2,2016-08-02,2016-06-30,3116000.0,178007000.0,5210000.0,0.45,40529000.0,0.22768205744717904,609523000.0,198972000.0,320964000.0,161684000.0,410551000.0,167589000.0,217728000.0,383936000.0,500831000.0,29.02158693115519,1.985131491056629,0.24798407935385539,0.7596646764368856,0.027649050916023706,29.02158693115519,0.015660494944012223,2.156858999926969,30.803594351732993,1.929598134410872,0.5885750962772786,0.8203283031702558,0.00477683780630105,0.29204312224477175,0.7167066623784666,0.005112194289633041,20.11926845883771,0.22768205744717904,0.09756097560975618,-0.801325268621159,-0.7313031092676976,-0.5493465696333293,0.013098362704661918,0.11206281227694503,-0.037324464153732445,-0.27777472982755086,0.08335986447226022,-0.11438606885183406,Thermal Coal,Energy,NC
2016Q1,2016,Q1,2016-05-04,2016-03-31,2802000.0,173421000.0,5412000.0,0.41,40005000.0,0.23068140536613213,606514000.0,202019000.0,315766000.0,140797000.0,404495000.0,164334000.0,218743000.0,393660370.0,521093370.0,29.46171795245734,2.242704034887107,0.2689979126615379,0.8076022552334187,0.010983080076387198,29.46171795245734,0.013869982526396032,2.2699694385339724,35.12315935046395,1.9486304258510339,0.6438258386866524,0.8118587754207893,0.004582630453758909,0.2859307452095088,0.810805627960823,0.0046198438947823136,-48.13650892638787,0.23068140536613213,-0.8441064638783269,-0.9455827695720307,-0.716285203711697,-0.5224106469540594,-0.3720864528888261,-0.8451163561992151,-0.7487231869254342,-0.22745902977456306,0.07845626346447254,-0.12190335558269415,Thermal Coal,Energy,NC
2015Q4,2015,Q4,2016-03-02,2015-12-31,18091000.0,286519000.0,21538000.0,2.63,63711000.0,0.22236221681633678,655408000.0,201138000.0,361434000.0,191746000.0,454270000.0,165016000.0,217745000.0,288563600.0,406046600.0,29.414741152383737,1.8849623981725825,0.25935295266459973,0.8451013731865684,0.05134554290636877,29.414741152383737,0.08994322306078414,1.0071360014519106,3.987667901166326,1.434654814107727,0.09916533082748327,1.3502205846705775,0.0062170003423855265,0.4371612796914289,0.8688786206752683,0.02760265361423724,6.404412189005038,0.22236221681633678,4.844444444444444,-0.42381181373086674,-0.5954536867636807,-0.45016656178501296,0.5092028899680209,4.759630690862783,2.739236111111111,-0.0667641610607391,0.10085579365798655,-0.12612922518149233,Thermal Coal,Energy,NC
2015Q3,2015,Q3,2015-11-03,2015-09-30,3141000.0,239107000.0,5760000.0,0.45,42215000.0,0.17655275671561269,702717000.0,184744000.0,411293000.0,255999000.0,517973000.0,234214000.0,200853000.0,329236200.0,491392200.0,26.681686886192953,1.606619557107645,0.24761461584108538,0.9418600874723942,0.015398940378935955,26.681686886192953,0.017001905339280303,1.3769408674777401,26.204727793696275,1.7821212055601263,0.5775230818210761,0.8406500038426397,0.005509722199442224,0.3402607308489762,0.5185059316637955,0.004469793672274899,49.87671564914407,0.17655275671561269,12.25,-0.7200204120932023,-0.5672588850922884,-0.4568487292065485,0.1931545179616178,12.421818181818182,3.472049689440994,-0.8998292324181336,0.3791861905323619,-0.23089648003419766,Thermal Coal,Energy,NC
2015Q2,2015,Q2,2015-08-05,2015-06-30,-275000.0,196500000.0,1288000.0,-0.04,35381000.0,0.1800559796437659,651399000.0,192094000.0,359604000.0,192803000.0,459305000.0,203167000.0,206400000.0,428236480.0,587977480.0,27.25510783200908,1.8651369532631754,0.2748914259923641,0.9321686257769634,0.002883113483856168,27.25510783200908,-0.0014315907836788238,2.1793205089058523,-389.30589090909086,2.229306901829313,-6.683636363636364,0.7930372550660294,0.004292021081436126,0.30165843054717617,0.5744464557086767,-0.00042216828702531015,40.23644461148172,0.1800559796437659,-1.2857142857142858,-1.020444044075129,-0.6121069465832915,-0.4129723284682842,-0.07352902668307627,-1.2677702044790653,-0.6025917926565875,-1.0150130429349467,-0.6976214964833846,-0.6288101242167686,Thermal Coal,Energy,NC
2015Q1,2015,Q1,2015-05-05,2015-03-31,1027000.0,193734000.0,3241000.0,0.14,38189000.0,0.19712079449141606,653637000.0,202950000.0,355014000.0,185217000.0,450687000.0,187096000.0,216927000.0,380945110.0,540556110.0,28.230630129364307,1.9167463029851473,0.2890335155445607,0.9308844542990884,0.0060368451434914434,28.230630129364307,0.005060359694506036,1.9663306905344442,92.7325,1.877039221483124,1.801363193768257,0.8313646470261257,0.004856342689370655,0.2963938699920598,0.6664507037690924,0.0015712084842198345,10.857467650914895,0.19712079449141606,1.0251346499102334,-0.8984004884004885,-0.5978481057561839,-0.39472539730368356,-0.4199286094022936,1.025252649438147,1.0443025862540325,-0.9525,-0.7188708675521867,-0.6121586328021913,Thermal Coal,Energy,NC
2014Q4,2014,Q4,2015-03-09,2014-12-31,-40669000.0,297285000.0,-73156000.0,-5.57,65835000.0,0.22145416014935163,770520000.0,211474000.0,465713000.0,254681000.0,559046000.0,190382000.0,224428000.0,433149920.0,619912920.0,28.98095107578457,1.828613049265552,0.3217281835643462,1.1722386676376293,-0.08383549820747457,28.98095107578457,-0.19231205727418027,1.4570190894259718,-2.6626541100100813,2.048241958822361,-0.04600555705820158,1.2157136704100178,0.004319520594624605,0.3858238592119608,0.9502946823673537,-0.0527812386440326,55.93361570247934,0.22145416014935163,-6.46078431372549,-2.0912034728212237,-0.49717666488997747,-0.3919553860272229,0.4144984208151602,-6.282374334329134,-7.460831934999558,-1.858444926500818,-0.6411579375357922,-0.5785640592433201,Thermal Coal,Energy,NC
2014Q3,2014,Q3,2014-10-29,2014-09-30,7699000.0,221714000.0,11323000.0,1.02,46543000.0,0.20992359526236504,829160000.0,269242000.0,450443000.0,287495000.0,559918000.0,220607000.0,274297000.0,373720950.0,539771950.0,35.82727877578177,1.5667855093132055,0.2612873269332819,0.804662719783689,0.019789793266154935,35.82727877578177,0.02859509289041086,1.6855992404629387,12.13537310040265,1.3880484842632277,0.2502922457462008,0.7940409869133799,0.005156253616501832,0.26739591876115587,0.6698412146298196,0.00928530078633798,21.795121595614393,0.20992359526236504,3.170212765957447,3.177948683828923,-0.5407280884469639,-0.19522089317256391,0.27434767133039456,3.124448123620309,3.9100488306347985,-0.665348395297602,-0.6992026747250378,-0.45024674589163227,Thermal Coal,Energy,NC
2014Q2,2014,Q2,2014-07-30,2014-06-30,-3624000.0,200370000.0,-3891000.0,-0.47,36523000.0,0.1822777860957229,788793000.0,274787000.0,406342000.0,234425000.0,514006000.0,188148000.0,279922000.0,390227200.0,558978200.0,35.63109439834025,1.7333560840354059,0.29115116386681933,0.835767339794095,-0.004439876385842189,35.63109439834025,-0.013188396831000012,1.947533063831911,-26.919646799117,1.4201079381484567,-0.5499448123620309,0.870841040032315,0.005107281091630722,0.2540210169207891,0.7774725391916392,-0.004594361258276886,-82.48302684421898,0.1822777860957229,-1.4736842105263157,-3.4344638226141075,-0.604986471426984,-0.2056316797529791,0.009731552901495672,-1.3779527559055118,-5.651282051282052,-1.2054173690352699,-0.7311178041427263,-0.44671271917618915,Thermal Coal,Energy,NC
2014Q1,2014,Q1,2014-04-30,2014-03-31,-1524000.0,177413000.0,-585000.0,-0.19,36171000.0,0.20388021170940124,780000000.0,289543000.0,403237000.0,202061000.0,490457000.0,193913000.0,294183000.0,425440080.0,578671080.0,36.893858307849136,1.995620134513835,0.28628333333333333,0.7712187827023965,-0.0008321796937334545,36.893858307849136,-0.005263466911650428,2.398020889111846,-69.79003937007874,1.4693502519487605,-1.288713910761155,0.7283781902193252,0.004616396273712623,0.2274525641025641,0.8764927422906944,-0.0019538461538461537,-7.352795146990201,0.20388021170940124,-1.0661074658627416,0.8231594246731861,-0.6646310486880518,-0.10261401879323222,-0.5373428326575511,-1.067565171129633,-1.0202920670158522,-1.025859994351273,-0.7464048786432492,-0.40193189178417843,Thermal Coal,Energy,NC
2013Q4,2013,Q4,2014-03-04,2013-12-31,22556000.0,311983000.0,28829000.0,2.8741080530071357,78181000.0,0.2505937823535257,809956000.0,297780000.0,461290000.0,238119000.0,512176000.0,184445000.0,301227000.0,488067120.0,576427120.0,37.9434250764526,1.9372246649784353,0.22686417533791958,0.6170662905500706,0.049728174252543694,37.9434250764526,0.07574719591644838,1.56440293221105,5.4095043447419755,1.6390191416481967,0.0873825146302536,1.2675973867548591,0.004038378983611927,0.38518512116707576,1.0449187171120322,0.02784842633427001,36.05164130595361,0.2505937823535257,0.866303930524114,1.056002194769034,-0.6530075327096442,-0.11848286064322205,0.5884312968569049,0.8301014198782961,0.7281501019062463,-0.37405818626826365,-0.6161903826537036,-0.29074460457225504,Thermal Coal,Energy,NC
2013Q3,2013,Q3,2013-10-30,2013-09-30,12325000.0,228614000.0,16682000.0,1.54,49219000.0,0.215293026673782,778089000.0,275721000.0,454955000.0,250468000.0,502368000.0,207349000.0,327746000.0,442694960.0,538126960.0,34.51690035052579,1.8164196623920021,0.2246336858636994,0.6339197957355442,0.029474829578896203,34.51690035052579,0.04470098396567545,1.9364297899516214,8.979613793103448,1.6055902887339013,0.16219066937119675,0.8651838205151701,0.004515524640262451,0.2938147178536131,0.86851014900107,0.015840090272449554,-285.97865633074935,0.215293026673782,1.4444444444444444,1.734492363545318,-0.7417119138612036,-0.6678630511112859,0.03336132689481419,1.3945987954148047,0.8950357832557083,-0.047720655056659005,-0.641360851624858,-0.29734958778260234,Thermal Coal,Energy,NC
2013Q2,2013,Q2,2013-08-07,2013-06-30,5147000.0,196017000.0,8803000.0,0.63,47630000.0,0.24298912849395715,698117000.0,268026000.0,392640000.0,173455000.0,430091000.0,167470000.0,318885000.0,473155150.0,552017150.0,32.77002078493703,2.2636418667665965,0.23480304877262695,0.6115824584182131,0.01448227961421477,32.77002078493703,0.019203360867975496,2.4138475234290904,22.9820842238197,1.7653330273928651,0.394793083349524,0.8860512330566669,0.004294574411797061,0.28077958279199616,1.1262748263238305,0.007372689678091208,29.357520009927406,0.24298912849395715,0.18867924528301883,1.1715905571178225,-0.7906492073728606,-0.7019533141435883,0.029592961673980244,0.16395296246042515,0.253631444033039,-0.6702734107366541,-0.66656677519362,-0.29419068469671555,Thermal Coal,Energy,NC
2013Q1,2013,Q1,2013-05-01,2013-03-31,4422000.0,196052000.0,7022000.0,0.53,46261000.0,0.23596290779997145,713728000.0,280493000.0,406862000.0,181251000.0,433235000.0,162234000.0,315770000.0,442829200.0,519517200.0,33.55179425837321,2.2447434772773667,0.24317106796987087,0.6187605394787036,0.011716158371426274,33.55179425837321,0.01576509930729109,2.2587333972619508,25.035572139303483,1.578753123963878,0.47535052012663953,0.9233021438169557,0.004746751117586645,0.2746872758249641,1.1848320836850554,0.006195637553802009,-13.629288110553691,0.23596290779997145,-0.8130464135021098,0.6211257309941519,-0.7756547418203944,-0.6906850518181392,-0.4544693396226415,-0.8134177215189874,-0.8102162162162162,-0.6238144399460189,-0.6500405248398812,-0.28063777370800447,Thermal Coal,Energy,NC
2012Q4,2012,Q4,2013-03-06,2012-12-31,23700000.0,318200000.0,37000000.0,2.834928229665072,84800000.0,0.2664990571967316,776300000.0,281400000.0,486800000.0,227200000.0,494900000.0,169400000.0,313600000.0,507368400.0,545168400.0,33.66028708133971,2.142605633802817,0.2289063506376401,0.6314854299928927,0.05823296906460679,33.66028708133971,0.08422174840085288,1.594495285983658,5.351987341772151,1.8030149253731345,1.3248945147679325,1.3778040141676506,0.061887969372944794,0.40989308257117096,1.272887323943662,0.030529434496972818,8.643413969335604,0.2664990571967316,-0.37280348901215216,-0.5462469806483855,-0.711755547800256,-0.6877716897230287,0.621414913957935,-0.3763157894736842,1.5,-0.4449544047283985,-0.5302349834430741,-0.29377899948606223,Thermal Coal,Energy,NC
2012Q3,2012,Q3,2012-11-01,2012-09-30,38000000.0,210100000.0,14800000.0,4.52,52300000.0,0.24892908138981437,822000000.0,291100000.0,509100000.0,243800000.0,530900000.0,205400000.0,321300000.0,364756770.0,416456770.0,34.69193183172447,2.088187038556194,0.25231143552311436,0.7124699416008244,0.022266800401203612,34.69193183172447,0.1305393335623497,1.7361102808186577,2.399715592105263,1.2530290965304018,0.12105263157894737,0.7682570593963,0.012611143584805843,0.2555961070559611,1.0803937653814601,0.046228710462287104,12.888931802120142,0.24892908138981437,0.7384615384615383,0.774333931469115,-0.7634881201609542,-0.6557870853902231,-0.6266952177016417,0.7431192660550459,-0.5301587301587302,10.627470213812723,-0.6102213165555267,-0.22072390458730004,Thermal Coal,Energy,NC
2012Q2,2012,Q2,2012-08-02,2012-06-30,21800000.0,773400000.0,31500000.0,2.6,140100000.0,0.18114817688130333,1704800000.0,615900000.0,1274100000.0,690300000.0,1088100000.0,474800000.0,657600000.0,975105000.0,979405000.0,73.42632331902718,1.8457192524989134,0.18037306428906616,0.49926936190940086,0.029163322248977563,73.42632331902718,0.03539535638902419,1.2608029480217222,11.182396788990825,1.5832196785192403,0.21100917431192662,1.3338247683235047,0.004717440685874855,0.4536602534021586,1.0430247718383312,0.012787423744720788,67.715625,0.18114817688130333,-0.1333333333333333,1.1702552467931584,-0.08262917418432637,-0.24865030959475473,-0.03112033195020747,-0.1349206349206349,-0.16666666666666666,12.46418991416309,0.4018193111005449,0.6369843840543741,Thermal Coal,Energy,NC
2012Q1,2012,Q1,2012-05-02,2012-03-31,25200000.0,803200000.0,37800000.0,3.0,144600000.0,0.18002988047808766,1749800000.0,609900000.0,1341400000.0,870500000.0,1139100000.0,477900000.0,640400000.0,975064230.0,998564230.0,72.78911564625851,1.5409534750143596,0.19339353068922163,0.5548450565666503,0.029806891670273,72.78911564625851,0.04131824889326119,1.213974389940239,9.673256250000001,1.5987280373831776,0.17857142857142858,1.3781125758526889,0.004615080588075721,0.4590238884443936,0.873406088454911,0.014401645902388844,-325.02141,0.18002988047808766,-0.5379227941176471,2.760309865573023,-0.01601449705569948,-0.24102125055228052,-0.2015461071231364,-0.5367647058823529,-0.4623044096728307,3.7388250846897457,0.422092732043226,0.770482539948765,Thermal Coal,Energy,NC
2011Q4,2011,Q4,2012-02-29,2011-12-31,54400000.0,951300000.0,70300000.0,6.492421530015515,181100000.0,0.19037107116577315,1801400000.0,576200000.0,1375100000.0,891200000.0,1224400000.0,470300000.0,619700000.0,747574380.0,783174380.0,68.7671559852011,1.542975763016158,0.20772732319307205,0.6494272821936827,0.058765344160752325,68.7671559852011,0.09441166261714683,0.7858450331125828,3.435544025735294,1.2974216938563,0.08272058823529412,1.6376780778226663,0.006019467922375832,0.528089263905851,0.9011445242369839,0.03019873431775286,7.995447914438503,0.19037107116577315,1.1286627967263985,-0.23463625049017095,-0.042631102587861375,-0.28449556021954425,0.3170909090909091,1.1167315175097277,0.8796791443850267,1.1265052838449061,-0.009000540111601944,0.5976266376488969,Thermal Coal,Energy,NC
2011Q3,2011,Q3,2011-11-08,2011-09-30,25700000.0,823400000.0,37400000.0,3.05,137500000.0,0.1669905270828273,1757500000.0,547100000.0,1331000000.0,842600000.0,1209700000.0,540700000.0,569800000.0,532243000.0,651443000.0,65.1697438951757,1.5796344647519582,0.1916358463726885,0.6156095777737159,0.034088736828553706,65.1697438951757,0.04697495887406324,0.6463966480446928,5.177461089494163,0.972844087004204,0.17120622568093385,1.2685407804697615,0.008266900645006134,0.4685064011379801,0.8315926892950392,0.014623044096728308,-36.96131944444444,0.1669905270828273,0.3377192982456141,0.34129294286112566,0.005980592328016637,-0.2541292476524076,-0.0029006526468455403,0.3385416666666667,0.20257234726688103,2.457306278367666,-0.11482371483923734,-0.37290777336926073,Thermal Coal,Energy,NC
2011Q2,2011,Q2,2011-08-03,2011-06-30,19200000.0,811000000.0,31100000.0,2.28,137900000.0,0.17003699136868064,1754400000.0,540500000.0,1311400000.0,719500000.0,1213200000.0,491200000.0,548500000.0,812610260.0,909210260.0,64.39890384844513,1.8226546212647672,0.22691518467852256,0.7365402405180389,0.024063425909796887,64.39890384844513,0.035522664199814986,1.0019855240443896,10.580862760416666,1.5034417391304347,0.234375,1.3703175895765471,0.005537710045649682,0.46226630186958506,1.0272411396803336,0.01094391244870041,14.937688602941176,0.17003699136868064,-0.6951871657754012,3.008690119172259,-0.0013434789464840736,-0.24820783544182265,0.00951683748169839,-0.6942675159235668,-0.11898016997167139,6.894197545573693,-0.15591786079260295,-0.41428539240849704,Thermal Coal,Energy,NC
2011Q1,2011,Q1,2011-05-04,2011-03-31,62800000.0,745500000.0,35300000.0,7.48,136600000.0,0.18323272971160295,1727200000.0,515900000.0,1283400000.0,661900000.0,1210500000.0,485200000.0,533800000.0,925533210.0,1070733210.0,61.68838933397106,1.9389635896661126,0.22869383974062066,0.7656522581895716,0.027973344538621017,61.68838933397106,0.12172901725140531,1.2414932394366198,3.6844474920382164,1.7940166892808684,0.07006369426751592,1.2549464138499589,0.004754016336161509,0.43162343677628534,1.0809789998489199,0.03635942566002779,-61.702214,0.18323272971160295,0.6290427083333334,3.8656502536011166,-0.047825954555054985,-0.26727229239427275,-0.1835026897788404,0.6354166666666666,-0.37742504409171074,22.014512778951378,-0.14721913686697322,-0.43129297934646776,Thermal Coal,Energy,NC
2010Q4,2010,Q4,2011-03-02,2010-12-31,38400000.0,866200000.0,56700000.0,4.591653712782494,167300000.0,0.19314246132532903,1658300000.0,447400000.0,1214200000.0,663500000.0,1210100000.0,447400000.0,475400000.0,906298310.0,1035898310.0,53.49754872653354,1.8299924642049736,0.23608514744014955,0.8750558784085829,0.057190276644323614,53.49754872653354,0.08582923558337059,1.0462922073424152,5.900379622395834,2.025700290567725,0.11458333333333333,1.562136790344211,0.004854913610067308,0.5223421576313092,1.0366239638281838,0.023156244346620034,18.089786626746506,0.19314246132532903,1.8343541436928976,0.1661950124224428,-0.060078392646923315,-0.3740490139760494,0.2859338970023059,1.8444444444444446,0.7663551401869159,-0.26506896570067423,-0.21562608578638048,-0.5037639101983353,Thermal Coal,Energy,NC
2010Q3,2010,Q3,2010-11-03,2010-09-30,13500000.0,664900000.0,32100000.0,1.62,130100000.0,0.1956685215821928,1617400000.0,409300000.0,1172300000.0,636900000.0,1207800000.0,454300000.0,441400000.0,728133480.0,903233480.0,49.12385981757081,1.8406343224996076,0.24174601211821442,0.9552895186904471,0.02749806451446687,49.12385981757081,0.03298314194967017,1.095102240938487,13.483953333333334,1.7789725873442463,0.31851851851851853,1.177195685670262,0.005905510621486599,0.41109187585012985,0.9849269901083373,0.008346729318659577,-17.21355744680851,0.1956685215821928,-0.1518324607329842,-0.020100569032221658,-0.11814951254756179,-0.41212898734247067,0.05686433793663688,-0.1509433962264151,0.17582417582417584,-0.36518089339792004,-0.24621463657219883,-0.5125936760539392,Thermal Coal,Energy,NC
2010Q2,2010,Q2,2010-08-04,2010-06-30,15900000.0,598800000.0,27300000.0,1.91,123100000.0,0.20557782231128924,1482200000.0,386800000.0,1016700000.0,522800000.0,1094900000.0,335900000.0,432200000.0,739459560.0,884359560.0,46.429000120033606,1.9447207345065034,0.2799217379570908,1.0726473629782833,0.0322391840416039,46.429000120033606,0.04110651499482937,1.2349024048096193,11.626722641509435,1.911736194415719,0.27672955974842767,1.4161952962191129,0.005950291588629945,0.40399406287950346,1.1187834736036726,0.010727297260828498,15.029665853658537,0.20557782231128924,0.3642857142857143,0.3890076832132465,-0.24070744432718616,-0.4364101889488467,0.16461684011352887,0.358974358974359,0.128099173553719,0.5937226059660341,-0.2848719124084313,-0.5249058744989258,Thermal Coal,Energy,NC
2010Q1,2010,Q1,2010-05-05,2010-03-31,11700000.0,557600000.0,24200000.0,1.4,105700000.0,0.18956241032998566,1450100000.0,388100000.0,968300000.0,473000000.0,1061600000.0,330100000.0,420700000.0,617002150.0,825402150.0,46.64102872250931,2.0471458773784357,0.30459968278049787,1.138108734862149,0.02255322567686993,46.64102872250931,0.03014686936356609,1.1065318328550933,13.183806623931625,1.5898019840247362,0.36752136752136755,1.3689790972432596,0.006969181549853594,0.38452520515826494,1.1640591966173361,0.008068409075236191,-30.54466089108911,0.18956241032998566,-0.7258964705882353,1.2224191803869724,-0.24324696346140504,-0.43799645936035175,-0.21645663454410674,-0.7247058823529412,-0.3477088948787062,0.7580273350012564,-0.31213306528342877,-0.5136697384152807,Thermal Coal,Energy,NC
2009Q4,2009,Q4,2010-03-02,2009-12-31,42500000.0,674200000.0,37100000.0,5.107559187597644,134900000.0,0.2000889943636903,1488700000.0,396600000.0,967600000.0,479300000.0,1091600000.0,336700000.0,413300000.0,414385800.0,567685800.0,47.662540560028845,2.0187773836845397,0.2750722106535904,1.0325264750378216,0.03114760055586255,47.662540560028845,0.10716086737266768,0.614633343221596,2.4375635294117646,1.0448456883509833,0.0988235294117647,1.6017226017226016,0.010135482441724596,0.45287835023846307,1.1917379511788024,0.02854839793108081,5.844651622002821,0.2000889943636903,11.867147207654563,0.28770027493451034,-0.222128769267922,-0.4306127603737252,0.4305408271474019,11.897435897435898,3.032608695652174,-0.3978917369134891,-0.3167695178441039,-0.5040836153053108,Thermal Coal,Energy,NC
2009Q3,2009,Q3,2009-11-04,2009-09-30,-3900000.0,532600000.0,9200000.0,-0.47,94300000.0,0.17705595193390913,1517600000.0,369100000.0,969100000.0,542500000.0,1148200000.0,393800000.0,375000000.0,498040370.0,793740370.0,44.518152213243276,1.7863594470046082,0.31846336320506063,1.3094012462747222,-0.028781479743469417,44.518152213243276,-0.010566242210782985,0.935111472024033,-31.925664743589746,1.3493372256840965,-1.1025641025641026,1.1130015236160486,0.008633838256926844,0.35094886663152347,0.9238709677419354,-0.002569847127042699,18.58359589552239,0.17705595193390913,-3.4736842105263155,-1.288306687524865,-0.2101954937068332,-0.43234344957713555,0.01288936627282492,-3.4375,-0.3235294117647059,-1.2060956895069508,-0.34113917302811997,-0.4904876757253232,Thermal Coal,Energy,NC
2009Q2,2009,Q2,2009-08-05,2009-06-30,1600000.0,545200000.0,13600000.0,0.19,93100000.0,0.17076302274394717,1469500000.0,371800000.0,925000000.0,486300000.0,1097300000.0,377500000.0,383200000.0,238060080.0,559060080.0,44.854626613584266,1.9021180341353074,0.34011568560734945,1.3442711135018828,0.0034132629646626894,44.854626613584266,0.004303388918773534,0.43664724871606747,37.196887499999995,0.6402906939214632,2.6875,1.197615894039735,0.018062667205690264,0.37101054780537596,0.9531153608883405,0.0010888057162300102,4.266309677419355,0.17076302274394717,1.1727272727272726,-0.7523223549282181,-0.16167094773778995,-0.4153235019829301,0.08508158508158509,1.1758241758241759,18.0,-0.6617511544394904,-0.32022338764425257,-0.4763675339624663,Thermal Coal,Energy,NC
2009Q1,2009,Q1,2009-05-05,2009-03-31,-9100000.0,558600000.0,-800000.0,-1.1,85800000.0,0.1535982814178303,1550000000.0,340700000.0,1001800000.0,582200000.0,1209100000.0,452500000.0,385900000.0,225240660.0,603640660.0,41.11258597803789,1.7207145310889729,0.3446451612903226,1.567948341649545,-0.0009564311454970879,41.11258597803789,-0.02670971529204579,0.4032235230934479,-6.1879302197802195,0.661111417669504,-0.4725274725274725,1.0448618784530386,0.019090691707261024,0.36038709677419356,0.7741326004809344,-0.005870967741935484,-7.508022,0.1535982814178303,0.978566423700917,-1.002944370701098,-0.09919429461868558,-0.4642767015276472,-0.3858267716535433,0.9786033388196567,0.998062015503876,-1.7115204632243464,-0.2799968760889988,-0.5116693562164062,Thermal Coal,Energy,NC
2008Q4,2008,Q4,2009-03-13,2008-12-31,-425300000.0,949400000.0,-412800000.0,-51.32134668758296,139700000.0,0.14714556562039183,1687900000.0,356700000.0,1141200000.0,675300000.0,1331000000.0,480200000.0,399300000.0,310016670.0,621216670.0,43.04332086400386,1.6899155930697467,0.26630724568991054,1.2601626016260163,-0.516769414263656,43.04332086400386,-1.192318474908887,0.32653957236149145,-0.1822341112156125,0.8691243902439024,-0.0101105102280743,1.6861724281549355,0.013870221881939445,0.5624740802180224,0.8255590108100104,-0.251969903430298,8.732863943661972,0.14714556562039183,-23.438736517896647,-16.373927504075947,0.6818983481982036,-0.44536957982457825,0.34456207892204044,-23.442528735632184,-138.6,-14.034671663337043,0.039650673891521486,-0.4963692771365168,Thermal Coal,Energy,NC
2008Q3,2008,Q3,2008-11-04,2008-09-30,-17400000.0,917800000.0,3000000.0,-2.1,103900000.0,0.11320549139246024,2337000000.0,860800000.0,1338600000.0,847300000.0,1475900000.0,595200000.0,829600000.0,782909160.0,1127709160.0,103.92369914282264,1.5798418505842087,0.2209242618741977,0.5997908921933085,0.009367511437077918,103.92369914282264,-0.020213754646840148,0.853028067117019,-11.248694827586206,0.9095134293680298,-0.2413793103448276,1.3674395161290323,0.005364607050963614,0.3927257167308515,0.7487312640151068,-0.007445442875481386,-67.49216896551724,0.11320549139246024,-8.24137931034483,-2.4731748994697202,0.3856991151106869,0.4242424444076494,-0.14905814905814907,-8.25,-0.7247706422018348,-2.2704529475680166,0.22447036772805035,0.24366714018582308,Thermal Coal,Energy,NC
2008Q2,2008,Q2,2008-08-07,2008-06-30,2400000.0,948100000.0,10900000.0,0.29,122100000.0,0.12878388355658685,2367800000.0,910600000.0,1358900000.0,816400000.0,1457100000.0,572500000.0,851200000.0,615766700.0,945566700.0,109.94928761168799,1.664502694757472,0.21847284399020186,0.5680869756204701,0.005783021050196623,109.94928761168799,0.002635624862727872,0.649474422529269,64.14236458333333,0.676220843399956,1.7916666666666667,1.4427947598253275,0.006983164240612558,0.4004138863079652,0.810999510044096,0.001013599121547428,50.062333333333335,0.12878388355658685,-0.12121212121212131,-0.7523545037430572,0.4732090666742426,0.5403414541774049,-0.04310344827586207,-0.1111111111111111,-0.0603448275862069,-0.7890980118948653,0.20932604186683987,0.334646407850217,Thermal Coal,Energy,NC
2008Q1,2008,Q1,2008-04-30,2008-03-31,2700000.0,865000000.0,11600000.0,0.33,127600000.0,0.14751445086705203,2427500000.0,897600000.0,1428700000.0,874100000.0,1529900000.0,613400000.0,853100000.0,669778500.0,1002778500.0,108.47129909365559,1.6344811806429471,0.22875386199794026,0.6186497326203209,0.006340260655160268,108.47129909365559,0.0030080213903743314,0.7743104046242775,62.016527777777775,0.7461881684491979,1.5185185185185186,1.202151940006521,0.006121426710472193,0.35633367662203913,0.7988788468138657,0.0011122554067971163,-6.490101744186046,0.14751445086705203,-0.9471808510638298,-0.3472728612482499,0.3830765999193905,0.5780092145550959,-0.3223579394583112,-0.9477756286266924,-0.8370786516853933,-0.48428305833139673,0.180470216494854,0.3070306512985711,Thermal Coal,Energy,NC
2007Q4,2007,Q4,2008-02-26,2007-12-31,51700000.0,1092700000.0,71200000.0,6.24773413897281,188300000.0,0.17232543241511852,2428200000.0,892100000.0,1434800000.0,856500000.0,1536100000.0,551500000.0,855600000.0,824934750.0,1050134750.0,107.80664652567975,1.675189725627554,0.20863190840952145,0.5678735567761461,0.04017951238254497,107.80664652567975,0.05795314426633785,0.7549508099203807,3.9890461798839456,0.9247110749915929,0.08123791102514506,1.6398912058023571,0.005091311767385239,0.45000411827691295,0.9269118505545826,0.021291491639897867,9.125384402654868,0.17232543241511852,1.4500918192050236,1.0254512018915014,0.4677604977626963,0.5806759292163484,0.250332005312085,1.4502369668246446,1.0941176470588236,0.57515726650974,0.2677319157240503,0.28788201714325845,Thermal Coal,Energy,NC
2007Q3,2007,Q3,2007-10-30,2007-09-30,21100000.0,875200000.0,34000000.0,2.55,150600000.0,0.17207495429616088,2351500000.0,833200000.0,1365800000.0,799400000.0,1518300000.0,580600000.0,808100000.0,900193630.0,1210893630.0,100.7862586186041,1.7085313985489117,0.2342334679991495,0.6610657705232837,0.019560475515323375,100.7862586186041,0.02532405184829573,1.0285576211151737,10.665801303317535,1.0804052208353336,0.1943127962085308,1.2480192903892524,0.004554575663904665,0.3721879651286413,0.8830372779584689,0.008972995960025515,-45.92824642857143,0.17207495429616088,1.125,1.615486270714891,0.39063483059490994,0.5085735770591865,0.16383307573415765,1.1313131313131313,0.9767441860465116,0.5643414113658154,0.3016215542786448,0.28513824256263837,Thermal Coal,Energy,NC
2007Q2,2007,Q2,2007-08-06,2007-06-30,9900000.0,830900000.0,17200000.0,1.2,129400000.0,0.15573474545673366,2232100000.0,807900000.0,1232100000.0,695400000.0,1424200000.0,510600000.0,791100000.0,1285435830.0,1578935830.0,97.72589814926818,1.771786022433132,0.24519510774606873,0.677435326154227,0.010831840573219884,97.72589814926818,0.012253991830672113,1.547040353833193,32.46050075757576,1.591082844411437,0.41414141414141414,1.3738738738738738,0.003189579677423493,0.3722503472066664,0.9265171124532643,0.004435285157475023,44.17305257731959,0.15573474545673366,0.4999999999999999,2.50577597677513,0.3514836563613291,0.46232053145226576,-0.012213740458015267,0.5,0.14666666666666667,0.5365837063021652,0.281036873472487,0.2738493263520482,Thermal Coal,Energy,NC
2007Q1,2007,Q1,2007-05-01,2007-03-31,6600000.0,803900000.0,15000000.0,0.8,131000000.0,0.16295559149147903,2088000000.0,791400000.0,1085700000.0,653700000.0,1296600000.0,499300000.0,785300000.0,1133907320.0,1448607320.0,95.90402326708677,1.6608536025699863,0.20684865900383143,0.5457417235279252,0.009161200483711385,95.90402326708677,0.008339651250947688,1.4105079238711282,42.95103484848485,1.4327866060146575,0.6060606060606061,1.3476867614660524,0.003527625167813539,0.3850095785440613,0.782163071745449,0.003160919540229885,-13.018453731343284,0.16295559149147903,-0.9056914285714286,-0.659281195900561,0.10860186545751596,0.1725146173127548,-0.25904977375565613,-0.9057142857142857,-0.8172959805115713,2.458846340281144,0.3018781707380019,0.2496907810386541,Thermal Coal,Energy,NC
