Quarters,Year,Quarter,FillingDate,Date,NetIncome,Revenue,OperatingIncome,EPSDiluted,GrossProfit,GrossProfitRatio,TotalAssets,CommonStockEquity,CurrentAssets,CurrentLiability,TotalLiability,Inventory,RetainedEarnings,MarketCap,EnterpriseValue,bookValuePerShare,currentRatio,debtToAssets,debtToEquity,roic,shareholdersEquityPerShare,roe,priceToSalesRatio,peRatio,pbRatio,payoutRatio,inventoryTurnover,dividendYield,assetTurnover,quickRatio,returnOnAssets,priceToFreeCashFlowsRatio,grossProfitMargin,epsdilutedGrowth,fiveYNetIncomeGrowthPerShare,fiveYRevenueGrowthPerShare,fiveYShareholdersEquityGrowthPerShare,grossProfitGrowth,netIncomeGrowth,operatingIncomeGrowth,threeYNetIncomeGrowthPerShare,threeYRevenueGrowthPerShare,threeYShareholdersEquityGrowthPerShare,Industry,Sector,Symbol
2023Q3,2023,Q3,2023-06-29,2023-06-03,95180000.0,1054464000.0,135386000.0,1.69,428937000.0,0.4067820239,2526679000.0,1489260000.0,1316217000.0,683475000.0,1024133000.0,726863000.0,776365000.0,5234779020.0,5702120020.0,26.61151117702768,1.9257719741029298,0.2080869789949574,0.35304043618978553,0.04907227031684216,26.61151117702768,0.06391093563246177,4.964398044883467,13.749682233662535,3.515020224809637,0.4640785879386426,0.8605844567683318,0.00843798751222167,0.4173319998306077,0.7271414462855261,0.03767000081925721,41.18792257759943,0.40678202385287693,0.19858156028368798,0.21358876836823942,0.28337210794121853,0.0731690560964064,0.08127654747349979,0.20267879706848624,0.18466600164505345,0.2161653136794329,0.2538469967508562,0.14187348050718002,Industrial Distribution,Industrials,MSM
2023Q2,2023,Q2,2023-04-04,2023-03-04,79140000.0,961632000.0,114282000.0,1.41,396695000.0,0.4125226698,2524455000.0,1420934000.0,1314768000.0,645281000.0,1090464000.0,747470000.0,725826000.0,4802327200.0,5368168200.0,25.42831066571224,2.03751233958539,0.24379757214923617,0.43313482540357257,0.04061023829210732,25.42831066571224,0.05569576067572456,4.9939344780539745,15.170353803386405,3.379697579197908,0.5573161485974223,0.7557988949389273,0.009184297146600089,0.3809265762313054,0.7164351654550498,0.031349340748795286,14.760540834611447,0.4125226697946824,-0.027586206896551748,-0.3200312776488614,0.26302754373641246,0.0662043896794163,-0.0027752709282828766,-0.026735863442949554,-0.014895267649340575,0.4154070111629166,0.21426284152352706,0.12179529904586003,Industrial Distribution,Industrials,MSM
2023Q1,2023,Q1,2023-01-05,2022-12-03,81314000.0,957745000.0,116010000.0,1.45,397799000.0,0.4153495972,2749401000.0,1386338000.0,1558573000.0,726761000.0,1350981000.0,726415000.0,703565000.0,4787064150.0,5605065150.0,24.804315542752857,2.1445468317645004,0.3070967094287083,0.6090376228596489,0.03806526223136286,24.804315542752857,0.058653805926116145,4.9982658745281885,14.717835028408393,3.45302815763544,0.5436579186855892,0.7708348533551758,0.00923467883755015,0.34834678535433716,0.97990536090957,0.029575169282327313,94.75582244655583,0.41534959723099574,-0.22043010752688177,0.3743413196937149,0.25498279706795307,0.10803663477718414,-0.0710579410967989,-0.21911822608061,-0.19424630322898798,0.2292916569423636,0.15005841299868863,-0.0925328493545317,Industrial Distribution,Industrials,MSM
2022Q4,2022,Q4,2022-10-20,2022-09-03,104131000.0,1022245000.0,143977000.0,1.86,428228000.0,0.4189093613,2729414000.0,1350434000.0,1543623000.0,725944000.0,1367131000.0,715625000.0,681292000.0,4389321640.0,5206552640.0,24.17619678470407,2.126366496589269,0.31536732793192973,0.6374010133038712,0.04790207415971658,24.17619678470407,0.07710928486693908,4.293805927150537,10.537980140400073,3.250304450273023,0.4018399900125803,0.830067423580786,0.009533135967679964,0.37452911137702083,1.0071644644765987,0.03815141272082579,46.47194460619792,0.418909361258798,0.04494382022471914,0.7364568400773878,0.3738271189624766,0.1166153215652741,0.041539685126316735,0.04489398637326028,0.05218655909263644,0.5444769842805218,0.19846472985728733,-0.09767052628107975,Industrial Distribution,Industrials,MSM
2022Q3,2022,Q3,2022-06-29,2022-05-28,99657000.0,958579000.0,136836000.0,1.78,411149000.0,0.428915092,2619318000.0,1296125000.0,1467560000.0,619806000.0,1311353000.0,679516000.0,641444000.0,4765550220.0,5586769220.0,23.180688199735307,2.3677731419186006,0.32453715051017096,0.6558518661394541,0.04645317883481783,23.180688199735307,0.0768884173980133,4.971473629194882,11.954880791113519,3.6767674568425117,0.42090369968993646,0.8056175277697656,0.008801921722272815,0.3659651100019165,1.1227158175300014,0.03804692671909253,74.32584525164933,0.4289150920268439,0.42400000000000004,0.610521235626733,0.3084800386175743,0.07619634787620415,0.12251450412941096,0.42054622687230947,0.40824139634447554,0.235029223489842,0.091249950419748,-0.117258739404312,Industrial Distribution,Industrials,MSM
2022Q2,2022,Q2,2022-03-30,2022-02-26,70154000.0,862522000.0,97168000.0,1.25,366275000.0,0.4246558349,2564915000.0,1223974000.0,1416812000.0,597171000.0,1329614000.0,657710000.0,584283000.0,4336140290.0,5182664290.0,21.935411028871485,2.372539858767422,0.3463186889234146,0.7257327361528921,0.033615059983970845,21.935411028871485,0.05731657698611245,5.0272807997940925,15.45222043646834,3.542673529012871,1.191464492402429,0.7545073056514269,0.019276590333750482,0.33627703062284714,1.1080025654293326,0.0273513937109027,-266.0208766871166,0.4246558348656614,0.05042016806722694,0.32911765821133315,0.24358853519054713,0.05170707647226479,0.03879510828256702,0.05881642694356823,0.07093417978221575,0.013156299464040509,0.035620658039543625,-0.13622376350323134,Industrial Distribution,Industrials,MSM
2022Q1,2022,Q1,2021-12-22,2021-11-27,66257000.0,848547000.0,90732000.0,1.19,352596000.0,0.4155291339,2496344000.0,1182754000.0,1348408000.0,586275000.0,1303310000.0,622624000.0,556586000.0,4521807900.0,5275884900.0,21.29936971006663,2.299958210737282,0.327259384123342,0.6907201328425014,0.0337951378565147,21.29936971006663,0.0560192567516153,5.328883255730089,17.061623300179605,3.8231178250084126,0.0,0.7965497635812304,0.0,0.33991589300192604,1.0942458743763592,0.02654161445698189,106.2904400357294,0.41552913391951185,0.00847457627118645,0.24341333763803985,0.2554093423697152,0.05894698176353638,0.010376101439931227,0.004898838232171566,-0.00528427653649659,-0.10788351244870406,0.019867959473551865,-0.14106858208885908,Industrial Distribution,Industrials,MSM
2021Q4,2021,Q4,2021-10-20,2021-08-28,65934000.0,831031000.0,91214000.0,1.18,348975000.0,0.4199301831,2462115000.0,1150871000.0,1314245000.0,561928000.0,1300243000.0,624169000.0,532315000.0,4737693150.0,5533562150.0,20.733052297825576,2.3388138693925202,0.3397099648066804,0.72675825526927,0.03402128081099407,20.733052297825576,0.057290521700520736,5.700982454324809,17.96377115752116,4.116615285292617,0.6308126308126308,0.7723164719811462,0.00877895606219242,0.33752728853038955,1.0693700972366567,0.026779415258832345,68.70802491516083,0.419930183109896,-0.2976190476190476,0.15387057753809136,0.20719410997742652,0.13405705241289217,-0.04774184041847786,-0.30179808119956797,-0.29085876883367284,-0.08454386711229794,0.005386570761157331,-0.15894816806429518,Industrial Distribution,Industrials,MSM
2021Q3,2021,Q3,2021-07-07,2021-05-29,94434000.0,866294000.0,128626000.0,1.68,366471000.0,0.4230330581,2424318000.0,1144654000.0,1307667000.0,768816000.0,1272440000.0,598328000.0,528766000.0,5281113600.0,6053267600.0,20.46071071071071,1.7008842167696823,0.3298177054330331,0.6985368504369006,0.04879807205633564,20.46071071071071,0.08250003931318983,6.096213987399197,13.980964483131077,4.613720477978498,0.4449880339708156,0.8353662205345563,0.00795703391042374,0.35733513507716397,0.7705250671161891,0.03895281064612811,1898.3154565061106,0.4230330580611201,4.249999999999999,0.5920927081867282,0.3012402457666686,-0.11951892111664458,0.24332402604232048,4.2216754216201275,1.5935798685324838,0.2044858603560496,0.05471134596076493,-0.17487581015579218,Industrial Distribution,Industrials,MSM
2021Q2,2021,Q2,2021-04-07,2021-02-27,18085000.0,773995000.0,49594000.0,0.32,294751000.0,0.3808177055,2302241000.0,1112113000.0,1185353000.0,553214000.0,1183704000.0,532536000.0,523757000.0,4809326940.0,5531045940.0,19.916777105197177,2.142666309963233,0.322277728526249,0.6671633188354061,0.019508906052840808,19.916777105197177,0.016261836701845944,6.21364083747311,66.48226347802046,4.324494848994662,13.11700304119436,0.8999278921988373,0.049325197259307146,0.3361919972756979,0.9896260759850618,0.007855389596484469,1320.1556244853143,0.38081770554073346,-0.536231884057971,-0.5998495268429861,0.23975845396717158,-0.11125967706161308,-0.08835573645760521,-0.5296978207728715,-0.39003271591272476,-0.844497295583878,0.01734583875489243,-0.164893198883964,Industrial Distribution,Industrials,MSM
2021Q1,2021,Q1,2021-01-06,2020-11-28,38454000.0,771904000.0,81306000.0,0.69,323318000.0,0.4188577854,2286653000.0,1124475000.0,1148318000.0,513989000.0,1155766000.0,521299000.0,547957000.0,4840663230.0,5334328230.0,20.20293214035466,2.234129524172696,0.23911323668260992,0.4862438026634652,0.03562123575378314,20.20293214035466,0.0341972920696325,6.2710689800804245,31.47047920892495,4.3048206763156145,1.0874031310136787,0.8605157500781702,0.008638279097965672,0.33756936448162445,1.0638301597894118,0.01681671858388658,50.77423487208534,0.4188577854240942,-0.26595744680851063,-0.23043264525790336,0.20268477038705376,-0.08873305227509413,0.039233459332973335,-0.26748704663212436,0.46139190452225176,-0.3473546003418668,0.01568175582599291,-0.09751232994732455,Industrial Distribution,Industrials,MSM
2020Q4,2020,Q4,2020-10-27,2020-08-29,52496000.0,747732000.0,55636000.0,0.94,311112000.0,0.4160742084,2382430000.0,1314945000.0,1237770000.0,408733000.0,1061857000.0,543106000.0,749515000.0,3704184400.0,4254433400.0,23.656472069803005,3.028309434276166,0.2835172491951495,0.5136792793614942,0.020796297421089585,23.656472069803005,0.039922582313328694,4.953893106086138,17.640317357512952,2.816988086954207,0.7940795489180128,0.8039314608934536,0.011253759397075373,0.313852663037319,1.509430361629719,0.02203464529912736,21.69653540447615,0.4160742084062204,-0.32857142857142857,-0.019393656098467837,0.13331879829661364,0.08768265311225971,-0.12105819268735062,-0.3244018892449455,-0.4935367585478644,-0.12029322029614686,0.00983595316263567,0.09261102573567352,Industrial Distribution,Industrials,MSM
2020Q3,2020,Q3,2020-07-08,2020-05-30,77703000.0,834972000.0,109852000.0,1.4,353962000.0,0.4239208021,2709710000.0,1294903000.0,1555954000.0,592011000.0,1409418000.0,575093000.0,739035000.0,3852738420.0,4535112420.0,23.305131112430935,2.6282518399151367,0.3822427492240867,0.7998799910109097,0.03453660312388565,23.305131112430935,0.06000681132100242,4.6142127161150315,12.395719663333463,2.975310444102763,0.5362727307825953,0.8364038512031967,0.010815683666372554,0.30814072354606215,1.516591752518112,0.028675762350952684,78.71888564248206,0.42392080213468236,0.3999999999999999,0.35309625287705054,0.23542630587769658,0.0965493400501134,0.06920362964126482,0.40005405405405403,0.4143427320715849,0.26366311337859566,0.14695394348329238,0.08197378670839728,Industrial Distribution,Industrials,MSM
2020Q2,2020,Q2,2020-04-08,2020-02-29,55500000.0,786094000.0,77670000.0,1.0,331052000.0,0.4211353858,2377033000.0,1257299000.0,1212547000.0,694558000.0,1114220000.0,556402000.0,703396000.0,3428969940.0,4121701940.0,22.667514017343645,1.745782209693071,0.31030238116172554,0.5866536122274812,0.02831459149450923,22.667514017343645,0.04414224460530073,4.362035507203973,15.44581054054054,2.727250988030691,5.752774774774775,0.8178295548901693,0.09311221900067167,0.3307038648601008,0.8376103939483815,0.023348434792449243,59.47393877374035,0.421135385844441,-0.1525423728813559,0.19136570489408786,0.23086595544623162,0.1041894000634005,-0.04649823154644639,-0.15160964872053564,-0.13984805865024696,0.05778087670503288,0.14017824015903194,0.086808214657879,Industrial Distribution,Industrials,MSM
2020Q1,2020,Q1,2020-01-08,2019-11-30,65418000.0,823601000.0,90298000.0,1.18,347196000.0,0.4215584974,2339765000.0,1510863000.0,1170820000.0,403828000.0,823399000.0,539433000.0,970139000.0,4057737750.0,4495435750.0,27.333568521031207,2.899303663936131,0.19894134667370442,0.3080861732665371,0.03327787837173654,27.333568521031207,0.043298432750024325,4.9268247003099805,15.506961960011006,2.6857085983308875,0.634932281635024,0.8831587982196121,0.010236245553325866,0.3520015899032595,1.3982586645799697,0.027959218126606733,56.02830247297129,0.4215584973791921,-0.016666666666666684,0.2624254585032649,0.2482293970002581,0.3367080205744224,-0.018080313584415805,-0.01786572183521499,-0.0023863711691009125,0.2333318254133636,0.22412351684926213,0.3589510056014825,Industrial Distribution,Industrials,MSM
2019Q4,2019,Q4,2019-10-24,2019-08-31,66608000.0,842670000.0,90514000.0,1.2,353589000.0,0.4196055395,2311237000.0,1478550000.0,1199612000.0,446916000.0,827358000.0,559136000.0,946651000.0,3731542080.0000005,4141140080.0000005,26.793092200637865,2.684200162894146,0.19118939338544685,0.2988630753102702,0.036244671251390186,26.793092200637865,0.04504954178079876,4.428236533874471,14.005607734806631,2.523784843258598,0.6215619745375931,0.8747084787958564,0.011094876893362006,0.3645969669056008,1.282963688925883,0.028819199415724132,29.75497835083607,0.4196055395350493,-0.16666666666666666,0.18551378835124216,0.2965167871645099,0.18190816590039371,-0.04086747772307442,-0.16322659263074585,-0.18087619116569081,0.1725308976710144,0.23131066903087785,0.46552927806336114,Industrial Distribution,Industrials,MSM
2019Q3,2019,Q3,2019-07-10,2019-06-01,79601000.0,866546000.0,110501000.0,1.44,368655000.0,0.4254303868,2324348000.0,1448443000.0,1215772000.0,486068000.0,870473000.0,560800000.0,1394551000.0,3897464280.0,4389682280.0,26.259889771202726,2.50123850983813,0.22844642884800384,0.36659295533203584,0.041868318503055266,26.259889771202726,0.054956253024799735,4.497700387515493,12.240625997160839,2.6907957579276505,0.43664024321302497,0.8878227532097004,0.008917849530618405,0.372812504840067,1.2040640404223277,0.03424659302307572,51.40281554166337,0.4254303868461686,0.16129032258064513,0.38068678122696237,0.3496655936156431,0.1414609211975737,0.04786904443825431,0.16334911726879459,0.15127994082162094,0.3611421909922037,0.32016680122051405,0.1300358234869661,Industrial Distribution,Industrials,MSM
2019Q2,2019,Q2,2019-04-10,2019-03-02,68424000.0,823004000.0,95981000.0,1.24,351814000.0,0.4274754436,2358116000.0,1400243000.0,1243903000.0,567891000.0,952271000.0,572593000.0,1349972000.0,4622302370.0,5184363370.0,25.39478409111518,2.1903904094271613,0.2515686251227675,0.4236607503126243,0.036059775329165676,25.39478409111518,0.04886580400687595,5.616378984792298,16.88845423389454,3.3010715782903395,0.5070296971822752,0.8229056240645625,0.0075055669713792435,0.3490091242330742,1.0070999540404761,0.029016384266083602,536.9151318387734,0.42747544361874307,-0.06766917293233088,0.547486365419393,0.39313243803854875,0.14626378074210122,-0.017238152436554605,-0.07824118978338183,-0.06814563106796116,0.533148595803846,0.33497102057672856,0.13318377239854534,Industrial Distribution,Industrials,MSM
2019Q1,2019,Q1,2019-01-09,2018-12-01,74232000.0,831597000.0,103000000.0,1.33,357985000.0,0.4304789459,2264798000.0,1376312000.0,1131933000.0,477116000.0,888486000.0,527984000.0,1316489000.0,4916922180.0,5427942180.0,24.7975208100609,2.3724482096597055,0.23076450968254122,0.37973584477938144,0.04062625878510113,24.7975208100609,0.05393544487005853,5.91262616387505,16.55930791302942,3.5725345561180895,0.4695818514926177,0.8970196066547471,0.007089394284454589,0.36718374000683507,1.1381320265931136,0.032776433041710566,73.59229760675318,0.4304789459317434,0.031007751937984523,0.42188650063925315,0.38618409898037054,0.17457046171963825,-0.004679315368617726,0.01663996055713053,-0.04443825957881065,0.48978309698847133,0.29935613172822434,0.11850898388120519,Industrial Distribution,Industrials,MSM
2018Q4,2018,Q4,2018-10-30,2018-09-01,73017000.0,837985000.0,107790000.0,1.29,359668000.0,0.4292057734,2288727000.0,1387254000.0,1147507000.0,490523000.0,901473000.0,518496000.0,1325822000.0,4810387000.0,5299503000.0,24.651337183474013,2.3393541179516557,0.2338998928225166,0.38589400354945813,0.03946385601183611,24.651337183474013,0.05263419676569684,5.740421367924247,16.470092581179728,3.4675603746682295,0.44916937151622227,0.9225085632290316,0.006817954563738842,0.36613584756941303,1.162247234074651,0.031902887500344076,50.47837264942915,0.42920577337303173,-0.07194244604316538,0.447587930114332,0.39004917402802664,0.11513914043237124,-0.0036925105470621963,-0.07654074289544575,-0.06579882477336153,0.3472077646626236,0.2545398943172718,0.13342478757481072,Industrial Distribution,Industrials,MSM
2018Q3,2018,Q3,2018-07-11,2018-06-02,79069000.0,828345000.0,115382000.0,1.39,361001000.0,0.4358099584,2255732000.0,1399054000.0,1116185000.0,528493000.0,856678000.0,512303000.0,1331788000.0,5173149800.0,5668677800.0,24.797128677773838,2.112014728671903,0.2374045320986713,0.3827736456205407,0.04217459312847774,24.797128677773838,0.05651604584240494,6.245163307559048,16.356441209576445,3.697605524876095,0.41432166841619344,0.9122413883971009,0.0063326988907222445,0.3672178255218262,1.042255999606428,0.03505247963853862,52.51022463128191,0.4358099584110485,-0.325242718446602,0.4116395259837437,0.44779211033799055,0.15614764792304944,0.07051120475175181,-0.32737001497209745,0.17613120903540158,0.3559689836544056,0.2070042302981888,0.16675057332103324,Industrial Distribution,Industrials,MSM
2018Q2,2018,Q2,2018-04-10,2018-03-03,117552000.0,768987000.0,98103000.0,2.06,337223000.0,0.4385288698,2165222000.0,1346035000.0,1087915000.0,494435000.0,819187000.0,498987000.0,1285681000.0,4905113490.0,5384748490.0,23.849377203706656,2.200319556665689,0.23611574240424307,0.3798140464401,0.06546815676126574,23.849377203706656,0.08733205302982464,6.378668937186195,10.431795056655778,3.6441203163364992,0.2789063563359194,0.8652810594263979,0.00668404514326538,0.3551538826041856,1.0773408031389364,0.05429096877825923,175.33917747989275,0.43852886979883926,0.9619047619047618,1.328686716373541,0.500152993358088,0.15508460470907487,0.00642852666167267,0.9728455148107745,-0.011835451963174117,1.4799190258862331,0.1833429920089112,0.16176081268980025,Industrial Distribution,Industrials,MSM
2018Q1,2018,Q1,2018-01-10,2017-12-02,59585000.0,768561000.0,99278000.0,1.05,335069000.0,0.4359692985,2108212000.0,1260031000.0,1023516000.0,532123000.0,848181000.0,469432000.0,1201128000.0,5086656190.0,5559085190.0,22.3858262120916,1.9234575464695192,0.23369613682115462,0.3910070466520268,0.03523157251677163,22.3858262120916,0.0472885190919906,6.618415701551341,21.34201640513552,4.03692940094331,0.4545942770831585,0.9234393905826616,0.0053251092639701285,0.36455584163262517,0.938961480710287,0.028263286614439154,69.72702485229811,0.4359692984681762,-0.018691588785046745,0.045039127434645256,0.47487925269685716,0.11924286474650812,0.004855300644774329,-0.019144663198788436,-0.007011472409205933,0.12918753253780857,0.14386963927020066,0.09474595027225058,Industrial Distribution,Industrials,MSM
2017Q4,2017,Q4,2017-10-31,2017-09-02,60748000.0,753770000.0,99979000.0,1.07,333450000.0,0.4423763217,2098912000.0,1225140000.0,1005579000.0,557725000.0,873772000.0,464959000.0,1168812000.0,3913418600.0,4430312600.0,21.65132102147212,1.8030014792236317,0.2539301314204693,0.435033547186444,0.03522906448954154,21.65132102147212,0.04958453727737238,5.191794048582459,16.105133502337523,3.1942623700148554,0.42114966747876476,0.9039936854647399,0.0065375066188932615,0.3591241557530759,0.8747644448428885,0.028942614078150967,49.48370234557754,0.4423763216896401,-0.018348623853211024,-0.02636333318803897,0.3105648487143268,0.13991662434431787,0.011987860394537177,-0.03322935896619772,-0.01765642194623487,0.05444530402155124,0.13102268810795856,-0.04490780958834106,Industrial Distribution,Industrials,MSM
2017Q3,2017,Q3,2017-07-12,2017-06-03,62836000.0,743923000.0,101776000.0,1.09,329500000.0,0.4429221842,2051043000.0,1222989000.0,980477000.0,525504000.0,828054000.0,466478000.0,1133785000.0,4894917590.0,5382486590.0,21.539460011624016,1.8657840853732797,0.25116343245851014,0.42121965119882515,0.037322654956675486,21.539460011624016,0.05137903938629047,6.579871290442694,19.474972905659172,4.00242159986721,0.40775988286969256,0.8884084565617243,0.005234408859577961,0.36270473120261254,0.8835460814760687,0.030636120256864435,97.781014582501,0.44292218415077905,0.17204301075268819,-0.012485138226916246,0.3413376697009755,0.19864979711594025,0.04748825350805247,0.17321085158423422,0.17463211956835362,0.05878052743455568,0.1255979981722655,-0.063726006423348,Industrial Distribution,Industrials,MSM
2017Q2,2017,Q2,2017-04-06,2017-03-04,53559000.0,703780000.0,86645000.0,0.93,314562000.0,0.4469606979,2051517000.0,1180921000.0,975827000.0,497962000.0,870596000.0,464592000.0,1096710000.0,5907730800.0,6421260800.0,20.856958671847405,1.9596414987489006,0.26767119161089087,0.4650031627856563,0.03200712216313978,20.856958671847405,0.045353584194031606,8.394286282645146,27.57580798745309,5.002646917109612,0.4763905226012435,0.8377630264834521,0.004318917172055301,0.3430534575146099,0.9347379920556187,0.0261070222669371,719.5774421437271,0.4469606979453807,-0.02105263157894727,-0.013936817679866197,0.38249649373996086,0.1786668076363629,0.018873791439260205,-0.01005489529231281,-0.04365342163355408,0.179613821073829,0.16015602539842586,-0.05856351382258637,Industrial Distribution,Industrials,MSM
2017Q1,2017,Q1,2017-01-11,2016-12-03,54103000.0,686271000.0,90600000.0,0.95,308735000.0,0.4498733008,1999479000.0,1134032000.0,919245000.0,458457000.0,865447000.0,453965000.0,1068617000.0,5123341470.0,5634991470.0,20.113726255298772,2.0050844463057604,0.2719568447580595,0.47950322389491656,0.033371595627561035,20.113726255298772,0.04770853027075074,7.465478608304882,23.67401747592555,4.517810317521904,0.47123080051013805,0.8316412058198319,0.004976244536751519,0.3432249100890782,0.9244203927522101,0.027058548751949883,81.40299135657314,0.4498733007805954,-0.06862745098039222,-0.0011455009286583167,0.3892806924705849,0.19216653992239024,-0.0758291001505686,-0.12519807263202148,-0.08711686113294238,0.020166305322481246,0.12610660186202108,-0.04728424605239117,Industrial Distribution,Industrials,MSM
2016Q4,2016,Q4,2016-11-01,2016-09-03,61846000.0,745074000.0,99246000.0,1.02,334067000.0,0.4483675447,2064951000.0,1098376000.0,981491000.0,478602000.0,966575000.0,444221000.0,1040148000.0,4456059430.0,5009991430.0,18.282195109772132,2.0507457135574025,0.29386750581490795,0.5524720132268003,0.03685471629591581,18.282195109772132,0.05630676562488619,5.98069377001479,18.01272285192252,4.056952655556931,0.4273033017495068,0.9252309098399221,0.005930576199698486,0.3608192155649214,0.9305289154662956,0.02995034749008572,71.79665560299686,0.44836754470025797,-0.028571428571428595,0.09952088227789495,0.4768288308873176,0.16897126353375094,0.021524150837237178,-0.04582201925450506,-0.061805187930121755,0.1484851718334348,0.15767361745291286,-0.17297827747877517,Industrial Distribution,Industrials,MSM
2016Q3,2016,Q3,2016-07-06,2016-05-28,64816000.0,727495000.0,105784000.0,1.05,327028000.0,0.4495261136,2023139000.0,1420615000.0,973963000.0,293517000.0,602524000.0,462141000.0,1322057000.0,4589865640.0,4820047640.0,23.238103806454777,3.318250731644164,0.12975381325751714,0.18478616655462599,0.03885087794064664,23.238103806454777,0.04562531016496377,6.309137024996735,17.703443748457172,3.230900448045389,0.40735312268575663,0.8665472226008946,0.005752455969495438,0.3595872552503807,1.4574692436894625,0.03203734394917996,48.36069961752837,0.44952611358153666,0.3125,0.07897921709114776,0.41235618439448557,0.4543034342617931,0.059059363776794015,0.30875315497223627,0.3134017034590648,0.06796535165571296,0.1734979534592202,0.08345927494845379,Industrial Distribution,Industrials,MSM
2016Q2,2016,Q2,2016-04-06,2016-02-27,49525000.0,684117000.0,80542000.0,0.8,308791000.0,0.4513716221,2025452000.0,1371208000.0,971559000.0,332578000.0,654244000.0,464225000.0,1283762000.0,4294103660.0000005,4598142660.0,22.41011979668884,2.9212966582275435,0.16193866850461033,0.23920440954253475,0.029288496540216317,22.41011979668884,0.03611778811092117,6.2768556548075845,21.6764445229682,3.1316209211148127,0.5362342251388188,0.8085001884861867,0.006184526993929159,0.3377601641510142,1.2427731238987545,0.024451332344582837,86.46310526739691,0.4513716221055755,-0.10112359550561795,0.024195976608643758,0.4543760544012662,0.4946815341220015,-0.03191816209573254,-0.10001998946010285,-0.1089303889896889,-0.09504772223049562,0.2310256085811368,0.0853777918703143,Industrial Distribution,Industrials,MSM
2016Q1,2016,Q1,2016-01-07,2015-11-28,55029000.0,706819000.0,90388000.0,0.89,318972000.0,0.4512781914,2069523000.0,1358942000.0,1004808000.0,376228000.0,710581000.0,492450000.0,1260792000.0,3754380000.0,4070168000.0,22.170157922213523,2.670742209511254,0.17089300288037387,0.26025172523919343,0.032611534753657516,22.170157922213523,0.040494001951518165,5.31165687396632,17.05637027749005,2.762722765209994,0.4795834923404023,0.787586557010864,0.007029389672862097,0.3415371561466096,1.1308036616094497,0.026590185274577766,35.240812878396774,0.45127819144646647,-0.07291666666666662,0.17731691633961272,0.5210712453798803,0.5483815787004678,-0.024953001054610482,-0.06765273965639931,-0.052933780385582566,-0.11373582210807093,0.2455532703955136,0.108459916987013,Industrial Distribution,Industrials,MSM
2015Q4,2015,Q4,2015-10-28,2015-08-29,59022000.0,727405000.0,95440000.0,0.96,327135000.0,0.4497288306,2101206000.0,1332870000.0,1032076000.0,422337000.0,768336000.0,506631000.0,1232381000.0,4133538350.0,4523575350.0,21.749424799699753,2.443726218635829,0.20383722490798142,0.32133966553377297,0.034170942575906214,21.749424799699753,0.04428188795606473,5.682581711701184,17.50846442851818,3.101231440425548,0.4182338788926163,0.7900621951676862,0.005971881209230827,0.3461845245064025,1.0459301458314094,0.028089582839569277,56.17060090502657,0.44972883056894025,-0.06796116504854374,0.36846380971880577,0.6105333344515643,0.5129950576312446,-0.033337568739159086,-0.06820119352088662,-0.08445570008825448,-0.12654575193248924,0.1677698324355343,0.14508167305436015,Industrial Distribution,Industrials,MSM
2015Q3,2015,Q3,2015-07-09,2015-05-30,63342000.0,745483000.0,104244000.0,1.03,338417000.0,0.4539566965,2093239000.0,1302542000.0,1022493000.0,456888000.0,790697000.0,510783000.0,1198070000.0,4251479190.0000005,4686886190.0,21.25315319725227,2.237951095235594,0.21988411261208107,0.3533628858032985,0.03650349573717667,21.25315319725227,0.04862952595770424,5.702986104310897,16.779858506204416,3.263986259176288,0.3895519560481197,0.7969450823539547,0.005803862349376806,0.3561385011458319,0.9435288298226261,0.03026028083749634,41.54472262666732,0.45395669653097387,0.24096385542168683,0.4666620729072827,0.69582019677748,0.468295679406855,0.05467255059618417,0.22929726162982514,0.2139180660036798,-0.0777551101169164,0.2452806958107025,0.18271710405982827,Industrial Distribution,Industrials,MSM
2015Q2,2015,Q2,2015-04-09,2015-02-28,51527000.0,706400000.0,85874000.0,0.83,320874000.0,0.4542383918,2112049000.0,1259453000.0,1033067000.0,512437000.0,852596000.0,506059000.0,1159433000.0,4478009490.0,4992356490.0,20.528646639826572,2.0159883068552817,0.2565148819937416,0.4301645238051757,0.029343703612744913,20.528646639826572,0.04091220553684814,6.339198032276331,21.726519543152133,3.5555193325991516,0.5063364837852,0.7618202620643048,0.005826249376706882,0.33446193719937367,0.8468982528584001,0.024396687766240273,-204.17697838774393,0.45423839184597964,-0.08791208791208799,0.7135596293798354,0.8205585141169393,0.4951382940941335,-0.028093376021129855,-0.10258285873521779,-0.08616488065467005,-0.12450159241920454,0.2806369469265238,0.16011326391126876,Industrial Distribution,Industrials,MSM
2015Q1,2015,Q1,2015-01-08,2014-11-29,57417000.0,731091000.0,93971000.0,0.91,330149000.0,0.4515840025,2108240000.0,1252384000.0,1018210000.0,509306000.0,855856000.0,493658000.0,1132681000.0,4756976820.0,5205849820.0,20.448421121379354,1.9992106906260676,0.23506669069935113,0.3957069077854716,0.03311652496414114,20.448421121379354,0.0458461621994532,6.506682232444388,20.71240582057579,3.798337267164065,3.6362227214936342,0.8121857642335382,0.04388942975761652,0.3467778810761583,0.8602608255155054,0.02723456532463097,107.15359778348426,0.45158400253867165,-0.09900990099009899,0.8560465425269044,0.9296197433648162,0.518826891857084,-0.003131171003605225,-0.08590578383455653,-0.05865205457496043,-0.024164924460113937,0.36245082133530215,0.21200433702475258,Industrial Distribution,Industrials,MSM
2014Q4,2014,Q4,2014-10-29,2014-08-30,62813000.0,726623000.0,99826000.0,1.01,331186000.0,0.4557879396,2060747000.0,1398563000.0,961415000.0,309164000.0,662184000.0,449814000.0,1286068000.0,5561097160.0,5851007160.0,22.669351962913737,3.109724935632868,0.16356398917479922,0.24100737685753162,0.03642940814799167,22.669351962913737,0.044912528073458254,7.653345902896,22.13354385238724,3.976293638541846,0.32790982758346204,0.8791122552877412,0.0037037655353606516,0.3526017507243733,1.3906470352304925,0.030480694621901668,179.14174403247108,0.4557879395504959,-0.019417475728155355,1.451928635194121,1.0821801281291898,0.7616859245004567,-0.00662279465137345,-0.029105354272288858,-0.048242854146406576,0.08747972378989927,0.4025542235985088,0.44948792245489166,Industrial Distribution,Industrials,MSM
2014Q3,2014,Q3,2014-07-10,2014-05-31,64696000.0,720476000.0,104886000.0,1.03,333394000.0,0.4627412988,2018427000.0,1423949000.0,921078000.0,250933000.0,594478000.0,429431000.0,1243917000.0,5692575120.0,5921826120.0,23.005509241308,3.6706132712716144,0.1360509941652584,0.19285030573426437,0.038352418344567554,23.005509241308,0.04543421147807962,7.901130807965845,21.997399839248178,3.997738065057105,0.31810312847780386,0.9013834585765815,0.0036152355596846303,0.35694924810260664,1.6534294014737,0.03205268260878397,107.02743325562157,0.46274129880801024,0.30379746835443033,1.3287831469653117,1.0537046065722877,0.8052523602346121,0.08660750079036311,0.3066731297463241,0.2834487653263503,0.06370550913898866,0.3814872031679446,0.43974703681642036,Industrial Distribution,Industrials,MSM
2014Q2,2014,Q2,2014-04-10,2014-03-01,49512000.0,661513000.0,81722000.0,0.79,306821000.0,0.4638170376,1969833000.0,1367879000.0,880229000.0,252810000.0,601954000.0,393558000.0,1199866000.0,5330273190.0,5596940190.0,22.154398069416775,3.481780783987975,0.1583839848352627,0.2280830395086115,0.02992374371950209,22.154398069416775,0.03619618401920053,8.057699833563362,26.914047049200196,3.896743198777085,0.41434399741476813,0.9012445433709898,0.0038487708357027007,0.3358218691635281,1.6233416399667735,0.025135125668013483,207.5328293879458,0.4638170376092382,-0.15053763440860216,0.8820865546268303,0.877708646114665,0.7940179391372411,-0.025516507598735926,-0.1614673305558378,-0.155328165374677,0.014706596745962279,0.3936577978042101,0.477625733122499,Industrial Distribution,Industrials,MSM
2014Q1,2014,Q1,2014-01-09,2013-11-30,59046000.0,678510000.0,96750000.0,0.93,314855000.0,0.4640388498,1967739000.0,1325263000.0,882055000.0,290330000.0,642476000.0,416317000.0,1170934000.0,4824105050.0,5097634050.0,21.111990824080415,3.0381118038094583,0.16361875228371242,0.242939703289083,0.03624061314748209,21.111990824080415,0.04455417528445297,7.109851070728508,20.425198362293802,3.64011147221344,0.3542153575178674,0.8735050454341283,0.004335519186092352,0.3448170717762874,1.3677642682464781,0.030007028371140686,52.50783736421621,0.4640388498327217,0.04494382022471914,0.2851729079910276,0.5379625562556898,0.7431916433406324,0.023768879350989286,0.04737915742793791,0.04762214137214137,0.23353505429076377,0.4257942007368399,0.4744783413990057,Industrial Distribution,Industrials,MSM
2013Q4,2013,Q4,2013-10-30,2013-08-31,56375000.0,673773000.0,92352000.0,0.89,307545000.0,0.4564519504,1943003000.0,1390383000.0,893489000.0,213579000.0,552620000.0,419012000.0,1132868000.0,4780096000.0,4979970000.0,22.10606397863139,4.183412226857509,0.13162614777228857,0.1839421224223829,0.034625609121535665,22.10606397863139,0.040546381824288706,7.094519964439062,21.197764966740575,3.437970688651976,0.337330376940133,0.8740274741534849,0.003978371982487381,0.34676889330587757,1.8786584823414287,0.029014365906794792,90.08680575187049,0.4564519504343451,-0.09183673469387751,0.11924818858910764,0.5069418313650929,0.9601870640906011,0.06228390434971832,-0.09588799435481284,-0.0787462841410131,0.27357035228068,0.45353010306998776,0.5378046017939336,Industrial Distribution,Industrials,MSM
2013Q3,2013,Q3,2013-07-11,2013-06-01,62354000.0,636923000.0,100246000.0,0.98,289513000.0,0.454549451,1919492000.0,1347110000.0,885366000.0,244849000.0,572382000.0,414268000.0,1095568000.0,5192337360.0,5427200360.0,21.44806394089925,3.6159673921478137,0.1525820373307104,0.2174135742441226,0.0384486135646519,21.44806394089925,0.04628723712243247,8.152221477321435,20.81798024184495,3.8544271514575645,0.30451935721846235,0.8386117199494048,0.003656927253278473,0.33181852281749546,1.6164901633251514,0.032484636560089854,58.73485469950115,0.4545494510325424,0.1136363636363636,0.21369880820195378,0.39324528917105794,0.8340137571612402,0.12928240153840753,0.11189571853991691,0.10676117293764352,0.40882161752918644,0.4137818107446934,0.48176128613874625,Industrial Distribution,Industrials,MSM
2013Q2,2013,Q2,2013-04-11,2013-03-02,56079000.0,569462000.0,90576000.0,0.88,256369000.0,0.4501950964,1526655000.0,1294565000.0,983896000.0,145043000.0,232090000.0,364726000.0,1052261000.0,5355748580.0,5115050580.0,20.647298999984052,6.78347800307495,0.0021294922559451875,0.002511268263856971,0.043077108943122,20.647298999984052,0.043318798206347306,9.404927071516624,23.875909787977672,4.137102872393429,0.33788049002300324,0.8584334541546257,0.0035378807867788293,0.37301289420334,3.7827471853174575,0.036733250144924685,239.68442962631462,0.45019509642434435,-0.12,0.21533933755176365,0.34189785558844116,0.9373365554433193,-0.03289461275269815,-0.1124914935034105,-0.11505393153040487,0.8248436326838059,0.43608363197672334,0.5037799591034542,Industrial Distribution,Industrials,MSM
2013Q1,2013,Q1,2013-01-10,2012-12-01,63187000.0,577491000.0,102352000.0,1.0,265089000.0,0.4590357252,1507953000.0,1247614000.0,974607000.0,173035000.0,260339000.0,387615000.0,1015187000.0,4532385480.0,4302204480.0,20.00086568982654,5.632426965642789,0.002204975884526905,0.0026650871182913945,0.050390059444370874,20.00086568982654,0.05064627360706116,7.84840885831987,17.932428664123947,3.632842754249311,0.29922294142782535,0.805959521690337,0.004171533971113154,0.38296352737784267,3.015540208628312,0.04190249961371475,62.62276832099038,0.4590357252320815,-0.09090909090909098,0.41825646769223346,0.38834847147935797,0.7657446901992429,-0.07643183393896741,-0.08311688311688312,-0.05234894357720867,1.0054987039347527,0.49655196229479986,0.48558426539687227,Industrial Distribution,Industrials,MSM
2012Q4,2012,Q4,2012-10-31,2012-09-01,68915000.0,635271000.0,108006000.0,1.1,287027000.0,0.4518182004,1444876000.0,1187111000.0,920111000.0,170515000.0,257765000.0,393412000.0,970965000.0,4331250000.0,4165993000.0,18.993776,5.396070726915521,0.002211954520664749,0.0026922503455868913,0.05776853354894076,18.993776,0.058052701053229225,6.817956431192357,15.712290502793294,3.6485636136806074,0.22757019516796054,0.8851890638821388,0.003620894660894661,0.439671639642433,2.7309503562736417,0.047696134477975966,61.75325786306995,0.45181820042155235,0.0,0.5598344664498965,0.5116804077256554,0.748348954562378,0.02662536706452109,-0.018458646081098404,-0.025735393608096773,1.6554306378395018,0.7969297497578348,0.4760487148929408,Industrial Distribution,Industrials,MSM
2012Q3,2012,Q3,2012-06-29,2012-05-26,70211000.0,611970000.0,110859000.0,1.1,279583000.0,0.4568573623,1379095000.0,1125824000.0,866710000.0,166751000.0,253271000.0,392510000.0,917781000.0,4554101190.0,4446871190.0,17.96976903800418,5.1976299992203945,0.002696696021666383,0.0033033582513785457,0.06195813520784736,17.96976903800418,0.06236409953953726,7.4417066032648655,16.21576814886556,4.0451271157836395,0.2253065758926664,0.8468242847315992,0.0034735723559976496,0.4437475300831342,2.4529987826159965,0.05091092346792643,76.2652173694611,0.4568573622890011,0.15789473684210542,0.601920455427148,0.48239754043387845,0.703107851413368,0.07755723425576197,0.16885862688952522,0.14847659204160493,1.49684368719021,0.7233884101012853,0.4100956265936366,Industrial Distribution,Industrials,MSM
2012Q2,2012,Q2,2012-04-04,2012-02-25,60068000.0,562974000.0,96527000.0,0.95,259460000.0,0.4608738592,1349462000.0,1108014000.0,838806000.0,162208000.0,241448000.0,377912000.0,863437000.0,4983607440.0,4878891440.0,17.695381372173248,5.1711752811205365,0.0030864151787897694,0.003758977774649057,0.05381782259671791,17.695381372173248,0.05421231139678741,8.852287032793699,20.741523939535195,4.49778381861601,0.26263567956316175,0.8031340629564555,0.0031655783867278278,0.4171840333406943,2.471203639771158,0.04451255389184727,264.8037959617428,0.4608738591835502,0.0,0.5535491235532263,0.457655975361614,0.7880292582526853,0.029060059571733965,0.0038604876581379414,-0.0030674213005040074,1.251514255984306,0.5757255151074542,0.4329358677263083,Industrial Distribution,Industrials,MSM
2012Q1,2012,Q1,2012-01-05,2011-11-26,59837000.0,545703000.0,96824000.0,0.95,252133000.0,0.4620333771,1299902000.0,1050846000.0,812065000.0,164360000.0,249056000.0,360532000.0,819193000.0,3882846900.0,3758680900.0,16.871574215300633,4.940770260403991,0.0031294666828730164,0.0038711666600053673,0.056504265417164794,16.871574215300633,0.056941740274026834,7.11531162555456,16.222600147066196,3.6949723365745317,0.2631482193291776,0.8142689137163969,0.004055271919168381,0.4198031851631892,2.4221586760769043,0.046031931637923476,102.39305134358271,0.4620333771300506,0.010638297872340436,0.5849494506486472,0.44885480827935437,0.7464304514270995,0.027558268907083558,0.006492741921918891,0.03132622519518976,0.31259367451886816,0.24662337668871895,0.39306555346584154,Industrial Distribution,Industrials,MSM
2011Q4,2011,Q4,2011-10-26,2011-08-27,59451000.0,533237000.0,93883000.0,0.94,245371000.0,0.4601537403,1244423000.0,993112000.0,758434000.0,172202000.0,251311000.0,344854000.0,775149000.0,3745865000.0,3649906000.0,15.63955905511811,4.40432747587136,0.0,0.0,0.05995465996367146,15.63955905511811,0.059863338676805836,7.024765723308772,15.75190072496678,3.7718454716084393,0.23668230980134902,0.8347474583446908,0.0037564087333633216,0.4285014018545141,2.1051091160381414,0.04777394824750105,63.832200126101256,0.46015374026933614,-0.03092783505154642,0.877578135875772,0.48854772486839854,0.6733787276642039,-0.024610235250157018,-0.04244113004542087,-0.0433183198483706,0.1690909821857639,0.1812789435857471,0.3867896780520182,Industrial Distribution,Industrials,MSM
2011Q3,2011,Q3,2011-06-30,2011-05-28,62086000.0,532366000.0,98134000.0,0.97,251562000.0,0.4725358118,1231718000.0,1009592000.0,761600000.0,146609000.0,222126000.0,321859000.0,729811000.0,4363417980.0,4226688980.0,15.978855071775635,5.194769761747232,3.409871415372675e-05,4.160096355755592e-05,0.06159336657707773,15.978855071775635,0.061496129129390883,8.19627470574755,17.57005597075025,4.321961723151531,0.22562252359630192,0.8724441447963238,0.0032103273315108815,0.4322141918848308,2.6864585393802565,0.050406018260673306,73.37668550095853,0.4725358118287043,0.2435897435897435,0.780523223883185,0.7135792211510282,0.6820428166893009,0.11163549109806054,0.24949183924007326,0.2175736370629544,0.20130976943184495,0.15761910031915288,0.36634430529833106,Industrial Distribution,Industrials,MSM
2011Q2,2011,Q2,2011-04-07,2011-02-26,49689000.0,483362000.0,80598000.0,0.78,226299000.0,0.4681770598,1149300000.0,942700000.0,675300000.0,135000000.0,206600000.0,305100000.0,681800000.0,3956095000.0,3880495000.0,14.993240556660039,5.002222222222223,7.569825110937092e-05,9.228810862416463e-05,0.0527226914612557,14.993240556660039,0.052709239418691,8.184538710117883,19.90427961923162,4.196557759626605,0.28072611644428347,0.8425532612258276,0.0035259517276506253,0.42057078221526145,2.3874074074074074,0.043234142521534846,137.06458095139106,0.46817705984334723,0.040000000000000036,0.5832914407700038,0.6779444837608286,0.6760956286965678,0.03953273646832925,0.044764507989907484,0.04469215813350616,0.07384145895800917,0.1358208348730944,0.4068161174493221,Industrial Distribution,Industrials,MSM
2011Q1,2011,Q1,2011-01-06,2010-11-27,47560000.0,472827000.0,77150000.0,0.75,217693000.0,0.4604072948,1123459000.0,893031000.0,652406000.0,165632000.0,230428000.0,299069000.0,646076000.0,3795214500.0,3733487500.0,14.318278018278018,3.938888620556414,0.0167500549641776,0.021072056849090345,0.05222884125067313,14.318278018278018,0.053256829830095484,8.02664505199576,19.94961364592094,4.249812716467849,1.6238225399495374,0.8530941020299664,0.020349047464906133,0.42086716115140826,1.8476683249613601,0.04233354310215148,101.28404632916121,0.4604072948456835,0.0714285714285715,0.5849306297195238,0.7005281674818623,0.6841898592085105,0.05001857005735012,0.07951063395147195,0.09423311491220605,0.06763937979175746,0.1368711257623254,0.26406645470505197,Industrial Distribution,Industrials,MSM
2010Q4,2010,Q4,2010-10-22,2010-08-28,44057000.0,461361000.0,70506000.0,0.7,207323000.0,0.4493726171,1153323000.0,899880000.0,676536000.0,190285000.0,253443000.0,285985000.0,675968000.0,2885234000.0,2803404000.0,14.375079872204473,3.5553827154005835,0.03412834045622952,0.04374027648130862,0.04701772283873433,14.375079872204473,0.048958750055562966,6.253744898246709,16.37216560364982,3.2062430546295064,0.3132759833851601,0.8882913439516058,0.004783667459900999,0.4000275725013721,1.7983761200304806,0.0382000532374712,90.71351317361504,0.4493726171046101,0.01449275362318842,0.6910245707946219,0.8028375742270346,0.8347729090906814,0.011914174988529983,-0.004294076434560535,0.0014914560872714877,-0.004398924307148097,0.09609328702718557,0.32320481542582025,Industrial Distribution,Industrials,MSM
2010Q3,2010,Q3,2010-07-01,2010-05-29,44247000.0,450381000.0,70401000.0,0.69,204882000.0,0.4549081777,1161020000.0,908867000.0,691881000.0,191826000.0,252153000.0,266066000.0,645713000.0,3248754600.0,3140759600.0,14.474709348622392,3.6068155515936318,0.05159687171624951,0.06591173406009901,0.045794274190445725,14.474709348622392,0.04868369079304233,7.213347365896874,18.35579022306597,3.574510461926773,0.28693470743779237,0.9226996309186443,0.0039079590683765405,0.3879183821122806,1.9849916069771565,0.038110454600265284,123.96987712737541,0.45490817774284437,0.43749999999999994,0.569300420501428,0.6993302178924576,0.5978989741019279,0.14436841958276314,0.4436686351920128,0.4111244738424534,0.007296078154100535,0.08855941456970419,0.3718590977117676,Industrial Distribution,Industrials,MSM
2010Q2,2010,Q2,2010-04-07,2010-02-27,30649000.0,395482000.0,49890000.0,0.48,179035000.0,0.452700755,1197066000.0,858581000.0,727785000.0,279171000.0,338485000.0,242812000.0,614162000.0,2849583240.0,2771397240.0,13.730266103754877,2.606950578677585,0.14014264877625796,0.19539216451330743,0.030040021568652146,13.730266103754877,0.03569727259280138,7.20534244289247,23.243688537962086,3.3189451432072223,0.4121831054846814,0.8914180518261041,0.004433279864461864,0.3303761029049359,1.5775814823172893,0.02560343372880025,143.56306312660587,0.45270075502804175,-0.040000000000000036,0.23336774427906354,0.6080545522286753,0.4299277756557222,0.018987017569821116,-0.024538510502864416,-0.022186507780957234,-0.20625476904959375,0.025360120798840022,0.38737430975717435,Industrial Distribution,Industrials,MSM
2010Q1,2010,Q1,2010-01-07,2009-11-28,31420000.0,384817000.0,51022000.0,0.5,175699000.0,0.4565780618,1184072000.0,837498000.0,713332000.0,269730000.0,346574000.0,243283000.0,596146000.0,2874539260.0,2804534260.0,13.463299360190335,2.644614985355726,0.15253717679330311,0.21566021650200956,0.03107049763271472,13.463299360190335,0.037516507502107464,7.469886361569265,22.87189099299809,3.432293880104788,0.4008593252705283,0.8595668419083947,0.004381571744474974,0.3249945949232817,1.5883735587439292,0.026535548513941718,68.94702245035019,0.4565780617800149,0.19047619047619052,0.3304274924282113,0.6080456936558016,0.4218664619848744,0.1053518964725422,0.20874047857197814,0.22041763341067286,-0.1666969381085959,0.022996074912466583,0.39362905199397347,Industrial Distribution,Industrials,MSM
2009Q4,2009,Q4,2009-10-22,2009-08-29,25994000.0,354097000.0,41807000.0,0.42,158953000.0,0.4488967712,1157547000.0,805536000.0,682714000.0,255838000.0,352011000.0,246649000.0,577321000.0,2502122000.0,2470020000.0,12.867987220447285,2.668540248125767,0.16713792182952397,0.24017548563937552,0.026220561707737542,12.867987220447285,0.032269197155682675,7.066205022917449,24.064418712010465,3.10615788741906,0.4818034931137955,0.7911809899898236,0.005005351457682719,0.3059029136613891,1.5280763608220826,0.022456107613772917,60.096601417076975,0.44889677122370425,-0.0454545454545455,0.30928050153889597,0.6096770893503713,0.461216330600802,-0.012830783944751862,-0.06344802738245361,-0.07590459980990694,-0.16725628825877897,0.0026840955484263716,0.37683012715787184,Industrial Distribution,Industrials,MSM
2009Q3,2009,Q3,2009-07-02,2009-05-30,27755000.0,350489000.0,45241000.0,0.44,161019000.0,0.4594124209,1139739000.0,788042000.0,670391000.0,243598000.0,351697000.0,261083000.0,820120000.0,2249666440.0,2247798440.0,12.743652770141336,2.752038194073843,0.18102741066156375,0.26181853251476445,0.028107965293603456,12.743652770141336,0.03522020399927923,6.418650628122423,20.263614123581338,2.854754492780842,0.44889209151504234,0.725707916639536,0.005538154358563485,0.3075168964122488,1.5111454117028875,0.024352066569626907,26.17047579162886,0.459412420931898,0.047619047619047665,0.2685723917089337,0.49799271990744637,0.48675581743324375,-0.016972020586206265,0.05620671283963772,0.04622820406086675,-0.18672016977514305,0.1526914620821412,0.3414834482266169,Industrial Distribution,Industrials,MSM
2009Q2,2009,Q2,2009-04-03,2009-02-28,26278000.0,351910000.0,43242000.0,0.42,163799000.0,0.4654570771,1114197000.0,761627000.0,640973000.0,233469000.0,352570000.0,289215000.0,804824000.0,1886638250.0,1965325250.0,12.349039319010945,2.745430870907915,0.19441355523305126,0.2844108730389022,0.02721874327157198,12.349039319010945,0.03450245330063141,5.361138501321361,17.94883790623335,2.4771157666416763,0.473704239287617,0.6504192382829384,0.006597979236348039,0.3158418125340492,1.3410517027956603,0.023584698217640147,27.12869909697458,0.4654570770935751,-0.4166666666666667,0.537692605711102,0.656245705346604,0.48192457996641974,-0.1973548810725521,-0.4172746424215545,-0.4190089751168915,-0.14638555513230103,0.24539044910646687,0.3805001489155792,Industrial Distribution,Industrials,MSM
2009Q1,2009,Q1,2009-01-08,2008-11-29,45095000.0,433022000.0,74428000.0,0.72,204074000.0,0.4712785955,1135441000.0,746202000.0,658570000.0,259538000.0,389239000.0,324705000.0,790994000.0,2132425930.0,2268073930.0,12.111112914482334,2.537470428222457,0.19984041442928344,0.3040825406525311,0.04734430367044108,12.111112914482334,0.06043269784857183,4.924520994314377,11.821853475995121,2.857705996499607,0.2760394722253021,0.7050953942809627,0.005837482946007884,0.3813690011193889,1.128247116029252,0.039715846089757194,32.522853417115314,0.4712785955447991,-0.10000000000000009,1.9320711723346315,1.0824218059566346,0.49366085396489057,-0.011456168650303479,-0.10759518720810575,-0.047382567515679,0.5212486025980065,0.5765034002441533,0.4245716927875005,Industrial Distribution,Industrials,MSM
2008Q4,2008,Q4,2008-10-28,2008-08-30,50532000.0,448563000.0,78130000.0,0.8,206439000.0,0.4602229787,1102726000.0,711612000.0,622676000.0,250601000.0,391114000.0,320434000.0,758347000.0,3213683000.0,3404039000.0,11.277527733755942,2.48473070737946,0.21147501736605467,0.3277052663530126,0.0534426712706492,11.277527733755942,0.07101060690376217,7.164396082601552,15.899247011794506,4.51606071848142,0.24914905406475105,0.7556127002752517,0.0039176234868218175,0.4067764793792837,1.0345130306742591,0.04582462007787973,49.824542635658915,0.4602229787120204,-0.012345679012345689,2.9950540692052954,1.3256959773707793,0.5092536454341211,-0.019035852598066002,-0.016600175148389608,-0.07879688255338214,0.9241833762152503,0.7389381796581068,0.43941477552577085,Industrial Distribution,Industrials,MSM
2008Q3,2008,Q3,2008-07-10,2008-05-31,51385000.0,457238000.0,84813000.0,0.81,210445000.0,0.4602526474,1078196000.0,734655000.0,608534000.0,193487000.0,343541000.0,346495000.0,720405000.0,3423690000.0,3605075000.0,11.694603629417383,3.1450898509977416,0.17389138894969003,0.2552068658077601,0.05690219633704616,11.694603629417383,0.06994439566871524,7.487763484224845,16.657049722681716,4.660269105906854,0.22158217378612435,0.7122555881037245,0.003325651563079601,0.42407688398027815,1.139911208504964,0.04765831073385544,47.43989801715418,0.4602526474177562,0.10958904109589052,3.140175630057218,1.250371410558152,0.5153132843694407,0.03637876862768273,0.08270122208175305,0.078839916046556,0.8215922614897855,0.7243784502114362,0.2909962260315235,Industrial Distribution,Industrials,MSM
2008Q2,2008,Q2,2008-04-10,2008-03-01,47460000.0,436486000.0,78615000.0,0.73,203058000.0,0.4652107971,1087816000.0,687296000.0,613714000.0,244853000.0,400520000.0,343473000.0,680406000.0,2616963620.0,2863830620.0,10.657569507978105,2.5064589774272727,0.2336957720791016,0.3698813902598007,0.050761168322766205,10.657569507978105,0.06905321724555359,5.995527050123028,13.785101243152127,3.807622363581339,0.24692372524230932,0.6796109155595927,0.004478090528442271,0.4012498437235709,0.9428473410576959,0.04362870191282349,82.74460492617068,0.46521079713896896,0.0428571428571429,2.8396741155879384,1.148105491541278,0.41961522884759994,0.0024090437873327737,0.012674433491230316,0.008272412466333205,0.8519134577172163,0.7209214637045519,0.1099242028726415,Industrial Distribution,Industrials,MSM
2008Q1,2008,Q1,2008-01-10,2007-12-01,46866000.0,437554000.0,77970000.0,0.7,202570000.0,0.4629600004,1095943000.0,743254000.0,616321000.0,189066000.0,352689000.0,357940000.0,644665000.0,2835966740.0,3008818740.0,11.327156072359298,3.259819322353041,0.16236702091258395,0.23941344412542684,0.05234111609083117,11.327156072359298,0.06305516014713677,6.481409700288421,15.128060534289249,3.8156091188207526,0.25421414244868346,0.6564899145108118,0.004201036574921186,0.3992488660450407,1.141871092634318,0.042763172902240354,96.39587831407206,0.46296000036566914,-0.014084507042253534,2.8062619288180586,1.105105077410529,0.5535142222890093,-0.0255998306813153,-0.010472530720831047,0.016571272115672955,0.8813033273774169,0.7333716914284605,0.19626719261542944,Industrial Distribution,Industrials,MSM
2007Q4,2007,Q4,2007-10-31,2007-09-01,47362000.0,450499000.0,76699000.0,0.71,207892000.0,0.4614705027,1075327000.0,727877000.0,589802000.0,173287000.0,347450000.0,338366000.0,609713000.0,3470600000.0,3638474000.0,10.863835820895522,3.403613658266344,0.16336519030955235,0.2413470957318338,0.0542826877010312,10.863835820895522,0.06506868605547365,7.703901673477633,18.319538870824708,4.768113293866958,0.25083400194248556,0.7169957974500984,0.0034230392439347666,0.41894140108078753,1.2233058452163175,0.04404427676418429,99.63826366559485,0.461470502709218,0.02898550724637684,5.075015231790439,1.3997022338454204,0.6478423926579384,0.043084719399914706,0.034895662624276194,0.017106711400495963,1.2288926370661963,0.9134180972213927,0.23363615789375336,Industrial Distribution,Industrials,MSM
2007Q3,2007,Q3,2007-07-03,2007-05-26,45765000.0,431057000.0,75409000.0,0.69,199305000.0,0.4623634461,1044701000.0,690236000.0,563000000.0,169874000.0,354465000.0,317153000.0,574231000.0,3350055780.0,3540874780.0,10.551163288391574,3.3142211286011984,0.19212291363749054,0.2907860499886995,0.05321268343666305,10.551163288391574,0.06630340926871389,7.771723414768813,18.30031563421829,4.853493268968874,0.25890964711023706,0.7307261794780437,0.0035369560324156756,0.4126127954314201,1.213764319436759,0.043806792565528316,74.60151828263484,0.462363446133574,0.13114754098360648,3.3307393674379178,1.194697141036018,0.42071620008816923,0.062387727144311594,0.12980472510924038,0.08394543546694648,0.9772685698914126,0.7415188716172495,0.2309660097189126,Industrial Distribution,Industrials,MSM
2007Q2,2007,Q2,2007-04-05,2007-02-24,40507000.0,404618000.0,69569000.0,0.61,187601000.0,0.4636496646,1036393000.0,649206000.0,550322000.0,178237000.0,387187000.0,309754000.0,540211000.0,2982786530.0,3208483530.0,9.896583789387034,3.087585630368554,0.22264816531952647,0.3554357168602878,0.04824297230414431,9.896583789387034,0.06239467903870266,7.371858221828984,18.409080714444418,4.594514730301322,0.22692374157553016,0.7006108072857816,0.0030816821477331804,0.390409815581541,1.1386412473279959,0.039084594357545833,347.56310067583314,0.4636496646219397,0.016666666666666684,3.9095054837789407,1.1852629702146702,0.3719312379690454,0.01028590507886758,0.005236251737145126,0.005245209952894258,1.2285338587567258,0.7904009322599953,0.18762200008643926,Industrial Distribution,Industrials,MSM
2007Q1,2007,Q1,2007-01-04,2006-11-25,40296000.0,402012000.0,69206000.0,0.6,185691000.0,0.4619041223,1022998000.0,642237000.0,536455000.0,165128000.0,380761000.0,306525000.0,508471000.0,,,,,,,,,,,,,,,,,,,,,,,,,,,,,,,Industrial Distribution,Industrials,MSM
