Quarters,Year,Quarter,FillingDate,Date,NetIncome,Revenue,OperatingIncome,EPSDiluted,GrossProfit,GrossProfitRatio,TotalAssets,CommonStockEquity,CurrentAssets,CurrentLiability,TotalLiability,Inventory,RetainedEarnings,MarketCap,EnterpriseValue,bookValuePerShare,currentRatio,debtToAssets,debtToEquity,roic,shareholdersEquityPerShare,roe,priceToSalesRatio,peRatio,pbRatio,payoutRatio,inventoryTurnover,dividendYield,assetTurnover,quickRatio,returnOnAssets,priceToFreeCashFlowsRatio,grossProfitMargin,epsdilutedGrowth,fiveYNetIncomeGrowthPerShare,fiveYRevenueGrowthPerShare,fiveYShareholdersEquityGrowthPerShare,grossProfitGrowth,netIncomeGrowth,operatingIncomeGrowth,threeYNetIncomeGrowthPerShare,threeYRevenueGrowthPerShare,threeYShareholdersEquityGrowthPerShare,Industry,Sector,Symbol
2023Q1,2023,Q1,2023-05-12,2023-03-31,408673734.0,2986696.0,-8184708.0,16.19,2986696000.0,1000.0,53863409.0,6206249.0,46594542.0,37132157.0,47657160.0,0.0,-144848077.0,106543833.88,98331639.88,0.2458177993622619,1.2548299308332667,0.04443339262095349,0.3856329322268572,39.16903560925921,0.2458177993622619,65.84874922034227,35.67280830723984,0.06517658526593734,17.167186472859854,0.0,0.0,0.0,0.05544944249629651,1.231262972414988,7.587223712483553,28.35897159706583,1000.0,53.225806451612904,12.861841003714805,-0.20442371307285345,-0.9372162211644264,3118.7484970648675,53.2142029232997,-0.014673684301874022,54.40774662247235,3.382189605814433,-0.8237265120786701,Biotechnology,Healthcare,CAPR
2022Q4,2022,Q4,2023-03-17,2022-12-31,-7826869.148999999,957351.531,-8066345.0,-0.31,957351.531,1.0,50094910.0,11786094.0,42888734.0,23586555.0,38308816.0,0.0,-137079811.0,97131924.46,90088791.46,0.46837662378176254,1.818355160386924,0.05110517216220171,0.21721437144485697,-0.4836680326006463,0.46837662378176254,-0.6640765930595836,101.45899527474616,-3.102515278168732,8.241231103366392,0.0,0.0,0.0,0.019110754585645526,1.779354466983415,-0.15624080668075857,-11.955357595101859,1.0,-0.19230769230769226,-1.0652405741086401,-0.7936211132914381,-0.8923214642907832,-0.39848455483467227,-0.24940444362500946,-0.24523870170969858,0.08166523834216681,-0.2568419545890442,-0.7028942262624149,Biotechnology,Healthcare,CAPR
2022Q3,2022,Q3,2022-11-10,2022-09-30,-6264480.0,1591566.0,-6477750.0,-0.26,1591566.0,1.0,53928107.0,15426492.0,47504776.0,23194503.0,38501615.0,0.0,-129358899.0,146590722.0,140957479.0,0.6314107109725539,2.048104932448865,0.051557715534127684,0.18023605107369842,-0.30348480178966686,0.6314107109725539,-0.4060858424585447,92.10470819306268,-5.8500754252547695,9.50253123004245,0.0,0.0,0.0,0.029512736280544762,2.033287456083883,-0.11616354343756216,-21.605381760749616,1.0,0.07142857142857148,0.7808287777766251,-0.51386243526107,1.345633086616522,0.0,0.09171839396102807,0.11527347135672682,0.4020255081848404,0.7180057361571944,-0.3373997997770927,Biotechnology,Healthcare,CAPR
2022Q2,2022,Q2,2022-08-12,2022-06-30,-6897068.0,0.0,-7321754.0,-0.28,0.0,0.0,58065574.0,18728995.0,52623799.0,19547219.0,39336579.0,0.0,-122987784.0,84891304.44000001,71235586.44000001,0.7699751226722933,2.6921373828164508,0.04715959580456399,0.1462090731510153,-0.29344620564224894,0.7699751226722933,-0.36825617178070685,0.0,-3.0770794357834377,4.532613973146985,0.0,0.0,0.0,0.0,2.658410385641047,-0.11878067372588103,-12.206091627532,0.0,0.12499999999999993,0.8192355062791341,-1.0,1.2587697033334344,0.0,0.11628779443649905,0.06509324993034571,0.5208971487798301,-1.0,0.12634932578637878,Biotechnology,Healthcare,CAPR
2022Q1,2022,Q1,2022-05-11,2022-03-31,-7804654.0,0.0,-7831534.0,-0.32,0.0,0.0,64921918.0,24642666.0,59634188.0,14323297.0,40279252.0,0.0,-115878373.0,83289808.49000001,27760434.49000001,1.0148221722727124,4.16344002362026,0.04319913961876481,0.1138095610272038,-0.25843317845474895,1.0148221722727124,-0.3167130536931353,0.0,-2.66795326512873,3.379902502837964,0.0,0.0,0.0,0.0,4.097586051591334,-0.1202160108701656,3.5561707834344656,0.0,-1.2269503546099292,0.812421073972128,-1.0,1.3019578955221116,-1.0,-1.2295244190012111,-0.22758204927486528,0.5802267887475626,-1.0,-0.10725026383719698,Biotechnology,Healthcare,CAPR
2021Q4,2021,Q4,2022-03-11,2021-12-31,34003588.96,244653102.0,-6379642.0,1.41,244653102.0,1.0,41330323.0,31367966.0,36436961.0,4133391.0,5828966.0,0.0,-108060279.0,70761592.02000001,35876318.02000001,1.2988421791587612,8.815270803076698,0.01010473593443729,0.013313964953927839,-0.4941228571889008,1.2988421791587612,1.0840227562093123,0.2892323516094229,0.5202509072148247,2.2558552894376382,0.0,0.0,0.0,5.919457779219388,8.534644798907241,0.8227273946056507,0.0,1.0,9.294117647058822,1.6668459416220642,22.902353520460043,1.6943009631965227,0.0,9.648336238274158,-0.478636101836926,2.340562823247566,47.51596354188736,-0.12657964100446115,Biotechnology,Healthcare,CAPR
2021Q3,2021,Q3,2021-11-12,2021-09-30,-3931807.0,0.0,-4314545.0,-0.17,0.0,0.0,43100521.0,36735970.0,41298245.0,2988292.0,6364551.0,0.0,-101869755.0,92843407.49999999,52004249.499999985,1.5906201999318046,13.820016584724652,0.0,0.0,-0.11744742278480737,1.5906201999318046,-0.10702880582709536,0.0,-5.903354837864624,2.5273160746810275,0.0,0.0,0.0,0.0,13.726682666887974,-0.09122411768525954,-24.39285652356225,0.0,0.19047619047619038,0.9416286267496503,-1.0,58.2036990460502,0.0,0.17194887565271197,0.15120927563465847,0.8740099861139938,-1.0,-0.30249231698134393,Biotechnology,Healthcare,CAPR
2021Q2,2021,Q2,2021-08-13,2021-06-30,-4748266.0,204082.0,-5083167.0,-0.21,0.0,0.0,39930052.0,33380130.0,38731300.0,3173663.0,6549922.0,0.0,-97937948.0,117277191.63,79199227.63,1.4601310324709043,12.203973767851219,0.0,0.0,-0.15228122239188405,1.4601310324709043,-0.14224827764301698,574.6572046040317,-6.174737874310327,3.5133833100709913,0.0,0.0,0.0,0.00511098758398812,11.998111960847766,-0.11891459595394466,-24.246344381176215,0.0,0.0869565217391305,0.9204769049578564,-0.9858152980040571,1.5123501305144067,0.0,0.07835074398433362,0.015097785583194861,0.8537678202749135,-0.9358428141976836,-0.5598462089045588,Biotechnology,Healthcare,CAPR
2021Q1,2021,Q1,2021-05-14,2021-03-31,-5151923.0,40816.0,-5161088.0,-0.23,0.0,0.0,43544401.0,36380785.0,42615912.0,3751888.0,7163616.0,0.0,-93189682.0,104030423.64,62469029.64,1.6366565456774103,11.35852456150077,0.007306565085141486,0.00874527583723111,-0.14063314354131978,1.6366565456774103,-0.14161110047515468,2548.7657693061547,-5.048135601017329,2.859488151231481,0.0,0.0,0.0,0.0009373420936482741,11.162261240207597,-0.11831424664677326,-30.903656805936045,0.0,-0.09523809523809533,0.9101601243936311,-0.9975009341769144,3.4994073925358338,-1.0,-0.23312753773876646,-0.23455056045391265,0.83015761041584,-0.9876512611468835,-0.5819851822765141,Biotechnology,Healthcare,CAPR
2020Q4,2020,Q4,2021-03-15,2020-12-31,-4177932.0,57830.0,-4180540.0,-0.21,57830.0,1.0,34618796.0,28199784.0,33677083.0,2971282.0,6419012.0,0.0,-88037759.0,69881609.21000001,37533895.21000001,1.3841303915788863,11.334192782778612,0.009190383166416302,0.011282355921591457,-0.14659331682536442,1.3841303915788863,-0.148154751823631,1208.3971850250737,-4.181590868999304,2.4780902296982132,0.0,0.0,0.0,0.0016704798168024099,10.993865274315935,-0.1206839197989439,-16.918364527161003,1.0,-0.049999999999999906,0.8986507181186999,-0.9958214904493862,3.2185145536460342,2.4294016485797307,-0.06849092253851796,-0.06807811905591024,-1.0430127271923963,-0.9846024035523665,-0.6817921172229886,Biotechnology,Healthcare,CAPR
2020Q3,2020,Q3,2020-11-13,2020-09-30,-3910124.0,16863.0,-3914077.0,-0.2,16863.0,1.0,36187057.0,30407919.0,35491389.0,2277960.0,5779138.0,0.0,-83859827.0,103959665.25,68977485.25,1.5356107040754443,15.580338987515145,0.008792093814094912,0.010463063914370465,-0.1273861529809905,1.5356107040754443,-0.12858900341059182,6164.956724782067,-6.646826625575046,3.4188352465027285,0.0,0.0,0.0,0.00046599534192570566,15.503873202338935,-0.10805310860178544,-33.21824876701299,1.0,0.13043478260869565,0.8898603086469692,-0.998948077503849,0.2952156428247025,0.0,-0.12225923423591495,-0.122204650090629,0.8312131154280776,-0.993644949109419,1.8405905352372733,Biotechnology,Healthcare,CAPR
2020Q2,2020,Q2,2020-08-10,2020-06-30,-3484154.0,49864.0,-3487846.0,-0.23,0.0,0.0,37125954.0,31653954.0,36552363.0,1917508.0,5472000.0,0.0,-79949703.0,69601151.0,33666688.0,2.0920370756512345,19.0624305087645,0.008569746113460142,0.010051192972606203,-0.10909025283720683,2.0920370756512345,-0.11007010372227116,1395.8196494464944,-4.994121313237015,2.198813803798413,0.0,0.0,0.0,0.0013431035334472482,18.932117623498833,-0.09384685441349197,-32.766712865712364,0.0,0.23333333333333328,0.8803888580953199,-0.9958602890096453,-0.2549474946951543,0.0,-0.6712029539269135,-0.6549621638446924,0.8532003047394543,-0.9926793265228996,1.7030822132927796,Biotechnology,Healthcare,CAPR
2020Q1,2020,Q1,2020-05-15,2020-03-31,-2084818.0,185693.0,-2107508.0,-0.3,0.0,0.0,14293789.0,9592634.0,13770083.0,1324896.0,4701155.0,0.0,-76465549.0,8254538.399999999,-1586682.6000000006,1.3945250772593172,10.393331250150956,0.0,0.0,-0.2197006578172377,1.3945250772593172,-0.2173353012321746,44.45260941446365,-0.989839208986108,0.860508010625653,0.0,0.0,0.0,0.012991167002675079,10.065777238364369,-0.14585481848095,-6.776257228138268,0.0,0.11764705882352951,0.8703525909453367,-0.9775485884362544,-0.716893975620517,0.0,-0.418805268480446,-0.420757748072125,0.8231175537301604,-0.9344162239995358,1.4149375812700267,Biotechnology,Healthcare,CAPR
2019Q4,2019,Q4,2020-03-27,2019-12-31,-1469418.0,222100.0,-1483369.0,-0.34,0.0,0.0,11113637.0,6839386.0,10544728.0,897992.0,4274251.0,0.0,-74380731.0,5553195.5200000005,5030127.5200000005,1.5764642264927853,11.742563408137267,0.0,0.0,-0.21688628189723463,1.5764642264927853,-0.21484647890907166,25.0031315623593,-0.9447950685237284,0.8119435750519125,0.0,0.0,0.0,0.01998445693340533,11.106274888863153,-0.13221756298140744,-3.110978133725334,0.0,0.20930232558139528,0.7387860798093445,-0.9456997020638942,1.3751424597833641,0.0,0.08538653056143408,0.08864990928700756,0.8395856964248216,-0.8792087495254869,1.842704870893335,Biotechnology,Healthcare,CAPR
2019Q3,2019,Q3,2019-11-08,2019-09-30,-1606600.0,142071.0,-1627661.0,-0.43,0.0,0.0,7907415.0,3570434.0,7290788.0,960722.0,4336981.0,0.0,-72911313.0,13863163.700000001,10411853.700000001,0.9529286449960913,7.588863375669549,0.0,0.0,-0.45587203124326064,0.9529286449960913,-0.4499733085669697,97.57912381837251,-2.1572207923565294,3.88276710898451,0.0,0.0,0.0,0.01796680710447093,7.212100899115457,-0.20317638570885682,-8.394916542325916,0.0,0.2711864406779661,0.6750665181510969,-0.9659119360070387,1.2493174483069103,0.0,0.21493471145698853,0.21204972672569455,0.8529788306664198,-0.9071483763112991,34.46849254971601,Biotechnology,Healthcare,CAPR
2019Q2,2019,Q2,2019-08-08,2019-06-30,-2046454.0,410353.0,-2065690.0,-0.59,0.0,0.0,7306844.0,2363783.0,6643272.0,1566802.0,4943061.0,0.0,-71304713.0,12465487.965,9950784.965,0.6836024180462157,4.2400201174111345,0.0,0.0,-0.8738915543431863,0.6836024180462157,-0.8657537515076469,30.377474917936507,-1.5228155586443672,5.273533131002296,0.0,0.0,0.0,0.056160087720498755,3.85182684219193,-0.280073585805308,-7.0133470415973935,0.0,0.26250000000000007,0.548879009065816,-0.8667936238657127,1.259118175396372,0.0,0.1877039468592035,0.1921962108082066,0.7734039166082991,-0.8114331678636217,1.2398714775024289,Biotechnology,Healthcare,CAPR
2019Q1,2019,Q1,2019-05-14,2019-03-31,-2519345.0,230504.0,-2557168.0,-0.8,0.0,0.0,8617505.0,3740302.0,7904007.0,1500944.0,4877203.0,0.0,-69258259.0,18676213.908,14882253.908,1.1367375773580157,5.266023915615772,0.0,0.0,-0.6836795531483821,1.1367375773580157,-0.6735672680976028,81.02338314302571,-1.8532807047069775,4.993236885149916,0.0,0.0,0.0,0.02674834537374797,4.85883617243548,-0.2923520206834809,-11.616742639475822,0.0,0.27272727272727276,0.2606836993938884,-0.9213865576466043,1.8007415577708075,0.0,0.227166100336853,0.22649876813577882,0.7032057493627216,-0.9046559092521582,2.7359600043917225,Biotechnology,Healthcare,CAPR
2018Q4,2018,Q4,2019-03-29,2018-12-31,-3259879.0,648082.0,-3305965.0,-1.1,0.0,0.0,9247065.0,4615587.0,8471299.0,1255219.0,4631478.0,0.0,-66738914.0,12725584.1,11842578.1,1.4870756855868015,6.748861354074468,0.0,0.0,-0.7162610086214386,1.4870756855868015,-0.7062761464576445,19.635762295511988,-0.9759245741943182,2.7570889899811224,0.0,0.0,0.0,0.07008515674973627,5.944208938838561,-0.35253120855103753,-3.3884100924986837,0.0,0.21428571428571416,0.8354936164491342,-0.514978842001031,4.2498910043945735,0.0,0.21185477280749684,0.2075697782226556,0.48091832497907244,-0.6926217917457658,3.383517529070487,Biotechnology,Healthcare,CAPR
2018Q3,2018,Q3,2018-11-14,2018-09-30,-4136140.0,219247.0,-4171932.0,-1.4,0.0,0.0,12232816.0,6980422.0,11392646.0,1876135.0,5252394.0,0.0,-63479035.0,32752764.2,31751227.2,2.280433948839042,6.072402039298877,0.0,0.0,-0.5976618605580006,2.280433948839042,-0.5925343768614563,149.38751362618416,-1.9796697041202667,4.692089418089622,0.0,0.0,0.0,0.017922856029224995,5.620334357602198,-0.33811838582383646,-10.472640481413032,0.0,0.0,0.6636695389234819,0.0,1.1261753006599504,0.0,-0.003053680956302679,-0.0021436422894214953,0.2463148760442477,-0.9115243115697068,0.9234391341021297,Biotechnology,Healthcare,CAPR
2018Q2,2018,Q2,2018-08-13,2018-06-30,-4123548.0,403960.0,-4163008.0,-1.4,0.0,0.0,14327071.0,9630804.0,13541193.0,1320008.0,4696267.0,0.0,-59342897.0,38902719.2,35943571.2,3.3173201322132773,10.258417373228042,0.0,0.0,-0.43225965350348733,3.3173201322132773,-0.4281623839504988,96.3033943954847,-2.3585707744883777,4.039405142083672,0.0,0.0,0.0,0.028195574657234546,9.561707201774535,-0.2878151437931731,-10.538027348739089,0.0,0.0,0.795311126151914,0.0,1.2317399905314887,0.0,-0.12311434197732281,-0.129354673926932,0.26221677220205886,-0.825214781465544,0.1814215456168824,Biotechnology,Healthcare,CAPR
2018Q1,2018,Q1,2018-05-14,2018-03-31,-3671530.0,400066.0,-3686183.0,-1.4,0.0,0.0,15388422.0,10534264.0,14613165.0,1477899.0,4854158.0,0.0,-55219349.0,36591248.8,32801986.799999997,3.9153074874011953,9.887796798022057,0.0,0.0,-0.3499231650165593,3.9153074874011953,-0.348532180321283,91.463030599951,-2.491553167208221,3.473545831013918,0.0,0.0,0.0,0.02599785735015585,9.11523182572016,-0.23859041557347466,-10.152405405367912,0.0,-1.3333333333333333,0.7565560573832417,0.0,1.5246956285651565,0.0,-1.298372936060783,-0.12369136541232639,0.41626464468011126,-0.8763332391787115,-0.2051436327270469,Biotechnology,Healthcare,CAPR
2017Q4,2017,Q4,2018-03-22,2017-12-31,12305171.0,475799.0,-3280423.0,4.2,0.0,0.0,16273789.0,11226855.0,15712676.0,1670675.0,5046934.0,0.0,-51547819.0,40780179.2,34640044.2,4.349767766591865,9.404986607209661,0.0,0.0,-0.29219429662180546,4.349767766591865,1.0960479136855334,85.70883755535426,0.8285171169096309,3.6323778297662166,0.0,0.0,0.0,0.029237137092044146,8.660876591796729,0.7561343581387223,-15.288953273669938,0.0,4.500000000000001,3.0327577866574833,0.0,3.239033423164714,0.0,5.499159961286921,-0.24365240909523442,4.67688093517597,-0.8044678701246485,2.035090141611361,Biotechnology,Healthcare,CAPR
2017Q3,2017,Q3,2017-11-14,2017-09-30,-2734993.0,313271.0,-2637733.0,-1.2,0.0,0.0,15793539.0,-4270774.0,15232420.0,16688054.0,20064313.0,0.0,-63852990.0,70835764.2,76094534.2,-1.826823690849657,0.9127738920307904,0.8963068378784514,-3.3145881753518216,-0.2668397422662005,-1.826823690849657,0.6403975017174873,226.1165706369246,-6.474949314312688,-16.58616545853281,0.0,0.0,0.0,0.019835389648893767,0.8648082634440181,-0.1731716368319982,-22.094845142804743,0.0,0.25000000000000006,0.82205899180071,0.0,-6.777517756710336,0.0,0.21230268275704559,0.21929657361405194,0.11346968041132861,-0.8795330916139932,0.5220428900937105,Biotechnology,Healthcare,CAPR
2017Q2,2017,Q2,2017-08-14,2017-06-30,-3472137.0,996462.0,-3378662.0,-1.6,0.0,0.0,14218267.0,-6586376.0,13640187.0,16644327.0,20804643.0,0.0,-61117998.0,18369994.180999998,24264954.180999998,-2.975522685822891,0.8195096743773419,0.9956105761693742,-2.1492634189120086,-0.4463531911897262,-2.975522685822891,0.5271695694263431,18.435217982221097,-1.322672044694665,-2.789089809175789,0.0,0.0,0.0,0.07008322462927444,0.7553496755981783,-0.2442025459220874,-4.950461463191946,0.0,0.05882352941176463,0.6182065869521329,0.0,-1.4713774822873484,0.0,0.05304071846064096,0.0524226219640625,-0.19566264675620545,-0.4947004600474278,-0.12786612341797662,Biotechnology,Healthcare,CAPR
2017Q1,2017,Q1,2017-05-15,2017-03-31,-3666617.0,880808.0,-3565579.0,-1.7,0.0,0.0,14068041.0,-7191794.0,13464672.0,3299189.0,21259835.0,0.0,-57645859.0,72328653.8,92477017.8,-3.3608068784490497,4.08120662380967,0.9884714581084886,-1.9335727636247646,-0.5310612962672527,-3.3608068784490497,0.5098334296004585,82.11625439369305,-4.9315659230293205,-10.057108671355158,0.0,0.0,0.0,0.06261056532320314,3.6192734032515266,-0.2606345119409305,-15.45808741451463,0.0,0.19047619047619052,0.8236910350098265,-0.8327783275955289,-2.1572439207398686,0.0,0.18847370641325456,-0.22388477236865456,-0.6544778467842716,-0.5380953131083057,-1.3674221639358737,Biotechnology,Healthcare,CAPR
2016Q4,2016,Q4,2017-03-16,2016-12-31,-4518174.0,906930.0,-2913329.0,-2.1,0.0,0.0,18747355.0,-4003154.0,18108340.0,4895183.0,22750509.0,0.0,-53979242.0,56921366.6,80613355.6,-1.8707192529000174,3.699216147792636,0.7417503429150405,-3.4737252176658706,-0.2941953323249218,-1.8707192529000174,1.1286535566705653,62.76269017454489,-3.1495780485656377,-14.21912986610058,0.0,0.0,0.0,0.048376424300921386,3.3539548981110614,-0.24100327752901676,-13.15017630562383,0.0,0.2758620689655172,0.8992451575911021,-0.8278190577812793,-1.1788562564685592,0.0,0.1528550292280009,0.44402903470447175,0.6692922184713814,-0.015525027760150724,-3.088314892559402,Biotechnology,Healthcare,CAPR
2016Q3,2016,Q3,2016-11-14,2016-09-30,-5333413.0,746781.0,-5240074.0,-2.9,0.0,0.0,24471820.0,49131.0,22404446.0,6670268.0,24422689.0,0.0,-49461068.0,59296810.106000006,55880974.106000006,0.02686690570963443,3.3588524479076405,0.5968104946832724,297.2672854206102,-0.3575824492277625,0.02686690570963443,-108.55494494311128,79.40321206083176,-2.7794964549904537,1206.9123385642467,0.0,0.0,0.0,0.03051595672083237,3.250849291212887,-0.2179410031620043,-23.489373796649517,0.0,-0.11538461538461531,0.7975507993300418,-0.9601097000527778,-0.9991008685573297,0.0,-0.13746766796449789,-0.1360869900797591,0.274057177315704,0.0,1.0014865328186513,Biotechnology,Healthcare,CAPR
2016Q2,2016,Q2,2016-08-15,2016-06-30,-4688848.0,1129819.0,-4612388.0,-2.6,0.0,0.0,13892196.0,-5116177.0,11808728.0,6204701.0,19008373.0,0.0,-44127654.0,70911664.0,76716367.0,-2.8498695433236483,1.903190500235225,0.8750133528205332,-2.37596490504531,-0.6551985317514433,-2.8498695433236483,0.916474938220472,62.76373826250045,-3.7808681364804317,-13.860283567202622,0.0,0.0,0.0,0.08132760292181308,1.864628932159664,-0.337516689226095,-14.42664808532498,0.0,0.0,0.7918227129339434,-0.8723431503592741,-1.0612019171411307,0.0,-0.09903263710050368,-0.0953902011197119,0.6236049392642956,0.0,0.800914981170307,Biotechnology,Healthcare,CAPR
2016Q1,2016,Q1,2016-05-13,2016-03-31,-4266341.0,1215089.0,-4210726.0,-2.6,0.0,0.0,16984850.0,-1082905.0,14889931.0,7340746.0,18067755.0,0.0,-39438807.0,42005250.0,42893078.0,-0.6548178382464097,2.0283947980218904,0.5979362196310242,-9.378345284212374,-0.4640965806939131,-0.6548178382464097,3.9397186272110667,34.56968995686736,-2.461432993752726,-38.78941366047806,0.0,0.0,0.0,0.07153957791796807,1.9846089212186337,-0.25118508553210656,-9.937223522442661,0.0,-0.28499498822816377,0.8503931498796419,0.0,-1.0271186407360926,0.0,-0.27501059435370256,-0.2818316621150716,0.5397689426354437,0.0,0.9122469797480888,Biotechnology,Healthcare,CAPR
2015Q4,2015,Q4,2016-03-30,2015-12-31,-3346122.0,1123396.0,-3284929.0,-2.023354195011338,0.0,0.0,16069572.0,-1031774.0,13989857.0,6528668.0,17101346.0,0.0,-35172466.0,50829660.0,62416221.0,-0.6238996220710507,2.14283480183094,0.5697635879785722,-8.873897772186545,-0.40434458879851426,-0.6238996220710507,3.2430764876804417,45.246431356351636,-3.79765441905585,-49.26433501910302,0.0,0.0,0.0,0.06990827135906295,2.110576613790133,-0.2082272010729346,-13.933668386890915,0.0,-0.12408566389518778,0.8236532576131973,0.0,-1.0166604321791246,-1.0,-0.1491024552669969,-0.15238225538535477,0.1372957508655962,0.0,0.6788490371265403,Biotechnology,Healthcare,CAPR
2015Q3,2015,Q3,2015-11-13,2015-09-30,-2911944.0,1314884.0,-2850555.0,-1.8,1314884.0,1.0,19882289.0,1925666.0,17713755.0,6534168.0,17956623.0,0.0,-31826344.0,65780464.5,83717357.5,1.1856023455109532,2.710942693851765,0.4605031643992299,4.754644367195557,-0.25723494866184005,1.1856023455109532,-1.512175008542499,50.02757999945242,-5.647469911852701,34.15985144879746,0.0,0.0,0.0,0.06613343161846204,2.696790012133144,-0.146459192902789,-19.75235694881389,1.0,0.052631578947368356,0.9315102429423728,0.0,-0.9751940000969195,0.018132881547017112,0.06762326772950693,0.06893777665128481,0.7273089470055194,0.0,2.749589321562329,Biotechnology,Healthcare,CAPR
2015Q2,2015,Q2,2015-08-14,2015-06-30,-3123141.0,1291466.0,-3061616.0,-1.9,1291466.0,1.0,23690830.0,4555195.0,21642939.0,6863403.0,19135635.0,0.0,-28914400.0,81924887.5,101536849.5,2.8079055647162163,3.15338309581996,0.38647261408739164,2.0099813509630216,-0.223295484547794,2.8079055647162163,-0.6856218010425459,63.435574378264704,-6.557892158887479,17.984935332076894,0.0,0.0,0.0,0.054513328574811434,3.046977279346703,-0.13182910856225805,-43.08779218743754,1.0,0.17391304347826084,0.9168231236674093,0.0,-0.9616086548217972,-0.27766398829466044,0.10154680591726836,0.10340774147259296,0.5314219411718742,0.0,-0.5551761504279966,Biotechnology,Healthcare,CAPR
2015Q1,2015,Q1,2015-05-13,2015-03-31,-3476131.0,1787902.0,-3414725.0,-2.3,1787902.0,1.0,27471047.0,7324544.0,25420259.0,7545301.0,20146503.0,0.0,-25791258.0,128177158.8,145877685.8,4.925805024163166,3.369018545449678,0.333291155593742,1.250024165326879,-0.20719914521497385,4.925805024163166,-0.47458667734127885,71.69137838651112,-9.218378047317549,17.49967763180889,0.0,0.0,0.0,0.06508314007835231,3.070698571203455,-0.12653798743091227,-61.36013943967539,1.0,-0.7738291698110272,0.9344470100727691,0.0,-0.8200157809316895,0.2753429455331661,-0.8029210784962048,-0.8295381423789984,0.7594555783708995,-0.5115216397748775,0.6961277827404754,Biotechnology,Healthcare,CAPR
2014Q4,2014,Q4,2015-03-16,2014-12-31,-1928055.0,1401899.0,-1866441.0,-1.2966299343498944,1401899.0,1.0,13632072.0,-6248723.0,11607545.0,6299633.0,19880795.0,0.0,-22315127.0,55761525.0,56882617.0,-4.2023081775471525,1.842574797611226,0.6716408921549123,-1.4652364971210918,-0.642020973233432,-4.2023081775471525,0.30855184331262564,39.775707807766466,-7.230281942164513,-8.923667283699405,0.0,0.0,0.0,0.1028382919339041,1.3326169953075044,-0.14143521249007487,-26.58059907675939,1.0,0.002592358192388976,0.9551389871530791,0.0,-1.0763352736401277,0.07716830315328779,-0.24875160785136652,-0.25677376347126973,0.938125357695128,-0.6169827402613571,-1.4017754711179358,Biotechnology,Healthcare,CAPR
2014Q3,2014,Q3,2014-11-14,2014-09-30,-1543986.0,1301467.0,-1485105.0,-1.3,1301467.0,1.0,16282719.0,-4471965.0,14196136.0,6192239.0,20754684.0,0.0,-20387072.0,45045500.5,44721240.5,-3.822149839360759,2.2925691337172225,0.5623051653719505,-2.04739012939502,-0.31706644815892426,-3.822149839360759,0.34525896334161826,34.61132744817963,-7.293702873601186,-10.072865172245312,0.0,0.0,0.0,0.07992934103941732,1.6781290257045958,-0.09482359795068625,-19.646519449162117,1.0,0.0,0.9655188611266666,0.0,-1.0508239144887423,0.24940792018946553,-0.006556366037802271,-0.003163964845135269,0.9083987342769849,-0.891343811127154,-1.1279125752815573,Biotechnology,Healthcare,CAPR
2014Q2,2014,Q2,2014-08-14,2014-06-30,-1533929.0,1041667.0,-1480421.0,-1.3,1041667.0,1.0,18437454.0,-3084651.0,16409568.0,6492261.0,21522105.0,0.0,-18843085.0,51446164.0,48831449.0,-2.6381878345681904,2.527558272842081,0.46870245750850414,-2.801509798029015,-0.266405124033004,-2.6381878345681904,0.4972779740722694,49.388301635743474,-8.384704246415577,-16.678114963410774,0.0,0.0,0.0,0.05649733417639984,1.8342156915749381,-0.08319635672040185,-8.454477583610664,1.0,-0.30000000000000004,0.9746558085262161,0.0,-1.070261326158627,0.0,-0.26707009931348713,-0.24883987930189458,0.8954334671889379,-0.8192890728219011,-1.0566559804929445,Biotechnology,Healthcare,CAPR
2014Q1,2014,Q1,2014-05-15,2014-03-31,-1210611.0,1041667.0,-1185437.0,-1.0,1041667.0,1.0,15976704.0,-1659440.0,14030944.0,6299284.0,17636144.0,0.0,-17309146.0,99360240.0,90669049.0,-1.4196060718049794,2.227387112567079,0.24796935588216443,-2.3873915296726604,-0.5148940643089303,-1.4196060718049794,0.729529841392277,95.38579987654404,-20.51861415434025,-59.875765318420676,0.0,0.0,0.0,0.06519911741495618,2.1123246705498593,-0.07577351373599961,8.833720548557073,1.0,0.8433699294447553,0.9718802805906543,0.0,-1.0196774352388636,1.069949705206137,0.8377868517696696,0.7978698045260473,0.9399411957571164,0.0,-1.0587915979062992,Biotechnology,Healthcare,CAPR
2013Q4,2013,Q4,2014-03-31,2013-12-31,-7463088.0,503233.0,-5864720.0,-6.384470085821048,503233.0,1.0,5537907.0,-534882.0,3680840.0,2052922.0,6072789.0,0.0,-16098535.0,37990680.0,40549370.0,-0.45757709522440765,1.7929760604640606,0.7153845306539095,-7.406742047778763,-1.7114021006457532,-0.45757709522440765,13.952774630666203,75.4932208340868,-1.2726193232613632,-71.02628243238696,0.0,0.0,0.0,0.09087061230894632,1.0016055164297524,-1.3476369321478312,-6.444387071559405,1.0,-0.2768940171642097,0.8963390090779898,0.0,-1.0043302728662584,0.0,-20.417775137536484,-19.087065230421455,0.44355738393384786,0.0,-1.0122190042949553,Biotechnology,Healthcare,CAPR
2013Q3,2013,Q3,2013-11-14,2013-09-30,-348453.0,0.0,-291965.0,-5.0,0.0,0.0,114366.0,-1567554.0,109003.0,1181927.0,1681920.0,0.0,-48136853.0,2168300.0,2424068.0,-18.07353687220403,0.0922248159150269,2.8574576360107025,-0.20847511473288957,0.23531180133434562,-18.07353687220403,0.2222909067247444,0.0,-1.5556617391728582,-1.3832378342309102,0.0,0.0,0.0,0.0,0.06009508201437144,-3.046823356591994,-13.70806122255448,0.0,0.0,0.9415694957410224,0.0,-1.116532419013321,0.0,0.4169331398997023,0.30671710192005397,0.8465208566822819,0.0,-1.378147154986439,Biotechnology,Healthcare,CAPR
2013Q2,2013,Q2,2013-08-14,2013-06-30,-597621.0,0.0,-421134.0,-5.0,0.0,0.0,294822.0,-1232851.0,289293.0,1015586.0,1527673.0,0.0,-47788400.0,2196162.0,2225471.0,-14.31483674701593,0.2848532768273686,0.8768477250680071,-0.20968795093648787,0.4322262215229433,-14.31483674701593,0.48474714300430466,0.0,-0.9187101858870421,-1.7813685514307893,0.0,0.0,0.0,0.0,0.22568743562829735,-2.027057003887091,-39.3387070772207,0.0,0.0,0.9114276418579226,0.0,-1.0677274095960039,0.0,-0.2379179846011397,-0.2954780361757106,0.7001961897335301,0.0,-1.1957209122806989,Biotechnology,Healthcare,CAPR
2013Q1,2013,Q1,2013-06-21,2013-03-31,-482763.0,0.0,-325080.0,-5.0,0.0,0.0,415308.0,-642662.0,404281.0,649128.0,1057970.0,0.0,-47190780.0,4133952.0,4039894.0,-7.462054711810877,0.6228062878199677,0.45983703660897457,-0.29716087150010423,0.7197003241175325,-7.462054711810877,0.7511926953826428,0.0,-2.1407771515215543,-6.432544634660211,0.0,0.0,0.0,0.0,0.43909983855264295,-1.162421624432951,-28.671364367752318,0.0,-1.1318666085785578,0.9116762946160049,0.0,-1.0274386835555052,0.0,-1.3900104954651669,-0.017350157728706624,0.8428155679038897,0.0,-1.272656364464701,Biotechnology,Healthcare,CAPR
2012Q4,2012,Q4,2013-06-21,2012-12-31,-201992.0,0.0,-319536.0,-2.345362500580558,0.0,0.0,227054.0,-167313.0,171628.0,330983.0,394367.0,0.0,-46708017.0,2097119.4000000001,2050403.4000000001,-1.94269889926153,0.5185402271415752,0.0,0.0,1.909809757759409,-1.94269889926153,1.2072702061405869,0.0,-2.595547595944394,-12.534109124813972,0.0,0.0,0.0,0.0,0.14114320070819347,-0.8896209712227048,-8.893975597032966,0.0,0.5309274998838884,0.9550800069755842,0.0,-1.0061603002069686,0.0,0.6432698964382091,0.4455503269062591,0.9188547676697099,0.0,-1.0352892852713298,Biotechnology,Healthcare,CAPR
2012Q3,2012,Q3,2013-06-21,2012-09-30,-566232.0,0.0,-576312.0,-5.0,0.0,0.0,495225.0,27232.0,438349.0,287143.0,467993.0,0.0,-46506025.0,4736820.0,4454313.0,0.31619525335562676,1.5265877977175135,0.0,0.0,-21.16304347826087,0.31619525335562676,-20.79289071680376,0.0,-2.0913777391599204,173.9431551116334,0.0,0.0,0.0,0.0,0.9838547344006296,-1.1433833106163864,-9.575620356799918,0.0,0.0,0.9621347382884176,-1.0,-0.9994147960338154,0.0,-0.604356621917979,0.25581467420779425,0.8282094983359797,0.0,-0.995795486521015,Biotechnology,Healthcare,CAPR
2012Q2,2012,Q2,2012-08-14,2012-06-30,-352934.0,0.0,-774420.0,-5.0,0.0,0.0,1000172.0,542254.0,941847.0,267055.0,457918.0,0.0,-45939793.0,4295150.0,3517968.0,6.312398868491205,3.526790361536013,0.0,0.0,,6.312398868491205,-0.6508647239116724,0.0,-3.042459780015527,7.920918978928694,0.0,0.0,0.0,0.0,2.910194529216828,-0.35287330579140386,-5.036792513676261,0.0,0.5,0.7308286273165163,0.0,1.05669021269216,-1.0,0.5427599403533455,-0.005906168939552368,0.920629581281851,0.0,-0.8318855428218586,Biotechnology,Healthcare,CAPR
2012Q1,2012,Q1,2012-05-15,2012-03-31,-771879.0,195500.0,-769873.0,-10.0,195500.0,1.0,716006.0,230659.0,656117.0,485347.0,485347.0,0.0,-45586859.0,19856000.0,19420270.0,2.904147360999194,1.3518513558340735,0.0,0.0,,2.904147360999194,-3.3464074673002138,101.56521739130434,-6.431059790459385,86.08378602178975,0.0,0.0,0.0,0.27304240467258656,0.8977700490576845,-1.0780342622827184,-32.903589301693565,1.0,0.5228041504695414,-0.42322521837181143,0.0,1.03022463808496,0.0,0.536239102614171,0.5376057601003261,0.7361254271832114,0.0,-0.959745049873224,Biotechnology,Healthcare,CAPR
2011Q4,2011,Q4,2012-04-02,2011-12-31,-1664390.0,195500.0,-1664971.0,-20.95575644641418,195500.0,1.0,1372170.0,830723.0,1310488.0,541447.0,541447.0,0.0,-44814980.0,21643040.0,20603850.0,10.459344782433522,2.420344004122287,0.0,0.0,,10.459344782433522,-2.003543900915227,110.70608695652174,-3.2508967249262493,26.05325722292509,0.0,0.0,0.0,0.14247505775523442,1.9192829584428392,-1.2129619507786935,-13.779697156649457,1.0,-0.3970504297609454,-2.1298904286929194,0.0,1.1171824082674815,-0.7595325953259533,-0.45479353153164176,-0.4398329591720254,0.6597533625257426,0.0,-0.9010181729310512,Biotechnology,Healthcare,CAPR
2011Q3,2011,Q3,2011-11-14,2011-09-30,-1144073.0,813000.0,-1156364.0,-15.0,813000.0,1.0,3090813.0,2372996.0,3027989.0,717817.0,717817.0,0.0,-43150590.0,25015725.0,22408389.0,29.88095447963231,4.218330020046892,0.0,0.0,,29.88095447963231,-0.48212175663170104,30.769649446494466,-5.466374304786495,10.541831928920233,0.0,0.0,0.0,0.26303758913916825,3.6323129711333113,-0.37015277210235625,-38.338334618137345,1.0,0.0,0.37811749634179925,0.0,1.3619231981281867,1.3497109826589595,-0.29930042133714924,-0.31369918260464535,0.7904797596026109,0.0,-0.8073371065907009,Biotechnology,Healthcare,CAPR
2011Q2,2011,Q2,2011-08-15,2011-06-30,-880530.0,346000.0,-880235.0,-15.0,346000.0,1.0,3704348.0,3268074.0,3639712.0,436274.0,436274.0,0.0,-42006516.0,27371370.0,24111535.0,46.56503711725062,8.342720400482266,0.0,0.0,,46.56503711725062,-0.2694339234668493,79.10800578034682,-7.771276958195632,8.375382564776684,0.0,0.0,0.0,0.09340375148339194,7.471990079628857,-0.23770174940367372,-23.44177788892391,1.0,0.0,-1.0991427121096125,0.0,1.783984368381688,0.0,0.26364284089540657,0.26500697221967084,0.8398566981429957,0.0,-0.7796880678816974,Biotechnology,Healthcare,CAPR
2011Q1,2011,Q1,2011-05-16,2011-03-31,-1195792.0,0.0,-1197610.0,-15.0,0.0,0.0,2418193.0,1674457.0,2351684.0,743736.0,743736.0,0.0,-41125986.0,28431860.0,26307999.0,24.146410751881866,3.1619875869932343,0.0,0.0,,24.146410751881866,-0.7141371799932754,0.0,-5.944148313419056,16.97974925602748,0.0,0.0,0.0,0.0,2.8556651822689774,-0.4944981645385625,-22.555999558905548,0.0,-0.3073346932157952,-2.597432028015393,0.0,1.440553396913337,0.0,-0.5028988621981583,-0.14825127087036644,0.728292439239718,0.0,-0.9112113554228622,Biotechnology,Healthcare,CAPR
2010Q4,2010,Q4,2011-03-14,2010-12-31,-795657.0,0.0,-1042986.0,-11.473725953912266,0.0,0.0,3665953.0,2596868.0,3597250.0,1069085.0,1069085.0,0.0,-39930194.0,21497260.0,18119105.0,37.44798546419404,3.3647932577858635,0.0,0.0,,37.44798546419404,-0.3063910063969366,0.0,-6.754562581614942,8.27814890860837,0.0,0.0,0.0,0.0,3.159856325736494,-0.21703960743632011,-20.324957123056354,0.0,0.5410509618435093,-1.4467343864436553,0.0,1.7284661709127718,0.0,0.5602873291026823,0.4246343648495975,0.7802473222428431,0.0,-0.8812523995904264,Biotechnology,Healthcare,CAPR
2010Q3,2010,Q3,2010-11-12,2010-09-30,-1809493.0,0.0,-1812736.0,-25.0,0.0,0.0,4808624.0,3303876.0,4739909.0,1504748.0,1504748.0,0.0,-39134537.0,21774690.0,17338857.0,47.794983074385904,3.149968632621542,0.0,0.0,,47.794983074385904,-0.5476879277551578,0.0,-3.008396550857063,6.5906498912186775,0.0,0.0,0.0,0.0,2.947890942536558,-0.37630161975650417,-19.20518931161977,0.0,0.0,-10.493710441414926,0.0,2.023069963601246,0.0,-0.21075113698636552,-0.20751901636483178,0.8492399662134129,-1.0,-0.911542588441734,Biotechnology,Healthcare,CAPR
2010Q2,2010,Q2,2010-08-16,2010-06-30,-1494521.0,0.0,-1501207.0,-25.0,0.0,0.0,5872398.0,4722660.0,5800605.0,1149738.0,1149738.0,0.0,-37325044.0,10654215.0,5090797.0,73.1390252590172,5.0451537654665675,0.0,0.0,,73.1390252590172,-0.3164574625317088,0.0,-1.7822123275618074,2.255977563491761,0.0,0.0,0.0,0.0,4.838857200510029,-0.254499269293396,-11.021506711149042,0.0,0.2857142857142857,-10.859361866888982,0.0,2.64580245799231,0.0,0.2263671290626155,0.22483340863615828,-0.5163805719247581,0.0,1.6568448832863436,Biotechnology,Healthcare,CAPR
2010Q1,2010,Q1,2010-05-14,2010-03-31,-1931822.0,0.0,-1936625.0,-35.0,0.0,0.0,2371763.0,1482551.0,2296339.0,889212.0,889212.0,0.0,-35830525.0,26543790.0,24530396.0,27.367982869062782,2.582442657094146,0.0,0.0,,27.367982869062782,-1.303039153459139,0.0,-3.435071916563741,17.90413280892192,0.0,0.0,0.0,0.0,2.2642451968709376,-0.814508869562431,-22.83682518815752,0.0,-0.21093567875206215,-8.983119276358465,0.0,1.644133206544645,0.0,-0.23382420472639087,-0.22793007115384373,-4.222475548121187,0.0,1.284829684760973,Biotechnology,Healthcare,CAPR
2009Q4,2009,Q4,2010-03-03,2009-12-31,-1565719.0,0.0,-1577146.0,-28.903269276919385,0.0,0.0,3619704.0,2982150.0,3433450.0,637554.0,637554.0,0.0,-33898703.0,32773455.0,29597737.0,55.050672869247386,5.385347750935607,0.0,0.0,,55.050672869247386,-0.5250302634005667,0.0,-5.232972040321411,10.989874754791005,0.0,0.0,0.0,0.0,4.98109650319816,-0.43255442986498344,-29.200900080545715,0.0,0.27741826807701536,-3.7045312717633148,0.0,2.414606402541796,0.0,0.22782736921013177,0.21860605685266613,-3.3169076763747056,0.0,1.6167662083764678,Biotechnology,Healthcare,CAPR
2009Q3,2009,Q3,2009-11-12,2009-09-30,-2027680.0,0.0,-2018375.0,-40.0,0.0,0.0,4829355.0,3984446.0,4555876.0,844909.0,844909.0,0.0,-32332984.0,43445240.0,39221057.0,75.20376731720206,5.392149923837952,0.0,0.0,,75.20376731720206,-0.5088988531906318,0.0,-5.356520752781504,10.903709072729308,0.0,0.0,0.0,0.0,4.999571551492528,-0.41986559281726027,-44.36302220334275,0.0,0.2,-15.426770188869318,0.0,3.2947437386124387,0.0,0.18895719754088852,0.193010562880505,-0.6520691116192757,0.0,1.9108808086194942,Biotechnology,Healthcare,CAPR
2009Q2,2009,Q2,2009-08-13,2009-06-30,-2500090.0,0.0,-2501117.0,-50.0,0.0,0.0,2253894.0,1813504.0,1955594.0,440390.0,440390.0,0.0,-30305304.0,22217080.0,20446854.0,37.54822145844548,4.440595835509435,0.0,0.0,,37.54822145844548,-1.3785963526962168,0.0,-2.22162802139123,12.25091314935065,0.0,0.0,0.0,0.0,4.019678012670587,-1.1092314012992626,-12.093718496131897,0.0,-0.42857142857142855,-26.177816460637196,0.0,2.2315973238824545,0.0,-0.4054861457785213,-0.3995621886315653,-7.660764558536574,0.0,1.6321742772336312,Biotechnology,Healthcare,CAPR
2009Q1,2009,Q1,2009-05-14,2009-03-31,-1778808.0,0.0,-1787071.0,-35.0,0.0,0.0,4262818.0,3484404.0,3945876.0,778414.0,778414.0,0.0,-27805214.0,11833010.0,8225708.0,72.143856888484,5.069122600569877,0.0,0.0,,72.143856888484,-0.510505670410205,0.0,-1.6630532918673628,3.395992542770586,0.0,0.0,0.0,0.0,4.634168964073102,-0.4172845286850154,-6.249318717625884,0.0,0.431725008732064,-21.47900991128474,0.0,3.5240320644488143,0.0,0.4020148124043381,0.4041082552569435,-6.68348584146428,0.0,2.316271041076954,Biotechnology,Healthcare,CAPR
2008Q4,2008,Q4,2009-03-12,2008-12-31,-2974669.0,0.0,-2998986.0,-61.58990020290695,0.0,0.0,6435469.0,5103618.0,6045624.0,1331851.0,1331851.0,0.0,-26026406.0,20526650.0,15025860.0,105.66934448631413,4.539264527338268,0.0,0.0,,105.66934448631413,-0.582854947215877,0.0,-1.7251205092062343,4.021980093337707,0.0,0.0,0.0,0.0,4.130184232320282,-0.4622303362816292,-11.017257999416039,0.0,0.12014428281561496,-16.257515180254128,0.0,4.921759577602476,0.0,0.1042552159978849,0.11158555317017911,-12.133843991864074,0.0,3.0555589788510553,Biotechnology,Healthcare,CAPR
2008Q3,2008,Q3,2008-11-13,2008-09-30,-3320889.0,0.0,-3375661.0,-70.0,0.0,0.0,8408902.0,7490754.0,8005173.0,918148.0,918148.0,0.0,-23051737.0,97320470.0,89956544.0,155.09449666652864,8.718826376575453,0.0,0.0,,155.09449666652864,-0.44333173936829323,0.0,-7.326386850027206,12.99207930203021,0.0,0.0,0.0,0.0,8.020412831046846,-0.39492540167551005,-32.615945742235404,0.0,0.125,-1249.9042480743296,-1.0,7.634917697437692,0.0,0.12078363803350771,0.12293566492362071,-29.190477635989932,0.0,4.319857249712349,Biotechnology,Healthcare,CAPR
2008Q2,2008,Q2,2008-08-14,2008-06-30,-3777101.0,0.0,-3848818.0,-80.0,0.0,0.0,11189610.0,10190068.0,10763701.0,999542.0,999542.0,0.0,-19730848.0,126556500.0,116208743.0,211.35957852816725,10.76863303392954,0.0,0.0,,211.35957852816725,-0.3706649455136119,0.0,-8.376563136648981,12.419593274549298,0.0,0.0,0.0,0.0,10.352498444287484,-0.33755430260750824,-38.21359198676014,0.0,-0.23076923076923078,-15.977441999852736,0.0,10.063240858111335,0.0,-0.23477567534081284,-0.21164493378451849,-39.14211600100912,0.0,5.756094473914112,Biotechnology,Healthcare,CAPR
2008Q1,2008,Q1,2008-05-15,2008-03-31,-3058937.0,0.0,-3176523.0,-65.0,0.0,0.0,14486641.0,13107902.0,14044130.0,1311164.0,1378739.0,0.0,-15953747.0,110857700.0,97198124.0,271.95381646922135,10.711192497658569,0.0,0.0,,271.95381646922135,-0.23336587350134294,0.0,-9.060148999472693,8.457318341257052,0.0,0.0,0.0,0.0,10.417900430457212,-0.2111557123559561,-43.07013358778626,0.0,-0.24492463142234294,-24.78201702928955,0.0,15.538351018499055,0.0,-0.21552027644019667,-0.16756590460248832,-16.766362124187847,0.0,7.400708618989731,Biotechnology,Healthcare,CAPR
2007Q4,2007,Q4,2008-03-27,2007-12-31,-2516566.0,0.0,-2720637.0,-52.21199609950414,0.0,0.0,17089328.0,15199932.0,16759767.0,1889396.0,1889396.0,0.0,-12894810.0,132547250.0,116313786.0,315.35782900060167,8.870436372258649,0.0,0.0,,315.35782900060167,-0.16556429331394376,0.0,-13.167472063120934,8.72025282744686,0.0,0.0,0.0,0.0,8.591880156409774,-0.14725950604962348,-73.39755498839625,0.0,0.701645736574262,-19.90140883092557,0.0,20.41336058505885,-1.0,0.5464342538863428,0.41328267180269174,-7.498449295057805,0.0,9.103574048140983,Biotechnology,Healthcare,CAPR
2007Q3,2007,Q3,2007-11-14,2007-09-30,-5548404.0,101400.0,-4637049.0,-175.0,101400.0,1.0,18622709.0,17265808.0,18408030.0,1356901.0,1356901.0,0.0,-10378244.0,68703250.0,50663905.0,540.3163198247536,13.566229223797462,0.0,0.0,,540.3163198247536,-0.3213521197502022,677.5468441814596,-3.0956311941235715,3.9791505847858377,0.0,0.0,0.0,0.005444965069260331,13.294518170448692,-0.2979375342223304,-18.011142261368896,1.0,-10.666666666666666,-29.61824244004231,0.0,40.306144574619545,0.0,-239.7325581395349,-208.14057893326185,-73.52643832122862,0.0,17.487039626063492,Biotechnology,Healthcare,CAPR
2007Q2,2007,Q2,2007-07-20,2007-06-30,-23048.0,0.0,22386.0,-15.0,0.0,0.0,0.0,-168137.0,0.0,168137.0,168137.0,0.0,-222937.0,1547750.0,1713651.0,-111.34900662251655,0.0,0.0,-0.986701320946609,,-111.34900662251655,0.13707869178110707,0.0,-16.788333044081917,-9.20529092347312,0.0,0.0,0.0,0.0,0.0,0.0,-46.079073506207386,0.0,-2.0,-1.4402329274748544,-1.0,-12.788502542233884,0.0,-1.2352827077877995,3.310693641618497,-7.013908205841446,0.0,-2.6522938569814927,Biotechnology,Healthcare,CAPR
2007Q1,2007,Q1,2007-05-14,2007-03-31,-10311.0,0.0,-9688.0,-5.0,0.0,0.0,0.0,-145089.0,0.0,145089.0,145089.0,0.0,-199889.0,1985650.0,2117961.0,-96.08543046357616,0.0,0.0,-0.9119299188773787,,-96.08543046357616,0.0710667245621653,0.0,-48.14397245659975,-13.685737719606585,0.0,0.0,0.0,0.0,0.0,0.0,-262.61737865361727,0.0,0.2532146389713155,-2.664944291942516,-1.0,-51.77882866496908,0.0,-0.019881305637982197,-0.05764192139737991,-3.167744543249798,0.0,-2.3616543095458757,Biotechnology,Healthcare,CAPR
