Quarters,Year,Quarter,FillingDate,Date,NetIncome,Revenue,OperatingIncome,EPSDiluted,GrossProfit,GrossProfitRatio,TotalAssets,CommonStockEquity,CurrentAssets,CurrentLiability,TotalLiability,Inventory,RetainedEarnings,MarketCap,EnterpriseValue,bookValuePerShare,currentRatio,debtToAssets,debtToEquity,roic,shareholdersEquityPerShare,roe,priceToSalesRatio,peRatio,pbRatio,payoutRatio,inventoryTurnover,dividendYield,assetTurnover,quickRatio,returnOnAssets,priceToFreeCashFlowsRatio,grossProfitMargin,epsdilutedGrowth,fiveYNetIncomeGrowthPerShare,fiveYRevenueGrowthPerShare,fiveYShareholdersEquityGrowthPerShare,grossProfitGrowth,netIncomeGrowth,operatingIncomeGrowth,threeYNetIncomeGrowthPerShare,threeYRevenueGrowthPerShare,threeYShareholdersEquityGrowthPerShare,Industry,Sector,Symbol
2023Q1,2023,Q1,2023-05-08,2023-03-31,56149000.0,649687000.0,94825000.0,3.09,150784000.0,0.2320871435,4680421000.0,1271400000.0,1008200000.0,1117262000.0,2105900000.0,35086000.0,1226117000.0,1634116680.0,3532439680.0,71.56366092536305,0.9023845794451077,0.47344523067476196,1.7428999528079283,0.019888178726394607,71.56366092536305,0.04416312726128677,2.5152368448191207,7.275804911930756,1.2852891930155734,0.0,14.219432252180356,0.0,0.1388095216220934,0.9541164024194863,0.011996570393988062,19.108676403522107,0.23208714350140913,0.07665505226480827,-0.09016019597591955,0.36574204894752427,0.8957442905400657,0.04714019833884275,0.07003468384342722,1.095719053196897,2.527337945184013,0.42565420897441364,0.4095311649436925,Airlines,Industrials,ALGT
2022Q4,2022,Q4,2023-02-27,2022-12-31,52474000.0,611549000.0,45247000.0,2.87,143996000.0,0.2354610996,4511297000.0,1220700000.0,1274269000.0,869831000.0,2097000000.0,35546000.0,1169968000.0,1215661200.0,3197584200.0,68.27181208053692,1.4649615844917,0.49030755456801006,1.8120119603506184,0.010163597376289434,68.27181208053692,0.04298681084623577,1.9878394045285006,5.791731143042268,0.9958722044728433,0.0,13.15346311821302,0.0,0.13555946327630392,1.2205566368639424,0.011631688181913095,-25.06207891807199,0.23546109960117667,2.112403100775194,-0.43479142150279104,0.43558159718251704,0.9797002669010891,1.3864894428055288,2.1294689941669,2.099135208667347,-0.22412716986545655,0.18689974753035837,0.23631685470175534,Airlines,Industrials,ALGT
2022Q3,2022,Q3,2022-11-03,2022-09-30,-46459000.0,560325000.0,-41166000.0,-2.58,60338000.0,0.1076839334,4410964000.0,1189000000.0,1197553000.0,910089000.0,1992600000.0,39070000.0,1117493000.0,1314661720.0,3186614720.0,66.0042189408238,1.3158636133389152,0.4789095988994696,1.776663582842725,-0.00995331379867386,66.0042189408238,-0.03907401177460051,2.3462485521795386,-7.074311328267935,1.1056868965517241,0.0,12.797210135653954,0.0,0.1270300551081351,1.1878508585424064,-0.010532618266664611,-12.430848919230696,0.10768393343149066,-11.750000000000002,-2.833898295613826,0.4137611037917621,1.2081922027282987,-0.24776841370368524,-11.660624139513539,-0.9797056843320189,-1.9415242524371468,0.14277246650480907,0.2805461103134634,Airlines,Industrials,ALGT
2022Q2,2022,Q2,2022-08-04,2022-06-30,4358000.0,629847000.0,-20794000.0,0.24,80212000.0,0.1273515632,1209300000.0,1232400000.0,1402445000.0,918236000.0,-23100000.0,35566000.0,1163952000.0,2034149830.0,3724288830.0,68.5161505531773,1.5273252192246873,1.7251624906970975,1.6928261927945472,-0.0045125475226800065,68.5161505531773,0.0035361895488477766,3.2295935838386147,116.6905593162001,1.6505597452125933,0.0,15.453944778721251,0.0,0.5208360208385017,1.4098935349953607,0.003603737699495576,-24.892310506865073,0.12735156315740173,1.5454545454545454,-0.9190397075786182,0.4158316056405093,1.4153610918730186,0.43432934570749065,1.5529755107219896,-3.8764697745192973,-0.9448302233781924,0.1438015292552884,0.36800822158072427,Airlines,Industrials,ALGT
2022Q1,2022,Q1,2022-05-05,2022-03-31,-7881000.0,500109000.0,7229000.0,-0.44,55923000.0,0.1118216229,4231267000.0,1222296000.0,1410492000.0,888216000.0,3008971000.0,36098000.0,1159594000.0,2915550059.9999995,4416978060.0,68.07931380193828,1.5880056202545327,0.45010466132248333,1.5581438538619123,0.001655690032983036,68.07931380193828,-0.006447701702369966,5.8298292172306425,-92.48667872097448,2.3853060633430854,0.0,12.305003047260236,0.0,0.11819367579498055,1.4671025966656759,-0.0018625626792164143,27.94224818385693,0.11182162288621081,-1.7333333333333334,-1.1727268104106172,0.21414578954749058,1.2167976249415684,-0.4057445858925042,-1.736335606839204,-0.7864275584968092,-1.1230325296921337,-0.012477914523502085,0.4760809654803602,Airlines,Industrials,ALGT
2021Q4,2021,Q4,2022-03-01,2021-12-31,10703000.0,496884000.0,33848000.0,0.6,94106000.0,0.1893922928,3991073000.0,1223552000.0,1338411000.0,663045000.0,2767521000.0,27500000.0,1167475000.0,3334362080.0,4847671080.0,68.63476748751893,2.018582449155035,0.4702211660874156,1.5338024048017576,0.007394689273572685,68.63476748751893,0.008747482738780206,6.710544271902497,77.88381948986266,2.7251494664713882,0.0,14.646472727272727,0.0,0.12449885030917751,1.8784773280848208,0.0026817349620014467,44.12691502454905,0.1893922927685335,-0.7247706422018348,-0.7619111882450411,0.35942623206278207,1.3739918352199332,0.5218396752753206,-0.7273398889285169,-0.48938737950489525,-0.7685737116396472,0.08050661865170974,0.5884045905898885,Airlines,Industrials,ALGT
2021Q3,2021,Q3,2021-10-28,2021-09-30,39254000.0,459469000.0,66289000.0,2.18,61837000.0,0.13458361717547865,3766753000.0,1191064000.0,1320758000.0,692774000.0,2575689000.0,28424000.0,1156772000.0,3472897680.0,4981438680.0,67.04176516942475,1.9064774370862647,0.4518926513100275,1.4291154799406245,0.017146467492940687,67.04176516942475,0.03295708710866922,7.558502706384979,22.11811331329291,2.9157943485824434,0.0,13.989304812834225,0.0,0.12198012452634935,1.7586947547107714,0.010421177072136134,-54.78102214650767,0.13458361717547865,-0.6390728476821191,-0.2033195450833777,0.27100692721391895,1.4842353610355747,-0.4460291153415454,-0.5869174024224694,-0.5225889622689069,1.3276564440519385,0.04979576304277366,0.6382725879002487,Airlines,Industrials,ALGT
2021Q2,2021,Q2,2021-07-30,2021-06-30,95027000.0,472433000.0,138851000.0,6.04,111625000.0,0.2362768900563678,3874706000.0,1147134000.0,1456919000.0,838107000.0,2727572000.0,30194000.0,1117518000.0,3223892000.0,4522610000.0,69.02960645083644,1.7383448652737659,0.44317323688558563,1.4969184070910635,0.03593075536463105,69.02960645083644,0.08283862216619854,6.824019490594433,8.481515779725763,2.810388324293413,0.0,11.9496588726237,0.0,0.12192744430158056,1.624191183226008,0.024524957506453393,18.744103026250762,0.2362768900563678,13.380952380952381,0.5431290472424553,0.3536398602689408,1.7866955906268207,4.097854744262204,12.834182559324502,4.643890740590196,0.8223021118499031,0.03743237782141066,0.7067124430247539,Airlines,Industrials,ALGT
2021Q1,2021,Q1,2021-05-05,2021-03-31,6869000.0,279124000.0,24602000.0,0.42,-36033000.0,-0.129093162895344,3345200000.0,709654000.0,999688000.0,742340000.0,2635546000.0,26276000.0,1022491000.0,3945718020.0,5378505020.0,43.89521865528546,1.3466713365843144,0.5184748296066005,2.4440107432636187,0.007606710543987808,43.89521865528546,0.009679364873586283,14.136075794270647,143.60598413160577,5.560058873761015,0.0,11.994101080834222,0.0,0.08344015305512376,1.2340868065845838,0.00205338993184264,40.06049119743334,-0.129093162895344,1.2346368715083798,-0.9015544237982988,-0.17402739828275085,1.0197606273029398,-2.8927877291590063,1.2381926624592552,2.0403416779431662,-0.8776858666650583,-0.3552046398836596,0.1627983961657987,Airlines,Industrials,ALGT
2020Q4,2020,Q4,2021-03-01,2020-12-31,-28838000.0,246561000.0,-23648000.0,-1.79,19037000.0,0.07721010216538707,3258925000.0,699363000.0,943633000.0,689345000.0,2559562000.0,24006000.0,1015622000.0,3048277920.0,4671126920.0,43.4171219269928,1.368883505356534,0.5448462299684712,2.538900399363421,-0.006709974990646829,43.4171219269928,-0.041234666403570104,12.363179578278803,-26.425878354948335,4.358649113550474,0.0,9.477797217362326,0.0,0.07565715688455549,1.2728836794348257,-0.008848930245403008,-24.445871285937688,0.07721010216538707,0.016483516483516498,-1.528099245870935,-0.17639300062798638,1.0750606865465795,1.3831692933196467,0.010465634972377586,0.28514857471055893,-1.3447907489756499,-0.35753880910230657,0.25898061363231956,Airlines,Industrials,ALGT
2020Q3,2020,Q3,2020-11-05,2020-09-30,-29143000.0,200984000.0,-33081000.0,-1.82,-49683000.0,-0.24719878199259643,3223093000.0,711698000.0,951203000.0,776894000.0,2511395000.0,26305000.0,1044460000.0,1917518800.0,3315005800.0,44.4644508309384,1.2243665158953474,0.5167486634732538,2.3402187444674567,-0.008650115665101075,44.4644508309384,-0.04094854840114768,9.54065398240656,-16.44922279792746,2.694287183608778,0.0,9.529252993727429,0.0,0.06235749325259929,1.1285065916328354,-0.00904193580514121,-68.88876594215915,-0.24719878199259643,0.6888888888888888,-1.6893050214024345,-0.2954188189510412,1.2401390451796412,0.32825407985289545,0.6869810854644856,0.7078991982481545,-2.29469357078836,-0.4292776761848329,0.48757238853932766,Airlines,Industrials,ALGT
2020Q2,2020,Q2,2020-08-04,2020-06-30,-93103000.0,133347000.0,-113252000.0,-5.85,-73961000.0,-0.5546506483085484,3272969000.0,736560000.0,937487000.0,859037000.0,2536409000.0,25856000.0,1073602000.0,1736657420.0,2965618420.0,46.318702050056594,1.0913231909684915,0.4586572619539018,2.0380837949386335,-0.03218200805063353,46.318702050056594,-0.12640246551536874,13.023595731437528,-4.663269228703693,2.3577949114803953,-0.0012566727173130834,8.017790841584159,6.737080016621817e-05,0.040741907424115535,1.014679228019282,-0.02844603783292784,12.944770160779374,-0.5546506483085484,-1.8124999999999998,-2.8267220162646733,-0.5586224316058228,1.4075199798782256,-1.7376404998653594,-1.8205337938138084,0.03864861423538899,-2.956390309417747,-0.6609476391231599,0.6328469981823531,Airlines,Industrials,ALGT
2020Q1,2020,Q1,2020-05-22,2020-03-31,-33009000.0,409181000.0,-117805000.0,-2.08,100267000.0,0.24504314716470219,3191907000.0,809903000.0,730797000.0,743904000.0,2382004000.0,28700000.0,1166589000.0,1304873600.0,2654501600.0,50.771251253761285,0.9823807910698155,0.46617554960091256,1.837243472366444,-0.01294507304711409,50.771251253761285,-0.04075673259637265,3.188988736036131,-9.88271077584901,1.6111480016742745,-0.3477233481777697,10.763554006968642,0.008796254288537987,0.12819327129518499,0.8649167096829699,-0.010341466715665588,-46.327969892778526,0.24504314716470219,-1.5591397849462367,-1.5485877493503837,0.3397972979337537,1.8868686258598575,-0.28172414287147013,-1.545413988532906,-2.271478219574321,-1.814248324214573,0.11806668545562247,0.6532127442131365,Airlines,Industrials,ALGT
2019Q4,2019,Q4,2020-02-27,2019-12-31,60521000.0,461073000.0,92652000.0,3.72,139594000.0,0.30275899911727644,3010803000.0,883551000.0,562221000.0,612584000.0,2127252000.0,28375000.0,1211076000.0,2784640000.0,4084605000.0,55.2219375,0.9177859689446671,0.4722504262151991,1.609248362573298,0.03093167820050253,55.2219375,0.06849746081437291,6.039477479704949,11.502784157565141,3.1516460283560312,0.18733993159399218,11.329656387665198,0.004071621466329579,0.15313954450025458,0.7890052629516932,0.020101281950363408,-77.62062717770034,0.30275899911727644,0.37777777777777777,12.702228176464459,0.7951263839746622,2.276432112926246,0.19706038726053476,0.37770038015889273,0.28476343668534027,0.5000227275478092,0.4054927396593455,0.9100586124060962,Airlines,Industrials,ALGT
2019Q3,2019,Q3,2019-10-31,2019-09-30,43929000.0,436509000.0,72116000.0,2.7,116614000.0,0.2671514218492631,2834480000.0,826608000.0,525427000.0,549253000.0,2007872000.0,27210000.0,1161893000.0,2400097420.0,3663967420.0,51.543804951050696,0.9566210835443776,0.47697778781293215,1.635580589590229,0.025553866108678536,51.543804951050696,0.053143690842575926,5.498391602464096,13.65895775000569,2.9035497115924356,0.2597145393703476,11.756523337008453,0.00475355704519694,0.15399967542547488,0.7908668682738191,0.01549808077672095,-33.426144032979124,0.2671514218492631,-0.3764434180138568,2.4027737481755915,0.8080594439910076,1.6689157502323462,-0.2375129953772419,-0.3772734360602753,-0.3329078210998566,-0.01231583683410603,0.33767753437450193,0.9099578088095762,Airlines,Industrials,ALGT
2019Q2,2019,Q2,2019-07-31,2019-06-30,70543000.0,491759000.0,108105000.0,4.33,152939000.0,0.3110039673905307,2982200000.0,804509000.0,780247000.0,607153000.0,2177691000.0,25131000.0,1128822000.0,2298294040.0,3343699040.0,50.08460437029198,1.2850912372993297,0.5027352290255516,1.863567716458113,0.0360637350112743,50.08460437029198,0.08768453802257029,4.6736186628002745,8.145010986206996,2.85676610205728,0.16175949420920574,13.48215351557837,0.004964986986608554,0.16489806183354572,1.1639537315964839,0.023654684461136073,418.09969801710025,0.3110039673905307,0.23011363636363638,1.330525693578207,0.8731678839173822,1.363380604866311,0.1366028032521292,0.23491002030670122,0.1869496475548431,0.18511705435702744,0.4576972037705593,1.0218939862620389,Airlines,Industrials,ALGT
2019Q1,2019,Q1,2019-05-08,2019-03-31,57124000.0,451622000.0,91078000.0,3.52,134558000.0,0.2979438557023351,2750477000.0,738454000.0,633946000.0,595033000.0,2012023000.0,19527000.0,1069690000.0,2079668789.9999998,3194122790.0,46.12166635438136,1.065396372974272,0.49363655831333986,1.8386196025751096,0.03357726884380447,46.12166635438136,0.07735620634460644,4.604888136538963,9.101554469224844,2.8162469023121277,0.19946082207128352,16.237210016899677,0.005478757028420858,0.16419770098059355,0.9485961282819608,0.02076876120032998,55.38988946891812,0.2979438557023351,0.375,0.8938870561495692,0.6937765192751466,1.4538463076999661,0.24576898863089286,0.37827534623365344,0.443665990362668,-0.1733298042230587,0.3494429598855353,1.1222066690164523,Airlines,Industrials,ALGT
2018Q4,2018,Q4,2019-02-28,2018-12-31,41446000.0,412114000.0,63088000.0,2.56,108012000.0,0.262092527795707,2498668000.0,690321000.0,495248000.0,513996000.0,1808347000.0,19516000.0,1025061000.0,1601114720.0,2791327720.0,43.20987731597396,0.9635250079767158,0.5089643762196498,1.8422342649289243,0.025399426844620335,43.20987731597396,0.06003873560271236,3.8851257661714964,9.657836220624427,2.319377101377475,0.2733195000723833,15.582188973150236,0.007075070798174912,0.1649334765563092,0.8404695756387209,0.01658723768023603,280.20908645432274,0.262092527795707,1.723404255319149,1.7351510241041106,0.9929558069801759,1.1187321644568344,0.5119684201685377,1.7362514029180696,1.4096864138115428,-0.23474424989862724,0.3879907867204646,1.065155719894323,Airlines,Industrials,ALGT
2018Q3,2018,Q3,2018-10-31,2018-09-30,15147000.0,393109000.0,26181000.0,0.94,71438000.0,0.1817256791373385,2480495000.0,652996000.0,533916000.0,1014432000.0,1827499000.0,23790000.0,994942000.0,2008667160.0,3180964160.0,40.92222848906436,0.5263201476294124,0.5293495854658042,2.0108071106101724,0.01399280414348017,40.92222848906436,0.023196160466526596,5.10969517360325,33.15288770053476,3.0760788121213607,0.746946590083845,13.521269440941571,0.005632590717518376,0.1584800614393498,0.4525093845620012,0.0061064424641049464,-25.217088192831586,0.1817256791373385,-0.6967741935483871,0.03375222040415653,1.0051867432405261,0.8946012911408013,-0.38737147218482276,-0.6971569097888676,-0.647260919942874,-0.6406353295747335,0.38233755911908224,1.0616802893319592,Airlines,Industrials,ALGT
2018Q2,2018,Q2,2018-08-03,2018-06-30,50016000.0,436780000.0,74222000.0,3.1,116609000.0,0.26697422043133845,2325505000.0,644668000.0,465293000.0,533123000.0,1680837000.0,20419000.0,991109000.0,2214724050.0,3322457050.0,40.44595018508062,0.8727685731060187,0.4888030771810854,1.76325488468483,0.033055800431074346,40.44595018508062,0.07758412081877804,5.070571111314621,11.070077825095968,3.435449021822085,0.22612763915547024,15.680052891914393,0.0051067310168957615,0.1878215699385725,0.7434400691772818,0.02150758652421732,-277.4995677233429,0.26697422043133845,-0.09356725146198826,1.3048682886111995,1.026595750323577,0.7814019861867173,-0.039701885860166354,-0.09379812657402206,-0.07185374149659864,-0.02094199491936891,0.44238245390108427,1.102270332845435,Airlines,Industrials,ALGT
2018Q1,2018,Q1,2018-05-08,2018-03-31,55193000.0,425444000.0,79968000.0,3.42,121430000.0,0.285419467662019,2288965000.0,599804000.0,516805000.0,560872000.0,1689161000.0,18335000.0,952403000.0,2741646950.0,3830645950.0,37.74963811441878,0.921431271306109,0.4979438305085486,1.9002474141552907,0.03656391435342966,37.74963811441878,0.09201839267494048,6.444201704572165,12.418454106499013,4.570904745550213,0.2046455166416031,16.581074447777475,0.00411978646630632,0.1858674116904365,0.8137025916786718,0.02411264479797638,26.42296597918273,0.285419467662019,-0.3410404624277457,1.0756897778570575,0.871757367668929,0.7528894653029645,0.19295798170725717,-0.3310101573295193,2.055829416485154,-0.07909185535725202,0.39857131765384596,1.1464557839118767,Airlines,Industrials,ALGT
2017Q4,2017,Q4,2018-03-01,2017-12-31,82502000.0,378558000.0,26169000.0,5.19,101789000.0,0.26888614162162733,2180157000.0,547947000.0,541275000.0,550180000.0,1632210000.0,17647000.0,902579000.0,2458822750.0,3564265750.0,34.485933664799546,0.9838143880184667,0.5343156479097606,2.1259209376089294,0.07671337066400281,34.485933664799546,0.15056565689747367,6.495233887541671,7.4507974049113965,4.487336822721906,0.13645729800489684,15.683628945429819,0.00457861389154627,0.17363795359691986,0.8782343960158494,0.0378422287936144,-17.568541184372233,0.26888614162162733,2.7338129496402885,5.709747530884103,1.040082559084526,0.6431714954965406,0.2548727115823214,2.7008029426277305,-0.3902274210084817,17.809315638289203,0.4841615803004244,1.046121987364053,Airlines,Industrials,ALGT
2017Q3,2017,Q3,2017-10-30,2017-09-30,22293000.0,348769000.0,42916000.0,1.39,81115000.0,0.2325751428596005,1965972000.0,473826000.0,517974000.0,493848000.0,1492146000.0,20444000.0,831334000.0,2087708399.9999998,3025249400.0,29.890613171839515,1.0488530883996696,0.5145363209648968,2.134884957769308,0.018546201696481458,29.890613171839515,0.04704891669093718,5.985934529731713,23.412151796528057,4.406065517721695,0.5050015699995515,13.092056349051067,0.005392515544795432,0.17740283177990326,0.907813740260161,0.011339429045784985,-11.49302725020644,0.2325751428596005,-0.5272108843537415,0.5864993592620198,0.9393820441172479,0.35035440136334106,-0.3396372339905889,-0.5401134605466735,-0.49626743039579324,0.7469856518904865,0.46149200515934935,0.5477229194504531,Airlines,Industrials,ALGT
2017Q2,2017,Q2,2017-07-31,2017-06-30,48475000.0,400614000.0,85196000.0,2.94,122834000.0,0.3066143469773897,1839997000.0,459486000.0,426914000.0,483066000.0,1380511000.0,17855000.0,820300000.0,2196448800.0,3053877800.0,28.36683541177923,0.8837591550636973,0.4768861036186472,1.9096751587643583,0.03946364144158361,28.36683541177923,0.1054983176854137,5.482706046219054,11.327740072202165,4.780230083179901,0.23791645177926765,15.557546905628675,0.00525074838985548,0.21772535498699183,0.7598837425941797,0.026345151649703778,43.9500720345766,0.3066143469773897,0.176,1.26418716979609,1.0384691198621105,0.34115813072440915,0.2014632667233976,0.16436875480399693,0.16886181538799253,0.5881190405895319,0.5132677372372488,0.3385675992960442,Airlines,Industrials,ALGT
2017Q1,2017,Q1,2017-05-02,2017-03-31,41632000.0,375837000.0,72888000.0,2.5,102237000.0,0.2720248405558793,1749744000.0,503102000.0,426147000.0,444340000.0,1246642000.0,16345000.0,783358000.0,2625215500.0,3364064500.0,30.71065803931144,0.9590561281901246,0.4592563254967584,1.5972526445929454,0.035126860918961555,30.71065803931144,0.08275061518340217,6.9849841819725045,15.764408988278248,5.218058167131119,0.28033724058416604,16.739063933924747,0.004445730264810641,0.21479542150165967,0.8344645991808075,0.02379319489022394,27.832483407900597,0.2720248405558793,0.008064516129032265,1.2235283822080996,0.8315961587868816,0.5562886073642231,0.07977060538211314,0.007794722827402566,0.07005696165364966,0.3490072265871418,0.37762839936141956,0.6339226396932177,Airlines,Industrials,ALGT
2016Q4,2016,Q4,2017-02-24,2016-12-31,41310000.0,335883000.0,68116000.0,2.48,94684000.0,0.28189577918501385,1671576000.0,473622000.0,422054000.0,392898000.0,1197954000.0,16797000.0,753397000.0,2725964800.0,3469527800.0,28.911121963130263,1.074207555141538,0.4835400843276046,1.7065803531085972,0.03539947423141852,28.911121963130263,0.08722145508443442,8.115816519442783,16.497003146937786,5.755570476033631,0.28189300411522633,14.359647556111211,0.004271882014030408,0.20093791727088686,0.953547740125936,0.024713204783988283,-255.69503798893163,0.28189577918501385,-0.09818181818181819,3.429601666773769,1.0075322149980441,0.5618408181923407,-0.10577613237127423,-0.09114909906936836,-0.11353461738677773,1.65861232599582,0.5840520723620916,0.4176139303958078,Airlines,Industrials,ALGT
2016Q3,2016,Q3,2016-11-01,2016-09-30,45453000.0,333481000.0,76840000.0,2.75,105884000.0,0.31751134247528345,1534814000.0,442288000.0,393429000.0,475876000.0,1092526000.0,16627000.0,723732000.0,2164495230.0,2814722230.0,26.98688144487156,0.8267468836419571,0.45539394350064566,1.5802938356907716,0.04310943133436553,26.98688144487156,0.10276787975255942,6.49061034961512,11.905128539370338,4.893859272691097,0.2538886322134953,13.68839838816383,0.005331497080730458,0.21727779392160873,0.727567685699636,0.029614663405468023,315.66213066938894,0.31751134247528345,-0.25271739130434784,4.5374134600470395,1.0124719519094114,0.5072913324030461,-0.17335602588824958,-0.2529952175127779,-0.26452008116696657,2.020307580695652,0.6561959672224121,0.24942805700282644,Airlines,Industrials,ALGT
2016Q2,2016,Q2,2016-08-01,2016-06-30,60847000.0,344851000.0,104476000.0,3.68,128089000.0,0.37143287970746786,1446965000.0,406742000.0,427901000.0,441192000.0,1040223000.0,16584000.0,689819000.0,2487630000.0,3012668000.0,24.77113276492083,0.9698747937405937,0.4358923678181573,1.550666024162737,0.062464287645248924,24.77113276492083,0.14959605843507678,7.213637194034525,10.220840797409897,6.11598998873979,0.19018193173040576,13.0705499276411,0.004651817191463361,0.23832711917703608,0.863905057208653,0.042051466345074,40.01206330824165,0.37143287970746786,-0.14219114219114215,4.870945004902587,0.9834807887352579,0.4282434537064772,-0.1080401660120888,-0.1546679633231453,-0.1374601654475505,1.7218503581263571,0.553187158453829,0.09102011216446038,Airlines,Industrials,ALGT
2016Q1,2016,Q1,2016-05-02,2016-03-31,71980000.0,348615000.0,121126000.0,4.29,143604000.0,0.41192719762488705,1404795000.0,362461000.0,400515000.0,423135000.0,1042334000.0,15581000.0,640545000.0,2969684680.0,3518597680.0,21.73288164048447,0.9465418837959516,0.4634462679608057,1.796184968865616,0.07489376484461098,21.73288164048447,0.1985868824508016,8.518522381423633,10.314270213948319,8.193115066172636,0.4554459572103362,13.157756241576278,0.011039219153731836,0.24816076367014403,0.8440190482942797,0.05123879284877865,33.46123583098591,0.41192719762488705,0.2692307692307693,3.7576922571681157,1.0454735153927688,0.30182075306227335,0.23317103331014763,0.2692870620183745,0.2918453104669269,1.5789497715022405,0.46118704594713944,0.009157734514297671,Airlines,Industrials,ALGT
2015Q4,2015,Q4,2016-02-22,2015-12-31,56709000.0,310890000.0,93762000.0,3.38,116451000.0,0.37457300009649713,1351662000.0,350005000.0,395243000.0,388468000.0,1001657000.0,15583000.0,573619000.0,2807460240.0,3362026240.0,20.92330224772836,1.017440303963261,0.47473258847256194,1.8333395237210897,0.060759735661836047,20.92330224772836,0.16202339966571905,9.03039737527743,12.376607945828706,8.021200382851674,0.08868080904265636,12.477635885259577,0.0017912987433795322,0.2300057262836419,0.895417383156399,0.0419550153810642,147.78439964204875,0.37457300009649713,0.2900763358778625,4.1775083442869665,1.168841536264984,0.3288283950569988,0.2149042273504987,0.2755634531467902,0.2163929322020705,3.380727476320703,0.591382627197711,-0.00305515346337142,Airlines,Industrials,ALGT
2015Q3,2015,Q3,2015-10-29,2015-09-30,44458000.0,299956000.0,77082000.0,2.62,95852000.0,0.319553534518396,1303907000.0,334078000.0,403477000.0,358139000.0,969829000.0,16846000.0,549679000.0,3639703750.0,4196910750.0,19.84896916404254,1.1265933059510413,0.4875746506460967,1.9030046875280624,0.04993453906213001,19.84896916404254,0.13307670663737212,12.134125505074078,20.46709113095506,10.894772328617869,0.11460254622340187,12.1158732043215,0.0013998392039462002,0.2300440138752227,0.9528199944714203,0.03409598997474513,-796.0856846019248,0.319553534518396,-0.17610062893081763,2.883967965216262,1.1074977301386995,0.3501195391829458,-0.17114593061464495,-0.18183993080476268,-0.16898098236232698,1.979857184729824,0.5709312947248497,-0.10329230387144404,Airlines,Industrials,ALGT
2015Q2,2015,Q2,2015-07-31,2015-06-30,54339000.0,322102000.0,92756000.0,3.18,115644000.0,0.3590291274192647,1317481000.0,326181000.0,452895000.0,384327000.0,991300000.0,15139000.0,510354000.0,3015777520.0,3549922520.0,19.23917659549369,1.1784105722470708,0.4763757503903282,1.924134146378851,0.06120766020611935,19.23917659549369,0.1665915549955393,9.36280283885229,13.874829864369973,9.245717929615765,0.07848874657244337,13.63749256886188,0.0014142289912685603,0.24448322214893423,1.026136597220596,0.04124461756943743,-5235.724861111111,0.3590291274192647,-0.14973262032085563,2.6144343167119666,1.2350280020092452,0.22757492887669387,-0.11555375402476425,-0.16230132424807683,-0.14193470799914892,1.4249085510858908,0.5658878410570827,-0.09038926108851032,Airlines,Industrials,ALGT
2015Q1,2015,Q1,2015-05-06,2015-03-31,64867000.0,329241000.0,108099000.0,3.74,130753000.0,0.39713462175124,1298977000.0,302443000.0,476783000.0,394019000.0,995389000.0,15959000.0,456316000.0,3306811130.0,3816966130.0,17.586962842356225,1.2100507843530388,0.47519163156853433,2.04092341366803,0.07515799740530026,17.586962842356225,0.21447677744236104,10.043740390777577,12.744581721060015,10.933667269535086,0.7407464504293401,12.437370762579109,0.014530615179101565,0.25346176260241715,1.055723201165426,0.04993698887663138,33.458911384976524,0.39713462175124,12.851851851851851,2.305502799160792,1.235195344099926,0.10675376960235211,0.5938296134670941,12.52240983948301,6.3069487630120316,2.300300200287766,0.5284749786451314,-0.10876576220993998,Airlines,Industrials,ALGT
2014Q4,2014,Q4,2015-02-26,2014-12-31,4797000.0,278952000.0,14794000.0,0.27,82037000.0,0.2940900226562276,1239385000.0,292877000.0,433627000.0,363168000.0,945320000.0,16980000.0,395783000.0,2612284410.0,3115773410.0,16.854290153651377,1.1940121376332717,0.4785429870459946,2.0250787873407607,0.010331039443159778,16.854290153651377,0.016378889431399528,9.364637679600792,136.14156816760476,8.919390768138163,0.0,11.596878680800943,0.0,0.22507291923010203,1.0288434002995859,0.0038704680143780987,-156.79978451380552,0.2940900226562276,-0.6625,-0.4813337957283261,1.359763279842126,0.143057966300824,0.6183740703477935,-0.6615156646909399,-0.4875116915509059,-0.5150786362208448,0.5717957119902825,-0.089495096136357,Airlines,Industrials,ALGT
2014Q3,2014,Q3,2014-11-10,2014-09-30,14172000.0,265029000.0,28867000.0,0.8,50691000.0,0.19126586147176347,1269904000.0,339999000.0,440313000.0,325961000.0,928671000.0,16402000.0,434690000.0,2177034300.0,2697153300.0,19.31263845498438,1.3508149747975984,0.47745026395696055,1.7832875979046998,0.019586431217845108,19.31263845498438,0.041682475536692756,8.214324847469522,38.40379445385267,6.403060891355563,0.0,13.067796610169491,0.0,0.2087000277186307,1.151242019750829,0.011159898701004171,-86.41082400571565,0.19126586147176347,-0.5698924731182796,0.15829572094560565,1.241870232878889,0.3608688152046569,-0.3287027227460536,-0.5769425953013523,-0.48829170581249004,0.6072815838321476,0.4889104047850163,0.07866381702890592,Airlines,Industrials,ALGT
2014Q2,2014,Q2,2014-08-08,2014-06-30,33499000.0,290541000.0,56413000.0,1.86,75512000.0,0.25990135643506423,1317329000.0,376729000.0,634461000.0,315404000.0,939305000.0,18805000.0,420519000.0,2093597290.0,2377749290.0,21.19193339708612,2.0115819710593397,0.4702052410597504,1.6441925097351147,0.03556528094029775,21.19193339708612,0.08892068303740885,7.205858347014707,15.624326770948386,5.557303233889614,0.0,11.434671629885669,0.0,0.22055310404614184,1.803087468770212,0.02542948648363469,-32.67263787883517,0.25990135643506423,0.0,0.5845813650435584,1.2150899303906213,0.5574379040480016,-0.0121790091963947,-0.02112676056338028,-0.01498140420107908,1.9854882397025033,0.5435425859562372,0.22187549649058844,Airlines,Industrials,ALGT
2014Q1,2014,Q1,2014-05-09,2014-03-31,34222000.0,302524000.0,57271000.0,1.86,76443000.0,0.25268408456849706,904242000.0,341442000.0,426923000.0,302963000.0,561373000.0,17642000.0,387020000.0,2033320380.0000002,2172541380.0,18.795662226136738,1.4091588741859566,0.2536256886983794,0.6716777666485084,0.06291316438567826,18.795662226136738,0.10022785714704108,6.721187013261758,14.853897931155398,5.955097439682289,1.2210566302378587,12.814930280013604,0.02055111452726402,0.33456088082615054,1.1999419070975663,0.03784606333260344,21.115534347577757,0.25268408456849706,0.9787234042553193,0.3525155135091811,1.3692345295184145,0.47700709510899353,0.5447711427705365,0.9583404864091559,0.8912555313387491,1.0767037701159479,0.6296422837177721,0.1258784526738902,Airlines,Industrials,ALGT
2013Q4,2013,Q4,2014-02-28,2013-12-31,17475000.0,238471000.0,30282000.0,0.94,49485000.0,0.20750950849369526,930191000.0,375743000.0,429921000.0,290651000.0,552874000.0,19428000.0,352811000.0,1942626560.0,2079215560.0,20.394214068606164,1.4791657348503875,0.2518837529066611,0.6235645108491709,0.030855110292865556,20.394214068606164,0.04650785244169552,8.146175258207498,27.791510157367668,5.170093814122952,0.0,9.727506691373275,0.0,0.25636777823049245,1.2659374989248273,0.018786464285291946,63.692674098360655,0.20750950849369526,0.03296703296703287,0.053768972027469615,1.137620301019376,0.7627772378416134,0.09993553979861744,0.021571378463696948,0.035919540229885055,0.4485920509494416,0.5104861129629655,0.2952262710909835,Airlines,Industrials,ALGT
2013Q3,2013,Q3,2013-11-05,2013-09-30,17106000.0,228874000.0,29232000.0,0.91,44989000.0,0.19656666987075858,843869000.0,402375000.0,358773000.0,227925000.0,439709000.0,21074000.0,377123000.0,1962751440.0,2109468440.0,21.5993880508884,1.5740835801250412,0.21295366934915252,0.4466107486797142,0.031020374970159383,21.5993880508884,0.042512581547064304,8.575685486337461,28.68513153279551,4.87791597390494,0.0,8.72568093385214,0.0,0.2712198220339887,1.3146605242952725,0.020270918827448338,-26.11291895056144,0.19656666987075858,-0.32089552238805974,2.797481333115101,1.1256414107670076,1.036697601743467,-0.24149849105592366,-0.3359472049689441,-0.3179018107149524,0.35018899133928544,0.4528688053367421,0.4691823842785317,Airlines,Industrials,ALGT
2013Q2,2013,Q2,2013-08-07,2013-06-30,25760000.0,255846000.0,42856000.0,1.34,59313000.0,0.23183086700593325,862552000.0,429593000.0,431188000.0,247517000.0,430248000.0,17831000.0,360017000.0,2033061450.0,2091795450.0,22.704561069710902,1.7420540811338212,0.16823681354863243,0.3377918169057689,0.04682198358136755,22.704561069710902,0.05996373311483195,7.946426561290776,19.73079823369565,4.732529277711695,0.0,11.021984184846616,0.0,0.2966151605932164,1.5164938165863355,0.02986486611821664,-66.24291974846047,0.23183086700593325,-0.18787878787878778,9.389419219819304,1.0753751903439068,1.1970541301390862,-0.13585768816107696,-0.19328573218088438,-0.18162201386369278,0.5353332201673283,0.5907292678182164,0.4486872555063063,Airlines,Industrials,ALGT
2013Q1,2013,Q1,2013-05-08,2013-03-31,31932000.0,272959000.0,52367000.0,1.65,68638000.0,0.25145901032755835,859253000.0,410922000.0,474677000.0,259962000.0,447047000.0,15504000.0,334257000.0,1655276750.0,1686670750.0,21.535663749279387,1.8259476385010116,0.1722437978104237,0.36016810976292335,0.059080648410337555,21.535663749279387,0.07770817819440186,6.064195538524101,12.959388309532757,4.02820182419048,0.0,13.17859907120743,0.0,0.3176701157866193,1.5999261430516767,0.03716251208898892,17.47418106769981,0.25145901032755835,1.1428571428571428,2.541993496967284,1.1995143137046649,1.1473459842841962,1.6913438488346326,1.1625355546525802,1.0635614926902313,0.46653150309834235,0.6701310498939129,0.3552469092617027,Airlines,Industrials,ALGT
2012Q4,2012,Q4,2013-02-26,2012-12-31,14766000.0,222838000.0,25377000.0,0.77,-99282000.0,-0.44553442411078903,798194000.0,400461000.0,415267000.0,210546000.0,396470000.0,18432000.0,302325000.0,1400736210.0,1462031210.0,20.98742204286987,1.9723338367862604,0.1889916486468202,0.37669585802362776,0.028738398551186498,20.98742204286987,0.036872504438634476,6.2858947307012265,23.71556633482324,3.497809299782001,0.0,17.47612847222222,0.0,0.27917774375653037,1.649668006041435,0.01849926208415498,44.13296606698384,-0.44553442411078903,-0.11494252873563215,2.320407409197105,1.3680727687986045,1.0426542765431113,-2.1028392428685683,-0.12859250516376514,-0.11726033115347155,0.4539677241438384,0.7167295426107774,0.42336697300910475,Airlines,Industrials,ALGT
2012Q3,2012,Q3,2012-11-07,2012-09-30,16945000.0,216864000.0,28748000.0,0.87,90024000.0,0.41511730854360335,821081000.0,423140000.0,435921000.0,210340000.0,396744000.0,19422000.0,326161000.0,1243113480.0,1239659480.0,22.135383971542165,2.0724588761053533,0.1871544951107138,0.36316349198846715,0.031385177685222296,22.135383971542165,0.04004584770997779,5.73222609561753,18.340417232221892,2.937830221676041,0.0,6.530738337967254,0.0,0.2641201050809847,1.776528477702767,0.020637427976046212,-79.70719928186715,0.41511730854360335,-0.3307692307692308,1.58688515641534,1.6903207806815748,1.2032389652970978,-0.11986234406163232,-0.3271254417662709,-0.31336581637527466,0.2754660084321677,0.689443001648798,0.559774125615562,Airlines,Industrials,ALGT
2012Q2,2012,Q2,2012-08-08,2012-06-30,25183000.0,231166000.0,41868000.0,1.3,102284000.0,0.44246991339556857,820721000.0,402990000.0,447029000.0,234038000.0,417731000.0,14240000.0,309216000.0,1327613040.0000002,1312808040.0000002,21.150999842544483,1.9100701595467402,0.1902912195496399,0.387543115213777,0.04731262106980195,21.150999842544483,0.062490384376783545,5.74311551006636,13.179655323035382,3.294406908360009,0.0,9.050702247191012,0.0,0.28166209954418125,1.6514924926721302,0.030683996144853124,310.1175052557814,0.44246991339556857,0.16071428571428564,1.6482379102803217,1.7266407652358868,1.140653310241218,0.08298922135400123,0.16034649587614616,0.1530390239872215,0.11143807842337526,0.644383078496658,0.5544296146108836,Airlines,Industrials,ALGT
2012Q1,2012,Q1,2012-05-07,2012-03-31,21703000.0,237851000.0,36311000.0,1.12,94446000.0,0.397080525202753,793242000.0,374715000.0,430762000.0,243785000.0,418527000.0,15433000.0,284033000.0,1034900500.0,1039488500.0,19.73326662804782,1.7669749984617593,0.1817049525869785,0.3846550044700639,0.04399152887027812,19.73326662804782,0.05791868486716571,4.351045402373755,11.921168732433305,2.7618336602484552,0.0,9.292101341281668,0.0,0.29984670504083244,1.4936521935311853,0.02735987252313922,20.187665808364546,0.397080525202753,1.0,1.321261963162238,1.9396822773704947,1.390037909809628,0.30178770795716114,1.0076780758556891,0.7998909487459106,-0.1794333652790114,0.7820111474649792,0.5506862417847812,Airlines,Industrials,ALGT
2011Q4,2011,Q4,2012-02-27,2011-12-31,10810000.0,193937000.0,20174000.0,0.56,72551000.0,0.3740957114939388,706743000.0,351504000.0,376361000.0,177505000.0,355239000.0,14539000.0,262330000.0,1012873260.0000001,1008202260.0000001,18.5109273790089,2.120283935663784,0.20667908985303002,0.4155543037917065,0.02377098039044773,18.5109273790089,0.030753561837134142,5.222692214482023,23.42445097132285,2.881541205789977,0.0,8.348992365362129,0.0,0.27440950953882814,1.7936677840060844,0.015295517606824545,79.15545951859957,0.3740957114939388,0.142857142857143,8.289396182729064,2.2022774736044397,1.3876974698468127,0.05375453885257807,0.1395741092135779,0.20578566732412887,-0.3675360927375102,0.6866986454592556,0.5999950439515093,Airlines,Industrials,ALGT
2011Q3,2011,Q3,2011-11-04,2011-09-30,9486000.0,191500000.0,16731000.0,0.49,68850000.0,0.35953002610966056,690052000.0,339106000.0,353141000.0,181349000.0,350946000.0,14482000.0,251520000.0,892642200.0,953148200.0,17.904223864836325,1.94730050896338,0.21425052025064778,0.43598166944849104,0.021886061830206752,17.904223864836325,0.027973553991967114,4.661316971279374,23.52525300442758,2.6323397403761657,0.0,8.469134097500346,0.0,0.27751531768620336,1.6044477774898125,0.013746790096978198,-39.68886221155129,0.35953002610966056,-0.20967741935483872,-0.060337939396963,0.08281121216666007,0.9063543176882057,-0.10561184723304755,-0.20612603565151896,-0.19220741599073002,1.0712850396149285,0.7493305826861761,0.6882649508716261,Airlines,Industrials,ALGT
2011Q2,2011,Q2,2011-08-09,2011-06-30,11949000.0,200449000.0,20712000.0,0.62,76980000.0,0.38403783506028966,701978000.0,328335000.0,391945000.0,206197000.0,373643000.0,17052000.0,242035000.0,937084500.0,907217500.0,17.343774760974064,1.9008278490957677,0.20276561373718266,0.43351150501774105,0.027846091269502903,17.343774760974064,0.03639270866645347,4.674927288237906,19.60591890534773,2.854049979441729,0.0,7.240734224724372,0.0,0.28554883486377064,1.5846156830603744,0.01702190097125551,67.57171185462936,0.38403783506028966,-0.30337078651685395,0.1845495284354832,0.1339698523625004,0.0,-0.050110437926481656,-0.30338716259546433,-0.2556869227728465,3.816676770192169,0.6251461132987418,0.678306480085823,Airlines,Industrials,ALGT
2011Q1,2011,Q1,2011-05-10,2011-03-31,17153000.0,193231000.0,27827000.0,0.89,81041000.0,0.4193995787425413,697218000.0,315671000.0,384422000.0,212206000.0,381547000.0,15913000.0,230085000.0,828403290.0,856303290.0,16.69421968374848,1.8115510400271435,0.20627120929178536,0.45558825486028176,0.03805000270754298,16.69421968374848,0.05433821922191142,4.287113817141142,12.073737684370082,2.624261620484619,0.0,7.050210519700873,0.0,0.2771457420778006,1.4851465085812843,0.02460206133519215,21.15648406374502,0.4193995787425413,0.3692307692307692,0.7024201237758957,0.09440837960006702,0.0,0.17341885787096026,0.38542928681043537,0.3346282973621103,0.9199693519276361,0.5712263191750201,0.6645999870728393,Airlines,Industrials,ALGT
2010Q4,2010,Q4,2011-03-11,2010-12-31,12381000.0,162033000.0,20850000.0,0.65,69064000.0,0.4262341621768405,501266000.0,297735000.0,219403000.0,166613000.0,203531000.0,13383000.0,212932000.0,931079160.0,845922160.0,15.745676661907028,1.3168420231314484,0.05612987914600232,0.09450014274438678,0.03858012784204067,15.745676661907028,0.04158395888961661,5.7462316935439075,18.800564574751636,3.127207617512217,0.0,6.946798176791452,0.0,0.32324753723571914,0.9491756345543265,0.024699460964837033,29.851848669445335,0.4262341621768405,-0.02985074626865674,1.3106625462593933,0.6642365506117183,5.934838178707218,0.00727776562386057,-0.059123033665172124,0.07032854209445585,1.8094208647870003,0.7375680985416415,0.5324880637942043,Airlines,Industrials,ALGT
2010Q3,2010,Q3,2010-11-08,2010-09-30,13159000.0,163621000.0,19480000.0,0.67,68565000.0,0.4190476772541422,485969000.0,284462000.0,208291000.0,154056000.0,201507000.0,13770000.0,200551000.0,818849680.0,746396680.0,14.701638327562147,1.3520473074726074,0.06969374589737205,0.11906335468357812,0.041872706985595975,14.701638327562147,0.04625925431164795,5.004551249533984,15.556837145679763,2.8785907432275666,0.0,6.903122730573711,0.0,0.33669020040372943,0.8666004569766838,0.027077858875771913,-37.667311283867704,0.4190476772541422,-0.2298850574712643,1.4462629873359758,0.6739792939829178,0.0,-0.1041587728810902,-0.2507117640359868,-0.3062925109504647,0.9847095517910555,1.0053682842842877,0.46332326824026154,Airlines,Industrials,ALGT
2010Q2,2010,Q2,2010-08-09,2010-06-30,17562000.0,168350000.0,28081000.0,0.87,76537000.0,0.4546302346302346,529114000.0,310394000.0,259129000.0,180609000.0,218720000.0,14364000.0,187392000.0,845475450.0,725469450.0,15.67250694269124,1.4347513136111711,0.06447381849658107,0.10990547497696476,0.051118773704699805,15.67250694269124,0.05657970192722798,5.022129195129195,12.035580372394943,2.7238781999652053,0.0,6.3918824839877475,0.0,0.3181733993052537,1.0715080643821737,0.033191334948612206,-24.30085795585192,0.4546302346302346,-0.22321428571428578,2.18961237872881,0.6827044287082071,0.0,-0.09236771576975072,-0.2229203539823009,-0.22524486136018762,0.7766915072315945,0.9103177308629501,0.5861852449720623,Airlines,Industrials,ALGT
2010Q1,2010,Q1,2010-05-07,2010-03-31,22600000.0,169637000.0,36245000.0,1.12,84326000.0,0.497096741866456,550634000.0,314713000.0,306606000.0,188721000.0,235921000.0,11613000.0,184772000.0,1145917300.0,1051632300.0,15.890583186064125,1.6246522644538763,0.07152845628856917,0.12514894522946304,0.06413966785253071,15.890583186064125,0.07181145996511107,6.755114155520317,12.676076327433629,3.6411501908087684,0.0,7.3461637819684835,0.0,0.3080757817352361,1.3595572299850043,0.04104359701725647,46.21006936043229,0.497096741866456,1.153846153846154,3.1046144948907357,0.6955683467346251,0.0,0.40372546734805986,1.1440091072953231,1.007921998781231,1.3176084811937419,1.010218399026186,0.9246228685571626,Airlines,Industrials,ALGT
2009Q4,2009,Q4,2010-03-09,2009-12-31,10541000.0,134729000.0,18051000.0,0.52,60073000.0,0.4458802484988384,499639000.0,292023000.0,289873000.0,158581000.0,207616000.0,10673000.0,162172000.0,934201850.0,889769850.0,14.74491290078263,1.8279175941632353,0.09168019309941777,0.1568609321868483,0.03188522247991803,14.74491290078263,0.03609647185324444,6.933932932033935,22.156385779337825,3.1990694226139724,0.0,6.994846809706736,0.0,0.26965268924163244,1.5067757171413978,0.02109723220164959,55.508131313131315,0.4458802484988384,-0.23529411764705885,0.8782626813571652,0.32119336627514505,5.494073714433533,-0.04608177848352521,-0.23482868757259,-0.17725615314494075,7.815142203103807,1.1329792037238902,0.9019247661375305,Airlines,Industrials,ALGT
2009Q3,2009,Q3,2009-11-09,2009-09-30,13776000.0,133105000.0,21940000.0,0.68,62975000.0,0.4731227226625596,487062000.0,281302000.0,270174000.0,147728000.0,205760000.0,10085000.0,151631000.0,755019980.0000001,742663980.0000001,14.191403491070528,1.8288611502220298,0.1124415372170278,0.19468755998890871,0.04139782057546526,14.191403491070528,0.04897227890310058,5.672363772961197,13.701727279326366,2.684019239109569,0.0,6.953891918691125,0.0,0.2732814302901889,1.5469376150763565,0.028283873510969854,98.78581447075757,0.4731227226625596,-0.4188034188034187,1.4998528443464993,0.3292799730887922,0.0,-0.2130682528178342,-0.42243836994801276,-0.41933093372856234,0.30389977077706354,-0.280864317404088,0.5110313367110647,Airlines,Industrials,ALGT
2009Q2,2009,Q2,2009-08-07,2009-06-30,23852000.0,147987000.0,37784000.0,1.17,80026000.0,0.5407637157317873,494120000.0,272914000.0,275857000.0,161143000.0,221206000.0,10585000.0,137855000.0,795059480.0,766503480.0,13.606920277209952,1.7118770284778115,0.12285679592001943,0.22243637189737425,0.0710155876284327,13.606920277209952,0.08739749518163231,5.372495421895167,8.333258007714237,2.9132235063060157,0.0,6.4205007085498345,0.0,0.29949607382821986,1.4580714024189696,0.04827167489678621,-16916.15914893617,0.5407637157317873,-0.14598540145985414,3.2775747570329665,0.4605860738736112,0.0,-0.05697552468153805,-0.15304310773382573,-0.15050137146454426,1.2317936866511539,-0.2098150353636598,0.0,Airlines,Industrials,ALGT
2009Q1,2009,Q1,2009-05-04,2009-03-31,28162000.0,142119000.0,44478000.0,1.37,84861000.0,0.5971122791463492,494446000.0,257297000.0,275776000.0,172121000.0,237149000.0,9201000.0,114003000.0,919155740.0,860953740.0,12.725505712448687,1.6022216928788469,0.11984928586741525,0.23031360645479737,0.08841037463519168,12.725505712448687,0.10945327772962762,6.467507792765218,8.159538917690504,3.5723531172147363,0.0,6.223019237039452,0.0,0.28743078111664366,1.4137031506905027,0.056956674743045756,12.296891380256064,0.5971122791463492,0.5393258426966293,4.010056273601105,0.39143215214383636,0.0,0.2996952200082704,0.5474476619594483,0.5501882057716436,1.613960619345356,-0.2472276809954125,0.0,Airlines,Industrials,ALGT
2008Q4,2008,Q4,2009-03-03,2008-12-31,18199000.0,122428000.0,28692000.0,0.89,65293000.0,0.533317541738818,423976000.0,233921000.0,214417000.0,131028000.0,190055000.0,7005000.0,85841000.0,982036830.0,949608830.0,11.569365448340669,1.6364212229447141,0.15266194312885634,0.27669597855686323,0.059831721616190124,11.569365448340669,0.07779977000782315,8.021341768222955,13.490258118577945,4.198155915886133,0.0,8.156316916488223,0.0,0.2887616280166802,1.3765225753274108,0.04292459950563239,24.327111325802615,0.533317541738818,2.7083333333333335,2.176414836449273,0.17598349771735364,4.095473439301008,0.6242039800995025,2.721676891615542,2.534803498829617,2.176414836449273,0.17598349771735364,4.095473439301008,Airlines,Industrials,ALGT
2008Q3,2008,Q3,2008-11-10,2008-09-30,4890000.0,116886000.0,8117000.0,0.24,40200000.0,0.3439248498537036,402992000.0,214467000.0,190181000.0,130009000.0,188525000.0,11219000.0,67642000.0,714276360.0,650825360.0,10.605103100430203,1.4628294964194786,0.17392652955889942,0.32681484797194904,0.017737004813857926,10.605103100430203,0.022800710598833387,6.110880344951491,36.5171963190184,3.3304721006028903,0.0,6.835368571173902,0.0,0.2900454599595029,1.1368366805375012,0.012134235915353158,-60.70681285058644,0.3439248498537036,0.846153846153846,-0.1302347356866712,0.14415925691334083,0.0,0.042233802597806645,0.8480725623582767,0.7362566844919786,-0.1302347356866712,0.14415925691334083,0.0,Airlines,Industrials,ALGT
2008Q2,2008,Q2,2008-08-08,2008-06-30,2646000.0,131558000.0,4675000.0,0.13,38571000.0,0.2931862752550206,422187000.0,208666000.0,210139000.0,144334000.0,213521000.0,15038000.0,62752000.0,375369280.0,301787280.0,10.334092709984152,1.45592168165505,0.17803485185474682,0.360212013456912,0.01024701961234101,10.334092709984152,0.01268055169505334,2.8532607671141244,35.46572940287226,1.7989000603835796,0.0,6.183468546349249,0.0,0.3116107317373581,1.1610084941870937,0.0062673649354432984,-8.132973956753478,0.2931862752550206,-0.7234042553191489,-0.5286437344661844,0.28975579754806685,0.0,-0.031633652180462456,-0.7264267990074442,-0.6745335561125034,-0.5286437344661844,0.28975579754806685,0.0,Airlines,Industrials,ALGT
2008Q1,2008,Q1,2008-05-09,2008-03-31,9672000.0,133140000.0,14364000.0,0.47,39831000.0,0.29916629112212706,424223000.0,205303000.0,238261000.0,153123000.0,218920000.0,9267000.0,60106000.0,540843820.0,444964820.0,10.028967808118802,1.5560105274844407,0.20009287568095083,0.41345718279810817,0.029857089424479875,10.028967808118802,0.047110855662118915,4.062218867357669,13.979627274607113,2.6343688109769468,0.0,10.068954354159922,0.0,0.31384436958863615,1.3250785316379643,0.02279932959787659,15.42403593326679,0.29916629112212706,1.043478260869565,0.6994798183524032,0.2874757511030331,0.0,0.4387732986562635,1.0272479564032697,1.3710795642126115,0.6994798183524032,0.2874757511030331,0.0,Airlines,Industrials,ALGT
2007Q4,2007,Q4,2008-03-11,2007-12-31,4771000.0,100956000.0,6058000.0,0.23,27684000.0,0.274218471413289,405425000.0,210331000.0,224888000.0,127979000.0,195094000.0,6544000.0,50434000.0,657937940.0,598979940.0,10.274583557227297,1.7572257948569687,0.21042362952457297,0.40560354869229925,0.01186615456157999,10.274583557227297,0.022683294426404096,6.517076151987005,34.47589289457137,3.128107316562941,0.0,11.19682151589242,0.0,0.2490127643830548,1.4587627657662585,0.011767897884935562,531.4522940226171,0.274218471413289,-0.3235294117647059,-0.1775306522347698,-0.0422035533407129,3.5252151338377327,-0.04429178030172265,-0.31988595866001424,-0.3651891438750917,-0.1775306522347698,-0.0422035533407129,3.5252151338377327,Airlines,Industrials,ALGT
2007Q3,2007,Q3,2007-11-13,2007-09-30,7015000.0,86327000.0,9543000.0,0.34,28967000.0,0.3355497121410451,389501000.0,205677000.0,219069000.0,120121000.0,183824000.0,10063000.0,45738000.0,635860320.0,539124320.0,10.046746776084408,1.8237360661333155,0.17733458964161838,0.33582753540745924,0.019803716614469915,10.046746776084408,0.03410687631577668,7.365717793969441,22.660738417676406,3.0915480097434327,0.0,5.700089436549737,0.0,0.2216348610144775,1.5209497090433812,0.01801022333703893,-99.77409697159894,0.3355497121410451,-0.3061224489795918,0.2325546501896976,-0.16525093814358496,0.0,-0.1030500077411364,-0.29681234963913394,-0.32596411922587937,0.2325546501896976,-0.16525093814358496,0.0,Airlines,Industrials,ALGT
2007Q2,2007,Q2,2007-08-14,2007-06-30,9976000.0,88941000.0,14158000.0,0.49,32295000.0,0.3631058791783317,373269000.0,197494000.0,227632000.0,115801000.0,175775000.0,6030000.0,38723000.0,617029560.0,505761560.0,9.880628377026216,1.9657170490755693,0.1996978050681948,0.3774342511671241,0.03031047470104052,9.880628377026216,0.05051292697499671,6.9375154315782375,15.462849839615076,3.1242952190952638,0.0,9.394029850746268,0.0,0.23827588146886025,1.6787074377596047,0.026726034039794358,-101.68582069874753,0.3631058791783317,0.020833333333333353,0.795253911974173,-0.11914944748584988,0.0,0.019863576075285796,0.02349440853595978,-0.009999300748199427,0.795253911974173,-0.11914944748584988,0.0,Airlines,Industrials,ALGT
2007Q1,2007,Q1,2007-03-31,2007-03-31,9747000.0,84349000.0,14301000.0,0.48,31666000.0,0.37541642461677077,354430000.0,163445000.0,213583000.0,128424000.0,190985000.0,3013000.0,28835000.0,623574000.0,516702000.0,8.25646595271772,1.6631081417803526,0.1931749569731682,0.4188993239315978,0.03337207533586209,8.25646595271772,0.0596347395148215,7.39278473959383,15.993998153277932,3.8151916546850626,0.0,17.485230667109192,0.0,0.23798493355528597,1.4276069893477854,0.027500493750529018,14.495652982472453,0.37541642461677077,7.299212598425197,0.7710560382384136,-0.15652530712284168,0.0,0.4411322987302599,7.3046571798188875,1.091888071449224,0.7710560382384136,-0.15652530712284168,0.0,Airlines,Industrials,ALGT
