Quarters,Year,Quarter,FillingDate,Date,NetIncome,Revenue,OperatingIncome,EPSDiluted,GrossProfit,GrossProfitRatio,TotalAssets,CommonStockEquity,CurrentAssets,CurrentLiability,TotalLiability,Inventory,RetainedEarnings,MarketCap,EnterpriseValue,bookValuePerShare,currentRatio,debtToAssets,debtToEquity,roic,shareholdersEquityPerShare,roe,priceToSalesRatio,peRatio,pbRatio,payoutRatio,inventoryTurnover,dividendYield,assetTurnover,quickRatio,returnOnAssets,priceToFreeCashFlowsRatio,grossProfitMargin,epsdilutedGrowth,fiveYNetIncomeGrowthPerShare,fiveYRevenueGrowthPerShare,fiveYShareholdersEquityGrowthPerShare,grossProfitGrowth,netIncomeGrowth,operatingIncomeGrowth,threeYNetIncomeGrowthPerShare,threeYRevenueGrowthPerShare,threeYShareholdersEquityGrowthPerShare,Industry,Sector,Symbol
2023Q1,2023,Q1,2023-05-08,2023-03-31,-4500000.0,81556000.0,-5223000.0,-0.21,81556000.0,1.0,627984000.0,250916000.0,43987000.0,11997000.0,374913000.0,0.0,209710000.0,277796428.0,216511428.0,11.742080427326444,3.666499958322914,0.0,0.0,-0.016990892476803375,11.742080427326444,-0.017934288765961516,3.406204669184364,-15.43313488888889,1.107129190645475,0.0,0.0,0.0,0.1298695508165813,50.655913978494624,-0.0071657876633799585,-59.81835228251507,1.0,-1.868852459016393,-1.7692044843977102,1.2267615285461175,0.027660991093477607,-0.061864155615336466,-6.056179775280899,-2.731289970452584,-0.31612152872487936,0.8359829784649492,-0.12551653826538844,Insurance—Property & Casualty,Financial Services,NODK
2022Q4,2022,Q4,2023-03-08,2022-12-31,890000.0,86934105.0,-1399784.0,-0.0732,86934105.0,1.0,614232000.0,250977000.0,466897000.0,13964000.0,361025000.0,-66643000.0,214121000.0,284297276.2,237295276.2,11.714726340385528,33.43576339157834,0.0,0.0,-0.008399914435298706,11.714726340385528,0.003546141678321121,3.2702617252458053,79.85878544943819,1.1327622698494284,3.3707865168539324,0.0,0.010552334655114787,0.14153301195639434,12.87797192781438,0.0014489639094023106,-43.83245084798026,1.0,0.8475,-0.933197620943655,0.8237543188571999,0.037904331485173984,-0.02512918418839361,1.0875208968433474,0.8928107818362815,-0.9461156546773489,0.2642654630304894,-0.15026037855950783,Insurance—Property & Casualty,Financial Services,NODK
2022Q3,2022,Q3,2022-11-07,2022-09-30,-10169000.0,89175000.0,-13059000.0,-0.48,89175000.0,1.0,636537000.0,248763000.0,201621000.0,1549000.0,385716000.0,0.0,213231000.0,284947196.88,230670196.88,11.663472097251818,130.1620400258231,0.0,0.0,-0.040310297608854954,11.663472097251818,-0.04087826565847815,3.195370864928511,-7.005290512341429,1.1454565063132378,0.0,0.0,0.0,0.14009397725505351,394.11943189154294,-0.01597550495886335,-7.384921520798238,1.0,0.7798165137614679,-2.950466033038523,0.6450619248950887,0.10157241861851987,0.17660641245546907,0.7819495668582211,0.7760994427775396,-0.5166661321484363,0.31755190086850316,-0.10607298231633722,Insurance—Property & Casualty,Financial Services,NODK
2022Q2,2022,Q2,2022-08-04,2022-06-30,-46636000.0,75790000.0,-58325000.0,-2.18,75790000.0,1.0,681589000.0,270039000.0,199111000.0,3140000.0,408978000.0,0.0,223217000.0,351270163.29,288238163.29,12.630565398567985,63.411146496815284,0.0,0.0,-0.17057771539590688,12.630565398567985,-0.17270098022878178,4.634782468531469,-1.8830418737134405,1.3008127096086122,0.0,0.0,0.0,0.11119604336337588,211.3595541401274,-0.06842246573815011,35.85121078689529,1.0,-24.11770943796395,-384.2221901601578,0.68215749208002,0.19676253385868722,0.1459026307831872,-23.871996076508093,-24.546628986677433,-20.557679545542268,0.14731151500346124,-0.04512850805503364,Insurance—Property & Casualty,Financial Services,NODK
2022Q1,2022,Q1,2022-05-06,2022-03-31,2039000.0,66140000.0,2477000.0,0.0943,66140000.0,1.0,624123000.0,328478000.0,483708000.0,1563000.0,291845000.0,2005000.0,269142000.0,362481890.88,308539890.88,15.369007446069302,309.4740882917466,0.0,0.0,0.005897879747705423,15.369007446069302,0.006207417239510713,5.480524506803749,44.443586424718006,1.1035195382339151,0.0,0.0,0.0,0.10597270089389431,83.71849008317338,0.003266984232274728,110.58019856009761,1.0,-0.6748275862068965,-0.536927720452825,1.0145577107792414,0.4253525071004569,-0.2251095437823652,-0.6680774865700798,-0.7049434187016081,-0.8460282986907156,0.13565000497514462,0.17759057735114997,Insurance—Property & Casualty,Financial Services,NODK
2021Q4,2021,Q4,2022-03-09,2021-12-31,6143000.0,85354000.0,8395000.0,0.29,85354000.0,1.0,647573000.0,343204000.0,143639000.0,326000.0,304369000.0,0.0,267207000.0,404894377.14,334271377.14,16.028841116151046,440.61042944785277,0.0,0.0,0.01786705108539946,16.028841116151046,0.01789897553641566,4.743707115542329,16.4778763283412,1.1797484211722473,0.0,0.0,0.0,0.13180598944057273,446.76073619631904,0.00948618920183516,20.721308963152506,1.0,2.260869565217391,3.4500886818032646,0.9532403676910973,0.8178623777456888,0.00880520984765214,2.2642519036838857,2.320176128322063,-0.5716710135260071,0.5539473377501074,0.3075679052431599,Insurance—Property & Casualty,Financial Services,NODK
2021Q3,2021,Q3,2021-11-05,2021-09-30,-4859000.0,84609000.0,-6359000.0,-0.23,84609000.0,1.0,692218000.0,339708000.0,184832000.0,1205000.0,352510000.0,0.0,261079000.0,375988644.23999995,328259644.23999995,15.8655655466878,153.3875518672199,0.0,0.0,-0.014034208621660818,15.8655655466878,-0.01430346061911995,4.443837466936141,-19.34496008643754,1.1067994990992263,0.0,0.0,0.0,0.12222883542467836,153.3875518672199,-0.007019464966238959,-30.42225457075815,1.0,-0.7692307692307693,-2.8617140780289874,0.1330866350579187,0.7786625755491171,0.016788443974426765,-0.7772494513533285,-0.9840873634945397,-1.5159543039582166,0.37973117775960935,0.33385176043125764,Insurance—Property & Casualty,Financial Services,NODK
2021Q2,2021,Q2,2021-08-04,2021-06-30,-2734000.0,83212000.0,-3205000.0,-0.13,83212000.0,1.0,703987000.0,346501000.0,190000000.0,2646000.0,357486000.0,0.0,265816000.0,408046608.40000004,346823608.40000004,16.142724567245786,71.80650037792896,0.0,0.0,-0.007674792329590529,16.142724567245786,-0.007890309118877002,4.903699086670192,-37.31223558888077,1.1776202908505315,0.0,0.0,0.0,0.11820104632613955,71.80650037792896,-0.0038835944413746276,38.444187714339556,1.0,-1.288888888888889,-0.19038398931270287,0.691737082471138,0.7773725235957148,0.17532733513185214,-1.2827593339538732,-1.2551954773469225,-13.611665636347583,0.6392624920486781,0.40879734071845997,Insurance—Property & Casualty,Financial Services,NODK
2021Q1,2021,Q1,2021-05-05,2021-03-31,9669000.0,70799000.0,12559000.0,0.45,70799000.0,1.0,616958000.0,348163000.0,116460000.0,700000.0,268795000.0,0.0,268444000.0,396629605.68,343946605.68,16.221815386093446,166.37142857142857,0.0,0.0,0.027845494757230426,16.221815386093446,0.027771474855168413,5.602192201584768,10.255186825938567,1.139206652286429,0.0,0.0,0.0,0.11475497521711364,166.37142857142857,0.015672055472171525,37.14803837032874,1.0,-0.55,0.23246919016757783,0.771986205054137,0.0,-0.15362821279139272,-0.5519254831085778,-0.5481073690270581,0.6455496764105831,0.9246202871793411,0.41972514838274955,Insurance—Property & Casualty,Financial Services,NODK
2020Q4,2020,Q4,2021-03-10,2020-12-31,21579000.0,83650000.0,27792000.0,1.0,83650000.0,1.0,613058000.0,344327000.0,165049000.0,0.0,268731000.0,0.0,258741000.0,354113096.04,253036096.04000002,15.966224924257958,0.0,0.0,0.0,0.06321594703750372,15.966224924257958,0.06267007815245391,4.233270723729827,4.102519765049355,1.0284209371905195,0.0,0.0,0.0,0.13644712245823395,0.0,0.03519895344323049,17.695037779332402,1.0,4.88235294117647,1.4383998831206084,1.0034502446290086,0.8523061112942066,0.03458084943231009,4.889465065502184,4.727947238252267,0.6090375455811542,0.7433116468084198,0.41457969438221787,Insurance—Property & Casualty,Financial Services,NODK
2020Q3,2020,Q3,2020-11-04,2020-09-30,3664000.0,80854000.0,4852000.0,0.17,80854000.0,1.0,626357000.0,321834000.0,179791000.0,1173000.0,304523000.0,0.0,237162000.0,364249098.18,292944098.18,14.92323875930042,153.27450980392157,0.0,0.0,0.011401412935657855,14.92323875930042,0.011384751145000217,4.505022610878868,24.853240869268557,1.1317918497734858,0.0,0.0,0.0,0.12908612819845552,153.27450980392157,0.005849699133241905,40.04937857943926,1.0,-0.7999999999999999,-0.5456575251871998,0.25763194151358176,0.0,-0.15483918174501135,-0.8044093311268884,-0.7947893757401455,2.4077146973324703,0.4751281069288212,0.40944549587233253,Insurance—Property & Casualty,Financial Services,NODK
2020Q2,2020,Q2,2020-08-05,2020-06-30,18733000.0,95667000.0,23644000.0,0.85,95667000.0,1.0,620792000.0,321081000.0,179033000.0,0.0,299711000.0,0.0,233498000.0,323269956.09999996,255411956.09999996,14.669987979127269,0.0,0.0,0.0,0.05836549612866655,14.669987979127269,0.058343533251733984,3.3791166870498706,4.3141776023594725,1.0068174575885835,0.0,0.0,0.0,0.15410475650459413,0.0,0.030175968762484053,17.905724831062365,1.0,6.3125,8.999055434231305,0.9074443250372611,0.6152188837121993,1.0713419650976486,6.269479606188467,6.340862886830811,149.36803980962097,1.074128946835018,0.3900004814960489,Insurance—Property & Casualty,Financial Services,NODK
2020Q1,2020,Q1,2020-05-06,2020-03-31,-3555000.0,46186000.0,-4427000.0,-0.16,46186000.0,1.0,532925000.0,298332000.0,475988000.0,916000.0,234593000.0,0.0,214811000.0,301277069.88,244640069.88,13.427447105786356,519.6375545851529,0.0,0.0,-0.012003016635977264,13.427447105786356,-0.011916254374321226,6.5231254033689865,-21.18685442194093,1.0098717867342424,0.0,0.0,0.0,0.08666510296946099,519.6375545851529,-0.0066707322794014165,91.13039016333938,1.0,-1.2077922077922079,-1.43773461221033,0.11665839733715792,0.0,-0.3523299350731304,-1.2075427637340184,-1.2084863897522842,-1.776649810633884,0.35325596819410804,0.2452883156801521,Insurance—Property & Casualty,Financial Services,NODK
2019Q4,2019,Q4,2020-03-11,2019-12-31,17129000.0,71311000.0,21234000.0,0.77,71311000.0,1.0,504660000.0,306304000.0,472975000.0,170000.0,198356000.0,0.0,218480000.0,382150855.59999996,320018855.59999996,13.786254100434363,2782.205882352941,0.0,0.0,0.05593354913695821,13.786254100434363,0.0559215681153364,5.358932781758774,5.577541823807578,1.2476195400647723,0.0,0.0,0.0,0.14130503705465067,2782.205882352941,0.03394166369436848,14.21639282764778,1.0,3.483870967741936,0.8787460022157669,0.6577979141898312,0.5993989088360664,0.015132103405079148,3.461416870239977,3.4630553300081197,10.958149736731013,0.5726503170407815,0.5635261761980583,Insurance—Property & Casualty,Financial Services,NODK
2019Q3,2019,Q3,2019-11-06,2019-09-30,-6959000.0,70248000.0,-8621000.0,-0.31,70248000.0,1.0,525644000.0,288830000.0,494983000.0,4277000.0,236814000.0,0.0,201351000.0,379426208.90000004,354184208.90000004,13.04745450861763,115.73135375263035,0.0,0.0,-0.02414978305342592,13.04745450861763,-0.024093757573659245,5.401238596116616,-13.63077341931312,1.3136662012256346,0.0,0.0,0.0,0.1336417803684623,115.73135375263035,-0.013238998257375715,-29.689061729264477,1.0,-3.818181818181818,-1.8406728802937973,0.06448204346873089,0.0,0.02330730684069456,-3.808313155770783,-3.478723404255319,-4.3495070070347035,-0.09005691932409315,0.46272876137734814,Insurance—Property & Casualty,Financial Services,NODK
2019Q2,2019,Q2,2019-08-07,2019-06-30,2478000.0,68648000.0,3478000.0,0.11,68648000.0,1.0,534727000.0,293886000.0,503104000.0,4117000.0,240841000.0,0.0,208330000.0,392588508.33000004,332014508.33000004,13.227502868308422,122.20160310905999,0.0,0.0,0.008467658601598827,13.227502868308422,0.008431840917906944,5.718863016111176,39.60739591707022,1.3358530461811724,0.0,0.0,0.0,0.12837952824525412,122.20160310905999,0.00463414041183632,60.838138591352866,1.0,-0.8225806451612904,2.042357008661069,0.34834621297148854,0.4563960411997615,0.13332893085914282,-0.8200827706382052,-0.802621871630441,2.042357008661069,0.34834621297148854,0.4563960411997615,Insurance—Property & Casualty,Financial Services,NODK
2019Q1,2019,Q1,2019-05-08,2019-03-31,13773000.0,60572000.0,17621000.0,0.62,60572000.0,1.0,473943000.0,290111000.0,443984000.0,224000.0,183832000.0,0.0,205853000.0,359881519.70000005,289754519.70000005,13.051231677345838,1982.0714285714287,0.0,0.0,0.04749222227396868,13.051231677345838,0.04747493200878285,5.941384132932709,6.532373478908008,1.240495947068536,0.0,0.0,0.0,0.1278043984192192,1982.0714285714287,0.02906045663719055,94.18516610834861,1.0,-0.07462686567164185,0.6950929708269603,0.46377926534799335,0.0,0.06223804429791488,-0.07495466451742898,-0.05253253037961071,0.6950929708269603,0.46377926534799335,0.0,Insurance—Property & Casualty,Financial Services,NODK
2018Q4,2018,Q4,2019-03-13,2018-12-31,14889000.0,57023000.0,18598000.0,0.67,57023000.0,1.0,455229000.0,272490000.0,425105000.0,0.0,182739000.0,0.0,183946000.0,349656349.90000004,280706349.90000004,12.258515257125607,0.0,0.0,0.0,0.054691576779290305,12.258515257125607,0.054640537267422656,6.131847673745682,5.871051613607361,1.2831896579691,0.0,0.0,0.0,0.1252622306575372,0.0,0.03270661579117323,14.166451255976016,1.0,0.5227272727272728,0.6322823417078696,0.3250089645647123,0.4221597675019812,-0.11040561622464899,0.5124949207639171,0.5664111850416912,0.6322823417078696,0.3250089645647123,0.4221597675019812,Insurance—Property & Casualty,Financial Services,NODK
2018Q3,2018,Q3,2018-11-13,2018-09-30,9844000.0,64100000.0,11873000.0,0.44,64100000.0,1.0,487706000.0,266216000.0,458793000.0,3055000.0,221490000.0,0.0,169057000.0,377573273.28000003,325913273.28000003,11.894549317503007,150.17774140752863,0.0,0.0,0.036998616924318876,11.894549317503007,0.03697749196141479,5.890378678315133,9.588918967899229,1.4182966962166061,0.0,0.0,0.0,0.13143164119366996,150.17774140752863,0.020184291355857833,-19.26885803929574,1.0,43.0,0.1762026474963861,-0.03928902563002814,0.0,0.21126228269085412,42.557522123893804,31.35149863760218,0.1762026474963861,-0.03928902563002814,0.0,Insurance—Property & Casualty,Financial Services,NODK
2018Q2,2018,Q2,2018-08-03,2018-06-30,226000.0,52920000.0,367000.0,0.01,52920000.0,1.0,438244000.0,256412000.0,413522000.0,3099000.0,181832000.0,0.0,159213000.0,379297285.95,348342285.95,11.458514365886936,133.43723781865117,0.0,0.0,0.0009229478801256998,11.458514365886936,0.0008813940065207557,7.167371238662131,419.57664374999996,1.479249356309377,0.0,0.0,0.0,0.12075464809558145,133.43723781865117,0.0005156944533182428,37.48737754002767,1.0,-0.9629629629629629,1.094387531642287,0.03201109686642033,0.2616239910626808,0.3807498630208469,-0.9630839594903626,-0.9515255580504557,1.094387531642287,0.03201109686642033,0.2616239910626808,Insurance—Property & Casualty,Financial Services,NODK
2018Q1,2018,Q1,2018-05-04,2018-03-31,6122000.0,38327000.0,7571000.0,0.27,38327000.0,1.0,372981000.0,255506000.0,351610000.0,19000.0,117475000.0,0.0,158987000.0,373441341.9,348232341.9,11.426025244796284,18505.78947368421,0.0,0.0,0.023982681363037134,11.426025244796284,0.023960298388296164,9.743557854776006,15.249973125612545,1.4615756260126962,0.0,0.0,0.0,0.10275858555797748,18505.78947368421,0.016413704719543353,88.95696567413053,1.0,-0.564516129032258,-0.25102887634729604,-0.07930607566695634,0.0,-0.2296699762833139,-0.5597583776786998,-0.5930882511017951,-0.25102887634729604,-0.07930607566695634,0.0,Insurance—Property & Casualty,Financial Services,NODK
2017Q4,2017,Q4,2018-03-07,2017-12-31,13906000.0,49754000.0,18606000.0,0.62,49754000.0,1.0,373810000.0,252395000.0,352174000.0,428000.0,121415000.0,0.0,152865000.0,379702633.86,352108633.86,11.286903797407332,822.8364485981308,0.0,0.0,0.05461675363808201,11.286903797407332,0.05509617860892648,7.631600149937694,6.826237484898606,1.5043983987796907,0.0,0.0,0.0,0.1330997030577031,822.8364485981308,0.03720071694176186,14.765803377795061,1.0,6.166666666666667,0.5154400155652701,0.14922093722992058,0.30943920561729454,-0.12267461339070021,6.163757890828073,6.87867298578199,0.5154400155652701,0.14922093722992058,0.30943920561729454,Insurance—Property & Casualty,Financial Services,NODK
2017Q3,2017,Q3,2017-11-13,2017-09-30,-2693000.0,56711000.0,-3165000.0,-0.12,56711000.0,1.0,415049000.0,236254000.0,391762000.0,3799000.0,178795000.0,0.0,141676000.0,399408589.09999996,396424589.09999996,10.588021177835007,103.1224006317452,0.0,0.0,-0.011544652788947488,10.588021177835007,-0.01139874880425305,7.042876851051823,-37.07840596917935,1.690589742819169,0.0,0.0,0.0,0.13663687901910376,103.1224006317452,-0.006488390527383514,-21.553536727645564,1.0,-13.0,-1.3227518158855274,-0.14744222172544785,0.0,0.18741624790619765,-21.875968992248062,-116.22222222222223,-1.3227518158855274,-0.14744222172544785,0.0,Insurance—Property & Casualty,Financial Services,NODK
2017Q2,2017,Q2,2017-08-11,2017-06-30,129000.0,47760000.0,-27000.0,0.01,47760000.0,1.0,426069000.0,239187000.0,400448000.0,6018000.0,186882000.0,0.0,144409000.0,405219446.4,387071446.4,10.55394453053574,66.5417082087072,0.0,0.0,0.00033864716727915816,10.55394453053574,0.0005393269701112519,8.484494271356784,785.3090046511627,1.6941533043183783,0.0,0.0,0.0,0.11209451990170606,66.5417082087072,0.0003027678615435528,100.92638764632628,1.0,-0.9523809523809523,1.0531965133306174,-0.08036367365303225,0.16202757136727702,0.366054573536983,-0.9724888035828535,-1.0038731889255488,1.0531965133306174,-0.08036367365303225,0.16202757136727702,Insurance—Property & Casualty,Financial Services,NODK
2017Q1,2017,Q1,2017-05-12,2017-03-31,4689000.0,34962000.0,6971000.0,0.21,34962000.0,1.0,370906000.0,245412000.0,349277000.0,90000.0,125494000.0,0.0,144280000.0,339806800.0,233504800.0,10.782601054481546,3880.8555555555554,0.0,0.0,0.019185996442989704,10.782601054481546,0.019106645151826317,9.71931811681254,18.117231819151204,1.3846380780075955,0.0,0.0,0.0,0.09426107962664394,3880.8555555555554,0.012642017114848506,57.67257298031229,1.0,2.255813953488372,-0.43638097091266786,-0.17483578599892277,0.0,0.007695633376567229,3.278284671532847,3.644237175216522,-0.43638097091266786,-0.17483578599892277,0.0,Insurance—Property & Casualty,Financial Services,NODK
2016Q4,2016,Q4,2017-04-07,2016-12-31,1096000.0,34695000.0,1501000.0,0.0645,34695000.0,1.0,275181000.0,149896000.0,254577000.0,39000.0,125285000.0,0.0,139591000.0,250750000.0,232432000.0,8.817411764705883,6527.615384615385,0.0,0.0,0.00754374839962122,8.817411764705883,0.0073117361370550246,7.2272661766825195,57.196624087591246,1.672826493035171,0.0,0.0,0.0,0.12608065237062152,6527.615384615385,0.00398283311711201,9.471556999320088,1.0,2.0969387755102042,-0.8428899082568807,0.05414273995077935,0.02294348069390038,-0.4147859528387815,2.0970970970970972,1.5865572489253614,-0.8428899082568807,0.05414273995077935,0.02294348069390038,Insurance—Property & Casualty,Financial Services,NODK
2016Q3,2016,Q3,2016-09-30,2016-09-30,-999000.0,59286000.0,-2559000.0,-0.0588,59286000.0,1.0,323677000.0,151639000.0,259324000.0,17132000.0,172038000.0,0.0,138495000.0,250750000.0,262732000.0,8.919941176470589,15.136819985991128,0.05135366430113972,0.10961560020838966,-0.005932568069853156,8.919941176470589,-0.006588014956574496,4.229497689167763,-62.750250250250254,1.6535983487097645,0.0,0.0,0.0,0.18316408024048667,15.136819985991128,-0.003086410217593465,-9.092722196032925,1.0,0.46545454545454545,-1.1571495988673903,0.16983365891197535,0.0,0.5218708286271692,0.4507971412864211,0.019164430816404752,-1.1571495988673903,0.16983365891197535,0.0,Insurance—Property & Casualty,Financial Services,NODK
2016Q2,2016,Q2,2016-06-30,2016-06-30,-1819000.0,38956000.0,-2609000.0,-0.11,38956000.0,1.0,319099000.0,154400000.0,282245000.0,9067000.0,164699000.0,0.0,139492000.0,250750000.0,238075000.0,9.08235294117647,31.128818793426714,0.0,0.0,-0.011529204354197358,9.08235294117647,-0.011781088082901554,6.436749152890441,-34.46261682242991,1.6240284974093264,0.0,0.0,0.0,0.12208123497723278,31.128818793426714,-0.005700425259872328,109.30688753269398,1.0,-1.2972972972972974,0.0,0.0,0.0,0.23095396088096817,-1.2927261023495333,-1.2690522842116119,0.0,0.0,0.0,Insurance—Property & Casualty,Financial Services,NODK
2016Q1,2016,Q1,2016-03-31,2016-03-31,6214000.0,31647000.0,9697000.0,0.37,31647000.0,1.0,,,,,,,,250750000.0,,,0.0,0.0,0.0,0.0,,0.0,7.923341864947704,10.088107499195365,0.0,0.0,0.0,0.0,0.0,0.0,0.0,45.034123563218394,1.0,-0.09756097560975606,0.0,0.0,0.0,-0.03846504420745602,-0.1092316513761468,0.0110520279428631,0.0,0.0,0.0,Insurance—Property & Casualty,Financial Services,NODK
2015Q4,2015,Q4,2015-12-31,2015-12-31,6976000.0,32913000.0,9591000.0,0.41,32913000.0,1.0,255240000.0,146534000.0,235941000.0,537000.0,108706000.0,0.0,135040000.0,250750000.0,236229000.0,8.61964705882353,439.36871508379886,0.0,0.0,0.04773600197867155,8.61964705882353,0.04760669878662972,7.618570169841704,8.986166857798166,1.7112069553823686,0.0,0.0,0.0,0.12894922425952046,439.36871508379886,0.027331139319855823,11.400836591797763,1.0,0.10810810810810806,0.0,0.0,0.0,-0.35055940330314334,0.09737297467358817,-0.05841350873748282,0.0,0.0,0.0,Insurance—Property & Casualty,Financial Services,NODK
2015Q3,2015,Q3,2015-09-30,2015-09-30,6357000.0,50679000.0,10186000.0,0.37,50679000.0,1.0,,,,,,,,250750000.0,,,0.0,0.0,0.0,0.0,,0.0,4.947808757078869,9.861176655655184,0.0,0.0,0.0,0.0,0.0,0.0,0.0,-19.861386138613863,1.0,0.0,0.0,0.0,0.0,0.0,0.0,0.0,0.0,0.0,0.0,Insurance—Property & Casualty,Financial Services,NODK
