Year,Date,FillingDate,NetIncome,Revenue,OperatingIncome,EPSDiluted,GrossProfit,GrossProfitRatio,TotalAssets,CommonStockEquity,CurrentAssets,CurrentLiability,TotalLiability,Inventory,RetainedEarnings,EnterpriseValue,bookValuePerShare,currentRatio,debtToAssets,debtToEquity,roic,shareholdersEquityPerShare,roe,priceToSalesRatio,peRatio,pbRatio,payoutRatio,inventoryTurnover,dividendYield,assetTurnover,quickRatio,returnOnAssets,priceToFreeCashFlowsRatio,grossProfitMargin,epsdilutedGrowth,fiveYNetIncomeGrowthPerShare,fiveYRevenueGrowthPerShare,fiveYShareholdersEquityGrowthPerShare,grossProfitGrowth,netIncomeGrowth,operatingIncomeGrowth,threeYNetIncomeGrowthPerShare,threeYRevenueGrowthPerShare,threeYShareholdersEquityGrowthPerShare,Industry,Sector,Price,MarketCap,AvgVolume,Symbol
2022,2022-12-31,2022-12-31,2266382000.0,11134203000.0,2515338000.0,7.8,9095579000.0,0.8169043622,21382911000.0,12371701000.0,18896590000.0,4973626000.0,8938422000.0,0.0,6496852000.0,6205845008.6875515,43.78901703853001,3.7993588581047306,0.008277170493764857,0.014306036009114672,0.16480422063796465,43.78901703853001,0.18319081587891592,0.8680670730260218,4.264609853364328,0.7812373584430752,0.16435137589338425,0.0,0.038538431777933535,0.5207056700558684,2.6313060129571464,0.10599033966890663,44.73444634629383,0.8169043621712304,-0.07692307692307687,0.15521510398696775,0.5352179409510316,0.8854383282575573,0.19236679508537563,-0.09668000161023728,-0.03765754088162444,0.03164494223067286,1.0168771717220184,0.68128518989136,Credit Services,Financial Services,4.945,1385188495,703404,FINV
2021,2021-12-31,2021-12-31,2508947000.0,9470128000.0,2613766000.0,8.45,7628172000.0,0.8054982995,18138551000.0,10655250000.0,16400800000.0,4069392000.0,7428941000.0,0.0,4690951000.0,4542404730.305574,37.495492464870786,4.030282656475464,0.0018389561547667176,0.0031304755871518733,0.22232107265206646,37.495492464870786,0.23546580324253302,0.9426668499417932,3.5581364334541834,0.837819453349811,0.1265746147686659,0.0,0.035573288752671364,0.5220994775161478,2.5625321915411443,0.13832124738078583,15.526711140166507,0.8054982994950015,0.2803030303030303,4.27500647178912,7.261149013516672,13.548400918111938,0.2229559756998291,0.2718340345719065,0.13271012808917576,0.07186658382582023,1.3677466624296506,0.8973200473356927,Credit Services,Financial Services,4.945,1385188495,703404,FINV
2020,2020-12-31,2020-12-31,1972700000.0,7563087000.0,2307533000.0,6.6,6237487000.0,0.8247276542,14882185000.0,8363306000.0,13477710000.0,3914510000.0,6451855000.0,0.0,2651918000.0,2555866210.1038513,28.308677026900057,3.4430133017925617,0.0029092502209856954,0.005176900139729432,0.221777135286084,28.308677026900057,0.23587562143487276,0.6802439546317333,2.6079709079453806,0.615156758595686,0.13360825264865414,0.0,0.05123072969932544,0.5081973513969891,2.284698212547675,0.13255446024894865,2.365517096988656,0.8247276541972874,-0.1372549019607844,28.733511512859007,37.866686690119884,30.604771044878024,0.3118993250040435,-0.16863687127294183,-0.10009106207235437,-0.03839525833938777,-0.0027229991441427787,0.21889615932272413,Credit Services,Financial Services,4.945,1385188495,703404,FINV
2019,2019-12-31,2019-12-31,2372850000.0,5962757000.0,2564185000.0,7.65,4754547000.0,0.7973739329,18304456000.0,7947956000.0,16877082000.0,10008911000.0,10292976000.0,0.0,1966611000.0,3628674302.816025,26.04496685143556,1.6862056221700843,0.017489894263997795,0.04027991599349569,0.255175262573226,26.04496685143556,0.29854845698692845,0.9447095199110118,2.3739694050681774,0.708744902817281,0.16466064015845924,0.0,0.06936089395546796,0.3257543955417195,1.1789350509760752,0.12963236929849212,-21.322779847210906,0.7973739328971481,-0.00881057268722462,33.29541508433418,28.665543034900967,28.077487917533997,0.4704595043878301,-0.0389716954615374,2.023900604153606,3.645738188565809,3.843782731343418,9.105551220819946,Credit Services,Financial Services,4.945,1385188495,703404,FINV
2018,2018-12-31,2019-04-25,2469074000.0,4218946000.0,-2504330000.0,7.718,3233375000.0,0.7663940235309956,13142467000.0,5923882000.0,12532623000.0,6856846000.0,7156729000.0,0.0,45668000.0,5830819357.562639,19.762344533028966,1.827753313987218,0.0019022303803387902,0.004220205601664584,-0.3966855966571311,19.762344533028966,0.41679999702897524,1.7592032127366977,3.0059784994547103,1.2528918296418867,0.0,0.0,0.0,0.3210162901683527,1.2593574363490152,0.18786990296418474,4.131927679168981,0.7663940235309956,0.1114725449725435,35.21120760977189,20.368442618335575,21.063354415427888,0.06747840199882205,1.2798825096977515,-0.06500297472609769,35.21120760977189,20.368442618335575,21.063354415427888,Credit Services,Financial Services,4.945,1385188495,703404,FINV
2017,2017-12-31,2017-12-31,1082983000.0,4003506000.0,-2351477000.0,6.943941202066,3028984000.0,0.7565828551274808,8603663000.0,3622167000.0,8244026000.0,4291766000.0,4921475000.0,0.0,-2398984000.0,5336171629.1197405,23.224847178638814,1.9208936367919407,0.0,0.0,-0.5178283688235021,23.224847178638814,0.29898759499492983,1.8052433614736034,6.6735143849162375,1.995298016110174,0.0,0.0,0.0,0.465325757180401,1.329941800182023,0.12587464199841394,4.0747752986153225,0.7565828551274808,3.1487964350714317,29.840863934349485,37.97280961735277,24.92901027962802,2.6915194540081044,1.1595305988155298,-10.9281694244012,29.840863934349485,37.97280961735277,24.92901027962802,Credit Services,Financial Services,4.945,1385188495,703404,FINV
2016,2016-12-31,2016-12-31,501490000.0,1208674000.0,236849000.0,1.6737242500900007,820525000.0,0.6788637796461245,2147291000.0,772222000.0,1908225000.0,1193409000.0,1375069000.0,0.0,-369068000.0,26648153706.6358,2.5772930424395315,1.5989698418563962,0.0,0.0,0.27978272433460166,2.5772930424395315,0.649411697672431,22.382240129791654,53.9449075886574,35.0324540179324,0.0,0.0,0.0,0.5628831863031141,0.8470859529298003,0.23354543003253866,53.6502798380066,0.6788637796461245,7.9516218464097586,7.9516218464097586,5.124457821557421,1.8773777186569642,7.375353428125223,7.9516218464097586,1.6950528811728938,7.9516218464097586,5.124457821557421,1.8773777186569642,Credit Services,Financial Services,4.945,1385188495,703404,FINV
2015,2015-12-31,2015-12-31,-72140000.0,197352000.0,-340764000.0,-0.24076744780851594,97969000.0,0.4964175686083749,736920000.0,268377000.0,681492000.0,445269000.0,468543000.0,0.0,-292874000.0,25292188280.8434,0.8957089733920998,1.5305175073944066,0.027139988058405253,0.0745220343024924,-1.25774700504428,0.8957089733920998,-0.26880097772909006,128.52508857697617,-351.6035941342306,94.51138987634334,0.0,0.0,0.0,0.2678065461651197,0.8799691871655112,-0.09789393692666776,-121.11004980468117,0.4964175686083749,0.0,0.0,0.0,0.0,0.0,0.0,0.0,0.0,0.0,0.0,Credit Services,Financial Services,4.945,1385188495,703404,FINV
TTM,,,,,,,,,,,,,,,,5073718738.421501,44.48402660436587,4.056055680832195,0.008258740087977336,0.014044670746477975,0.172575519669788,44.48402660436587,0.20140091101527055,0.8503329801590163,4.140860491097057,0.8010108171390872,0.0,0.0,0.006033870528826514,0.5500072089141445,2.8006274080863074,0.11374963668431558,10.808116914877273,0.8250691000516951,,,,,,,,,,,Credit Services,Financial Services,4.945,1385188495,703404,FINV
