Quarters,Year,Quarter,FillingDate,Date,NetIncome,Revenue,OperatingIncome,EPSDiluted,GrossProfit,GrossProfitRatio,TotalAssets,CommonStockEquity,CurrentAssets,CurrentLiability,TotalLiability,Inventory,RetainedEarnings,MarketCap,EnterpriseValue,bookValuePerShare,currentRatio,debtToAssets,debtToEquity,roic,shareholdersEquityPerShare,roe,priceToSalesRatio,peRatio,pbRatio,payoutRatio,inventoryTurnover,dividendYield,assetTurnover,quickRatio,returnOnAssets,priceToFreeCashFlowsRatio,grossProfitMargin,epsdilutedGrowth,fiveYNetIncomeGrowthPerShare,fiveYRevenueGrowthPerShare,fiveYShareholdersEquityGrowthPerShare,grossProfitGrowth,netIncomeGrowth,operatingIncomeGrowth,threeYNetIncomeGrowthPerShare,threeYRevenueGrowthPerShare,threeYShareholdersEquityGrowthPerShare,Industry,Sector,Symbol
2023Q2,2023,Q2,2023-05-05,2023-03-31,35511000.0,718214000.0,53086000.0,0.58,159065000.0,0.2214729872,4011533000.0,2012054000.0,1470687000.0,666944000.0,1999479000.0,567784000.0,2767813000.0,5823407590.0,6552577590.0,33.64244988044878,2.2051131729200653,0.21403214182707708,0.42672661866928024,0.01617364121447764,33.64244988044878,0.01764912870131716,8.108178885401845,40.99720924502267,2.894260089440939,0.3712089211793529,0.9847917517929353,0.002263623110056083,0.1790372907314984,1.2386842073697342,0.0088522268170298,385.8605612244898,0.22147298715981587,0.18367346938775503,-0.052782526829441206,0.34492926712357114,0.41785015210921445,0.2628616342214742,0.19945281361886105,2.9071170972252887,-0.5951394504656184,0.03821581081043623,0.09806959829827203,Aerospace & Defense,Industrials,WWD
2023Q1,2023,Q1,2023-02-03,2022-12-31,29606000.0,618619000.0,13587000.0,0.49,125956000.0,0.2036083599,3894808000.0,1939435000.0,1359502000.0,633161000.0,1955373000.0,573834000.0,2745484000.0,5764428870.0,6499513870.0,32.5043156183485,2.147166360530734,0.21423905876746685,0.4302387035399485,0.004524502892616319,32.5043156183485,0.015265270555599956,9.318221506290625,48.676187850435724,2.972220708608435,0.383537120853881,0.8585461997720595,0.0019698395549809255,0.15883170620990816,1.1078367113577747,0.007601401660877764,-303.58272961870654,0.20360835991135093,-0.4431818181818182,0.6642650353125417,0.3506169296143163,0.42141658636087087,-0.07062061434252953,-0.4521566958420459,-0.6060368823938761,-0.42369477098813363,-0.10778171506687396,0.12030004925880906,Aerospace & Defense,Industrials,WWD
2022Q4,2022,Q4,2022-11-18,2022-09-30,54041000.0,640033000.0,34488000.0,0.88,135527000.0,0.2117500191,3806446000.0,1901122000.0,1311969000.0,539113000.0,1905324000.0,514287000.0,2727233000.0,4809901540.0,5479473540.0,31.722905438101755,2.4335695855970827,0.20423670794226426,0.4089248349132775,0.011949117420292192,31.722905438101755,0.028425845369208287,7.515083659748794,22.251168279639536,2.530033075205063,0.21106197146610906,0.9809814364352978,0.002371358312669327,0.16814451065376995,1.3410676425907,0.014197232799309381,52.36178861080569,0.21175001913963812,0.375,-0.11165383660116165,0.07897176621064135,0.41806429864738875,0.011931695151908847,0.3699994929777417,0.1936455196760461,-0.16472392005170675,-0.10285028819626897,0.1366844276392533,Aerospace & Defense,Industrials,WWD
2022Q3,2022,Q3,2022-08-05,2022-06-30,39446000.0,614332000.0,28893000.0,0.64,133929000.0,0.2180075269,3755789000.0,1909613000.0,1253715000.0,424474000.0,1846176000.0,503664000.0,2684598000.0,5596199940.0,6262900940.0,31.560721250785047,2.9535731281539035,0.20405885421145864,0.4013389100304617,0.008401544029848057,31.560721250785047,0.020656541403938914,9.10940654239076,35.46747414186483,2.930541392418254,0.28996602950869543,0.953816433177674,0.0020438869451830204,0.16356935919456606,1.6506429133468716,0.010502719934479812,243.81126388707358,0.21800752687471922,-0.13513513513513511,-0.25491714019338707,0.13424513501590882,0.47879616734780917,0.0038601646004167477,-0.1765958335072851,-0.08805984281791497,-0.3891489975276302,-0.16369984130919252,0.14703398323127442,Aerospace & Defense,Industrials,WWD
2022Q2,2022,Q2,2022-05-06,2022-03-31,47906000.0,586839000.0,31683000.0,0.74,133414000.0,0.2273434451,3890544000.0,2051879000.0,1331390000.0,369046000.0,1838665000.0,484933000.0,2656590000.0,7813120500.0,8333471500.0,32.803820943245405,3.6076532464787587,0.18730182719948676,0.35514082458078666,0.010014903882583038,32.803820943245405,0.023347380620397207,13.313908073594291,40.77318342170083,3.807788129806874,0.24813175802613452,0.9350260757671678,0.0015214151631220843,0.15083726080465867,2.170309392325076,0.012313445112046028,-37383.35167464115,0.22734344513571866,0.574468085106383,0.2322872251995019,0.1495348966150143,0.6028172494169358,0.08967207089476048,0.58079524830886,-0.3120168505168071,-0.38618964197800937,-0.23130342919554014,0.2048181246585098,Aerospace & Defense,Industrials,WWD
2022Q1,2022,Q1,2022-02-04,2021-12-31,30305000.0,541586000.0,46052000.0,0.47,122435000.0,0.2260675128,4035240000.0,2223432000.0,1446731000.0,329508000.0,1811808000.0,451834000.0,2620571000.0,6906269240.0,7226738240.0,35.23999112435414,4.390579287908032,0.1850060962916704,0.33576201116112386,0.012377835422353434,35.23999112435414,0.01362982992059123,12.751934577333978,56.97301798383105,3.1061301807296102,0.3381290216135951,0.9276659127024527,0.0014837243733057822,0.1342140740079896,2.8564374764800853,0.007510086141096936,263.93049413383267,0.22606751282344817,-0.3815789473684211,-0.36479083217607894,0.19308429047116837,0.7747017376306615,-0.08482393129171868,-0.39274621781384633,-0.31951237532323606,-0.3955187713559903,-0.18715665513290142,0.33577156894174953,Aerospace & Defense,Industrials,WWD
2021Q4,2021,Q4,2021-11-19,2021-09-30,49905000.0,570217000.0,67675000.0,0.76,133783000.0,0.2346176981745546,4091004000.0,2214781000.0,1464723000.0,366257000.0,1876223000.0,419971000.0,2600513000.0,7188200000.0,7491265000.0,34.87844094488189,3.9991672514108947,0.18323619336475838,0.3384623581293139,0.01857520103055359,34.87844094488189,0.022532701878876512,12.60607803695786,36.009417893998595,3.245557912949407,0.2065324115820058,1.039200325736777,0.0014338777440805765,0.13938314408883493,2.680295530187819,0.012198716989765837,55.11916081342208,0.2346176981745546,0.027027027027027053,-0.23425644250404845,-0.06502065598969094,0.7697300714713058,-0.003240995991595762,0.021366734205194325,0.1992309328040828,-0.3490375190848084,-0.22957104197084127,0.39953320337000636,Aerospace & Defense,Industrials,WWD
2021Q3,2021,Q3,2021-08-04,2021-06-30,48861000.0,556675000.0,56432000.0,0.74,134218000.0,0.24110657026092425,4088655000.0,2201687000.0,1443528000.0,340577000.0,1886968000.0,427492000.0,2560915000.0,7810129920.0,8212054920.0,34.64005097625828,4.238477642354005,0.1863754706621126,0.3461095968682197,0.015725182050963318,34.64005097625828,0.022192527820712026,14.029963479588629,39.960960275066,3.5473388905870813,0.2114160577966067,0.9882220018152387,0.0013226412499934444,0.13615113038395266,2.8286466790182545,0.011950384661948733,85.9351472206329,0.24110657026092425,-0.2884615384615385,-0.07622559904232004,0.05827648578776709,0.8341056093224302,-0.0874365982675859,-0.2847481445698476,-0.2487952929900695,-0.03574794522360714,-0.08251697184519163,0.45569802940947535,Aerospace & Defense,Industrials,WWD
2021Q2,2021,Q2,2021-05-04,2021-03-31,68313000.0,581321000.0,75122000.0,1.04,147078000.0,0.2530065144730708,4020772000.0,2133301000.0,1368162000.0,341408000.0,1887471000.0,422321000.0,2522384000.0,7633225140.0,8103798140.0,33.71315465090553,4.007410488330677,0.18769305993973295,0.3537573928854859,0.022490682816522323,33.71315465090553,0.032022204086530684,13.130826410881424,27.93474572921699,3.578128515385311,0.15080584954547452,1.0282297115227517,0.0013496261162290308,0.14457944892174934,2.643819125503796,0.01699002082187202,115.26720938660868,0.2530065144730708,0.625,0.6300114040506083,0.1812372372334763,0.8571202566730798,0.08162289765331411,0.643324512869858,0.5692262700534759,0.7222231810004833,0.02887085222833646,0.42082998175608,Aerospace & Defense,Industrials,WWD
2021Q1,2021,Q1,2021-02-04,2020-12-31,41570000.0,537619000.0,47872000.0,0.64,135979000.0,0.2529281889218945,3959505000.0,2063462000.0,1246554000.0,328110000.0,1896043000.0,445463000.0,2464373000.0,7633542360.0,8180656360.0,32.851397822072215,3.799195391789339,0.18868191857315497,0.3620551287108752,0.014797653036975012,32.851397822072215,0.020145755046615834,14.198795727085539,45.9077601635795,3.6993859639770443,0.12273273995669955,0.9016237038766407,0.0006683659773389926,0.1357793461556432,2.266880009752827,0.01049878709586173,54.735643831294546,0.2529281889218945,-0.2808988764044944,0.6293842303564053,0.21248752158992468,0.8122479024826106,0.09851838686744652,-0.2737469208057443,-0.1452039140061424,1.2198026182758974,0.11500065821685714,0.4365945217155559,Aerospace & Defense,Industrials,WWD
2020Q4,2020,Q4,2020-11-20,2020-09-30,57239000.0,531264000.0,56004000.0,0.89,123784000.0,0.2329990362606915,3903336000.0,1992677000.0,1210865000.0,392332000.0,1910659000.0,437943000.0,2427905000.0,5010080160.0,5698790160.0,31.882321882849876,3.086327396184864,0.21481189423610983,0.42078219400334327,0.016536959271764424,31.882321882849876,0.028724675398973342,9.430490603541742,21.882283757577877,2.5142459916986044,0.0886982651688534,0.9304407194543582,0.0010133570397803777,0.13610511623903246,1.826613684328579,0.014664123201282185,38.819774988377496,0.2329990362606915,0.459016393442623,0.16139114239214114,-0.04088942634505056,0.7552773404747896,-0.03531153801192378,0.4880800727934486,0.5372200263504612,-0.09780387603275759,-0.14124719905850686,0.4251904671301497,Aerospace & Defense,Industrials,WWD
2020Q3,2020,Q3,2020-08-10,2020-06-30,38465000.0,523826000.0,36432000.0,0.61,128315000.0,0.24495729497963065,3906669000.0,1909766000.0,1236947000.0,535628000.0,1996903000.0,505943000.0,2372733000.0,4832062950.0,5663026950.0,30.64992216212746,2.3093396909795603,0.2379129125093526,0.48668109077237737,0.010964374805993564,30.64992216212746,0.02014121101747544,9.224557295743242,31.40558267255947,2.530185870939162,0.13160015598596125,0.7817303530239572,0.001047585690082949,0.13408507349867624,1.2521432785440643,0.009845983880385054,32.10118484514303,0.24495729497963065,-0.5673758865248226,-0.08598196166106796,0.10064039805806192,0.7613622701061049,-0.36698963030201376,-0.5787796491381765,-0.670047819156644,-0.2944707866983417,-0.060842351504396236,0.4361201400533691,Aerospace & Defense,Industrials,WWD
2020Q2,2020,Q2,2020-05-11,2020-03-31,91318000.0,720220000.0,110416000.0,1.41,202706000.0,0.2814501124656355,4060276000.0,1907694000.0,1339806000.0,594834000.0,2152582000.0,530906000.0,2342340000.0,3701091040.0,4671988040.0,30.637811968008222,2.252403191478631,0.2637421692515484,0.5613405504237052,0.03157848672197645,30.637811968008222,0.04786826398783033,5.138834022937436,10.132424713638056,1.9400863241169706,0.1912109332223658,0.9747751956090155,0.004717798025308775,0.17738203018711043,1.2416892780170603,0.022490589309692246,293.6208679095597,0.2814501124656355,0.6987951807228916,1.179017504837622,0.5280803131018865,0.669745364020117,0.09312007247705432,0.7109399883836397,0.2757923440442765,1.3596890329101907,0.4172442881632152,0.4969845613923136,Aerospace & Defense,Industrials,WWD
2020Q1,2020,Q1,2020-02-10,2019-12-31,53373000.0,720355000.0,86547000.0,0.83,185438000.0,0.2574258525310437,4007169000.0,1798603000.0,1329197000.0,792045000.0,2208566000.0,520266000.0,2268483000.0,7342214040.0,8310778040.0,29.013937507057477,1.6781836890580712,0.27798727730225503,0.6193373412587436,0.025768375686183988,29.013937507057477,0.029674697529137893,10.192494034191474,34.39104996908549,4.082176022168316,0.18855975867948213,1.028160594772674,0.0013707037066982592,0.17976656337678795,0.917326667045433,0.013319378344162674,718.9086497601097,0.2574258525310437,-0.19417475728155345,0.284508582570306,0.5565846374296417,0.6303885457945865,0.12105384066644903,-0.2009551470147913,0.10638542665388304,0.1386323089694651,0.6151382126463801,0.4611548887053254,Aerospace & Defense,Industrials,WWD
2019Q4,2019,Q4,2019-11-25,2019-09-30,66796000.0,736537000.0,78225000.0,1.03,165414000.0,0.22458342214987162,3956526000.0,1726741000.0,1271228000.0,707436000.0,2229785000.0,516836000.0,2224919000.0,6671657760.0,7658983760.0,27.908278381174036,1.7969512436460684,0.2742049464606071,0.6282928360420005,0.024256185694503603,27.908278381174036,0.03868327676240965,9.058143392660519,24.97027426792023,3.863728121356938,0.150922210910833,1.1050371878119944,0.001511018754655065,0.18615750281939256,0.98553226016205,0.01688248731336531,44.40518992312556,0.22458342214987162,0.00980392156862746,0.3693422215257122,0.3795435737543822,0.5752470969844989,-0.12705222994474613,0.01042249686114935,-0.1838640347216426,0.05188755821304967,0.23946992854815538,0.4160644270828224,Aerospace & Defense,Industrials,WWD
2019Q3,2019,Q3,2019-08-12,2019-06-30,66107000.0,752005000.0,95848000.0,1.02,189489000.0,0.2519783778033391,4015603000.0,1704311000.0,1298109000.0,642672000.0,2311292000.0,531163000.0,2168204000.0,7097819190.0,8225664190.0,27.51507079317415,2.0198623870341326,0.2966296718076961,0.6989023716915516,0.023705311408951518,27.51507079317415,0.03878810850836496,9.438526592243402,26.842161911749134,4.164626755328106,0.15234392726942683,1.0590270783168256,0.0014188865242142073,0.18727075360786413,1.1236665048422834,0.016462533771391244,129.79700076804914,0.2519783778033391,-0.14999999999999997,0.5276531701749092,0.5247502508635095,0.5976495849429512,-0.013093545413352916,-0.1478750692842135,0.027144617692761077,0.2824778237521385,0.4669557036333985,0.45685541043957273,Aerospace & Defense,Industrials,WWD
2019Q2,2019,Q2,2019-05-08,2019-03-31,77579000.0,758844000.0,93315000.0,1.2,192003000.0,0.25302038363616236,3965949000.0,1692851000.0,1244092000.0,642612000.0,2273098000.0,534320000.0,2102350000.0,5973774000.0,7068939000.0,27.227197426618417,1.9359924806881914,0.292607897882701,0.6855110107150599,0.028137977141838206,27.227197426618417,0.04582742367757115,7.872202982431172,19.250615501617705,3.5288244505866135,0.13026721148764486,1.0608642760892348,0.0016917278758787995,0.19133982812184422,1.045120539298986,0.019561270202919905,179.6785875417331,0.25302038363616236,0.5584415584415583,0.8559194563819005,0.6856152971310304,0.6058001927139762,0.19526012064468334,0.579377035830619,0.3360680383145054,0.8839458348215737,0.5693166121465828,0.4998353134553686,Aerospace & Defense,Industrials,WWD
2019Q1,2019,Q1,2019-02-08,2018-12-31,49120000.0,652811000.0,69843000.0,0.77,160637000.0,0.2460696893894251,3860536000.0,1630867000.0,1126436000.0,575926000.0,2229669000.0,524500000.0,2034877000.0,4592459220.0,5705697220.0,26.38174965220486,1.9558693304348127,0.3069190392214967,0.7265288953666976,0.0198065036892588,26.38174965220486,0.03011894900074623,7.034898646009335,23.373672740228017,2.81596182889224,0.17931596091205212,0.9383679694947569,0.0019179266658790274,0.16909853968464483,0.9809107420050492,0.012723621797594946,86.05590113555448,0.2460696893894251,-0.3362068965517241,1.301366459400107,0.6669221063616858,0.580945954495512,-0.08571054548766051,-0.34077732445780545,-0.19207144261802028,0.9562732399123017,0.49595250235842764,0.4553496545254098,Aerospace & Defense,Industrials,WWD
2018Q4,2018,Q4,2018-11-13,2018-09-30,74512000.0,719359000.0,86447000.0,1.16,175696000.0,0.24423966336696976,3790649000.0,1538104000.0,1114797000.0,591178000.0,2252545000.0,549596000.0,1966643000.0,4925713580.0,6091786580.0,24.92148157749765,1.885721390173518,0.3287120490448997,0.8101090693477164,0.029275896650234126,24.92148157749765,0.048444058399171964,6.8473649179338825,16.52657820216878,3.202458078257387,0.1180615202920335,0.9892047977059513,0.00178593413058337,0.18977198891271652,0.8765143493161113,0.019656792280160998,49.422205967932896,0.24423966336696976,0.5064935064935063,0.5584300017127364,0.41370323187917135,0.4772130798825874,0.09659218574460117,0.5170307632795162,0.306832955404384,0.5310445016775424,0.3151615228733246,0.3720491269355245,Aerospace & Defense,Industrials,WWD
2018Q3,2018,Q3,2018-08-08,2018-06-30,49117000.0,588117000.0,66150000.0,0.77,160220000.0,0.2724287854287497,3804064000.0,1466035000.0,1137114000.0,540034000.0,2338029000.0,589440000.0,1900928000.0,4735190880.0,5982477880.0,23.79617906765355,2.105634089705463,0.3563021021728341,0.9245318154068627,0.021162045901259093,23.79617906765355,0.03350329289546293,8.051443641316268,24.101588452063442,3.229930308621554,0.17883828409715577,0.7259381786102063,0.0018550466544233588,0.15460228849987803,0.929965520689438,0.012911717573626521,63.777050346146595,0.2724287854287497,0.28333333333333344,1.3019285867346855,0.34823157079651995,0.5291820376592302,0.09054030139261357,0.27613084257839904,-0.05853721019597797,0.18041449461904635,0.24978642341395382,0.3674975016492615,Aerospace & Defense,Industrials,WWD
2018Q2,2018,Q2,2018-04-25,2018-03-31,38489000.0,548249000.0,70263000.0,0.6,146918000.0,0.2679767769754254,2785751000.0,1456910000.0,1029250000.0,351980000.0,1328841000.0,508971000.0,1860595000.0,4399995660.0,4930239660.0,23.72778944968323,2.9241718279447695,0.22629122272593638,0.4326904201357668,0.02663312774929209,23.72778944968323,0.02641824134641124,8.025542518089408,28.579565979890354,3.02008748652971,0.2277533840837642,0.7885144733196979,0.0019922746923800375,0.1968047395477916,1.3914625831013125,0.013816382009734538,150.56618622318038,0.2679767769754254,1.0689655172413794,0.015114396914626816,0.26413109596803735,0.5268733139822521,0.19093090366719626,1.1078313253012049,0.6609852962034892,-0.06864236625547827,0.1795989425106146,0.29315260741936355,Aerospace & Defense,Industrials,WWD
2018Q1,2018,Q1,2018-01-24,2017-12-31,18260000.0,470148000.0,42302000.0,0.29,123364000.0,0.262393969558522,2725174000.0,1400546000.0,979242000.0,353120000.0,1324628000.0,503523000.0,1830872000.0,4687768840.0,5251628840.0,22.867550533912418,2.7731139555958313,0.2383844114173994,0.46384695682969357,0.010050506208456605,22.867550533912418,0.013037772411616612,9.970836502548133,64.1808439211391,3.347100944917197,0.41927710843373495,0.6887153119122662,0.0016331863326264184,0.17252036016782782,1.2348748300860897,0.006700489583417426,-151.30132136978344,0.262393969558522,-0.7040816326530612,-0.25419855491842347,0.2870020556861111,0.5058582160020181,-0.25600974585981884,-0.7065629620106705,-0.5331729495894765,-0.5551976415181559,0.028280665752737032,0.28500285257045205,Aerospace & Defense,Industrials,WWD
2017Q4,2017,Q4,2017-11-13,2017-09-30,62228000.0,606788000.0,90616000.0,0.98,165814000.0,0.2732651271943414,2757109000.0,1371383000.0,1021189000.0,427234000.0,1385726000.0,473505000.0,1820268000.0,4757725830.0,5283059830.0,22.370569140172584,2.3902334552025355,0.22229298877918863,0.44691089214318686,0.03275258722610916,22.370569140172584,0.04537609114302861,7.840837046876339,19.114087830237192,3.469290366002787,0.1232403419682458,0.9312974519804437,0.0016119045682798415,0.22008125177495702,1.1916420509603636,0.022570018087786883,49.31410093492817,0.2732651271943414,0.15294117647058825,0.5068411489643955,0.2817155335307762,0.5191833609313969,0.06413810807341805,0.16040726513258494,0.21391062051227092,0.2875372799805351,0.14707090433060746,0.2626781779459036,Aerospace & Defense,Industrials,WWD
2017Q3,2017,Q3,2017-07-25,2017-06-30,53626000.0,548622000.0,74648000.0,0.85,155820000.0,0.28402069184247075,2679323000.0,1308019000.0,965644000.0,437347000.0,1371304000.0,508315000.0,1765709000.0,4141843040.0,4743919040.0,21.342171387547317,2.20795844032313,0.2579300815915065,0.5283394201460376,0.029153128336921456,21.342171387547317,0.04099787541312473,7.549538735231179,19.30893148845709,3.1665006700973,0.1428598068101294,0.7727531156861395,0.0018496596626220777,0.20476142667382768,0.9571438697418755,0.0200147574592537,130.3204027436914,0.28402069184247075,0.4166666666666667,1.1307902424048835,0.34051085933834624,0.49995578113547756,0.15230171935662784,0.40732187376984647,0.35141300215435306,0.2524358306586759,0.12422688658313391,0.23922309760347954,Aerospace & Defense,Industrials,WWD
2017Q2,2017,Q2,2017-04-20,2017-03-31,38105000.0,500381000.0,55237000.0,0.6,135225000.0,0.27024407401560013,2607160000.0,1254792000.0,910523000.0,421054000.0,1352368000.0,506275000.0,1719744000.0,4164175200.0,4781567200.0,20.466351329310065,2.162485096923435,0.2670894766719342,0.5549485492416273,0.02147381626857708,20.466351329310065,0.030367582834445867,8.32200902911981,27.320398897782443,3.3186179063940475,0.2003936491274111,0.721260184682238,0.0018337364863995154,0.19192569692692432,0.890128107083652,0.014615520336304639,74.8306354226567,0.27024407401560013,-0.17808219178082194,0.10790163560150545,0.2026017856996661,0.43091077091805896,0.16875540190146932,-0.18138265876084902,0.12945241892610312,-0.07555433288101814,0.12717474033683895,0.20706036665485117,Aerospace & Defense,Industrials,WWD
2017Q1,2017,Q1,2017-01-25,2016-12-31,46548000.0,442894000.0,48906000.0,0.73,115700000.0,0.26123632291248017,2576215000.0,1222368000.0,884796000.0,416477000.0,1353847000.0,493764000.0,1689275000.0,4250648950.0,4889641950.0,19.856852775386216,2.1244774621407663,0.2794324231479127,0.5889208487133171,0.0249067028398875,19.856852775386216,0.03808018534516611,9.597440809764866,22.829385526768064,3.4773889287023216,0.14563461373206152,0.6626526032679579,0.0015948153046136638,0.17191655199585437,0.8566499470558998,0.01806836774104646,135.83385901000224,0.26123632291248017,-0.26262626262626265,0.83394156062323,0.21561978916187632,0.45865959968753206,-0.30141287284144425,-0.2628628438405625,-0.42516954830216624,1.19003895945644,0.13566707012197082,0.1899366599302171,Aerospace & Defense,Industrials,WWD
2016Q4,2016,Q4,2016-11-16,2016-09-30,63147000.0,590922000.0,85079000.0,0.99,165620000.0,0.28027387709376195,2642362000.0,1212595000.0,944424000.0,480613000.0,1429767000.0,461683000.0,1649506000.0,3844206960.0,4490269960.0,19.708339428218505,1.965040479554236,0.275190530290702,0.5996668302277347,0.03429690949310078,19.708339428218505,0.05207591982483847,6.5054388904119325,15.219277875433512,3.170231577732054,0.10713098009406623,0.9211991777908218,0.0017597907892035033,0.22363400624138555,0.9263503067956963,0.023897936770207868,148.8041712471936,0.28027387709376195,0.22222222222222213,0.6944659939675578,0.35105272754468014,0.4759323584390763,0.20941712549838618,0.2370364565988207,0.33536853340030137,0.3248292464451491,0.1649005027506951,0.16820569818840386,Aerospace & Defense,Industrials,WWD
2016Q3,2016,Q3,2016-07-21,2016-06-30,51047000.0,507664000.0,63712000.0,0.81,136942000.0,0.2697492829903243,2646066000.0,1158524000.0,950516000.0,451776000.0,1487542000.0,500043000.0,1593124000.0,3535695240.0,4202576240.0,18.886617433690354,2.103954171979034,0.29666682539286626,0.6775863080954732,0.026391100427819707,18.886617433690354,0.04406209970617786,6.964636531249015,17.31588163849002,3.051896413022087,0.13232903010950692,0.7413802412992483,0.0019105153418143583,0.19185613661941917,0.9164718798696699,0.01929165788003776,-124.00291937011188,0.2697492829903243,0.2461538461538462,0.5877644586361473,0.2984727854471327,0.4463653187648871,0.02776130828636401,0.250416421712718,0.1035820688699508,1.4027937637223236,0.16886239167216657,0.21368544292891845,Aerospace & Defense,Industrials,WWD
2016Q2,2016,Q2,2016-04-20,2016-03-31,40824000.0,479382000.0,57732000.0,0.65,133243000.0,0.27794744066318716,2569416000.0,1118961000.0,892221000.0,479250000.0,1450455000.0,492660000.0,1548832000.0,3206460780.0,3838715780.0,18.15345803793053,1.8617026604068858,0.27905173782680576,0.6407730028124304,0.023612464931420094,18.15345803793053,0.03648384528147094,6.6887383756586605,19.6358807319224,2.8655697383554926,0.16571134626690182,0.702592051313279,0.002109802821290083,0.18657235729831215,0.758017736045905,0.01588843534873294,12.409624320297231,0.27794744066318716,0.625,0.418977765020306,0.276545695564813,0.45602598618947776,0.1925125074955474,0.5940025770176877,0.7814119970377684,0.07254068369660091,0.10107233080724604,0.16816742214402883,Aerospace & Defense,Industrials,WWD
2016Q1,2016,Q1,2016-02-09,2015-12-31,25611000.0,445110000.0,32408000.0,0.4,111733000.0,0.25102334254453956,2516111000.0,1143007000.0,908057000.0,381455000.0,1373104000.0,469788000.0,1514564000.0,3131261640.0,3933839640.0,18.12743045643417,2.380508841147711,0.3525281674775079,0.7760232439521367,0.014625347677533772,18.12743045643417,0.0224066869231772,7.034804070903822,30.56559329975401,2.7394947187550027,0.24680801218226545,0.7096328556710687,0.0020186751305777185,0.17690396011940648,0.9539237917971976,0.010178803717324077,786.5515297663903,0.25102334254453956,-0.4805194805194805,0.2477946903266616,0.3305478097651558,0.5248402776150191,-0.300313106644123,-0.4883939272872553,-0.5763936997581858,0.016047639140282267,0.18352404759988622,0.19371508755801553,Aerospace & Defense,Industrials,WWD
2015Q4,2015,Q4,2015-11-12,2015-09-30,50060000.0,562625000.0,76505000.0,0.77,159690000.0,0.28383025994223504,2539965000.0,1153104000.0,947476000.0,338222000.0,1386861000.0,447664000.0,1495274000.0,2583798800.0,3354026800.0,18.16369478923823,2.801343496283506,0.3356069867104468,0.7392481510774397,0.02778582197202671,18.16369478923823,0.043413256740068545,4.592399555654299,12.903509788254096,2.2407335331418503,0.12706751897722732,0.9000835448014582,0.002461878997699047,0.22150895780059962,1.2602817084636717,0.019708932997108228,106.05856662014612,0.28383025994223504,0.16666666666666663,0.6606145367607823,0.48017216834278376,0.556114714679482,0.11368375537872501,0.14415011542065687,0.20851433536055602,0.1705498642170658,0.14760157448306363,0.2334948978698249,Aerospace & Defense,Industrials,WWD
2015Q3,2015,Q3,2015-07-21,2015-06-30,43753000.0,494810000.0,63305000.0,0.66,143389000.0,0.2897859784563772,2511736000.0,1127271000.0,969374000.0,314697000.0,1384465000.0,485903000.0,1451575000.0,3562307190.0,4353109190.0,17.401259628594804,3.08034077223488,0.3496330824577105,0.7790371614279087,0.02399491716676098,17.401259628594804,0.03881320463313613,7.199343566217336,20.354645338605355,3.1601160590488004,0.14931547551025073,0.7232328263048386,0.001833923817221389,0.19699920692302056,1.2291664680629304,0.017419426245433436,-97.11057410789739,0.2897859784563772,0.0,0.45715477074534383,0.4679598060275644,0.5911134246638722,0.04191977910187473,-0.0023258465397332116,0.02742838594498093,0.6447539330479901,0.14383501519686095,0.2229833368398303,Aerospace & Defense,Industrials,WWD
2015Q2,2015,Q2,2015-04-21,2015-03-31,43855000.0,493222000.0,61615000.0,0.66,137620000.0,0.2790224280344348,2464648000.0,1195589000.0,973073000.0,372289000.0,1269059000.0,475957000.0,1414355000.0,3323760590.0,3955999590.0,18.348792952623583,2.613757054331447,0.28929080339261426,0.5963587821567445,0.024583206659441276,18.348792952623583,0.0366806653456999,6.738873347093195,18.947443792041955,2.7800193795694,0.14826131569946413,0.747130518093021,0.0019562179115915207,0.20011863763101262,1.107035125937108,0.017793615964632678,151.7491024060631,0.2790224280344348,0.0,0.9137681371546762,0.4828233393614391,0.6943517844691112,-0.04354836467759198,0.001621596930385529,-0.01319688015503131,0.19976243112693576,0.11537364698977914,0.2828610750785714,Aerospace & Defense,Industrials,WWD
2015Q1,2015,Q1,2015-01-21,2014-12-31,43784000.0,487646000.0,62439000.0,0.66,143886000.0,0.2950624018242742,2354659000.0,1162452000.0,920430000.0,303689000.0,1192207000.0,467700000.0,1377002000.0,3215802060.0,3857340060.0,17.795719665656286,3.030830882909819,0.29728296114214414,0.6021754016509929,0.02571953979287769,17.795719665656286,0.037665211122695816,6.5945420653506845,18.361742074730493,2.7663955673008434,0.1199068152749863,0.7350010690613641,0.0016325631683935173,0.20709835267017432,1.213356427134338,0.018594624529496628,-366.8912789503708,0.2950624018242742,-0.14285714285714285,1.049605453428832,0.5040403953302375,0.6692781506356247,-0.14186541661448177,-0.1524911927528938,-0.2150480859890628,0.6256684789984254,0.261347392433859,0.30725133621548234,Aerospace & Defense,Industrials,WWD
2014Q4,2014,Q4,2014-11-12,2014-09-30,51662000.0,565447000.0,79545000.0,0.77,167673000.0,0.29653177044002355,2397202000.0,1160944000.0,1008644000.0,340016000.0,1236258000.0,451944000.0,1338468000.0,3120443360.0,3715156360.0,17.71676230008546,2.9664604018634417,0.296178628250769,0.6115712730329801,0.029256487698123796,17.71676230008546,0.04449999310905608,5.518542604346649,15.10028338043436,2.6878500254964925,0.10146722929813015,0.880140017347282,0.001679889488524477,0.23587791099790506,1.3785204225683498,0.021550958158720043,-169.74614371974107,0.29653177044002355,0.11594202898550736,1.2629015116161109,0.6182428504841008,0.7076574966317964,0.10519863162682169,0.1230625421186496,0.17153671683996582,0.3016378731707095,0.21387193527875017,0.3267856919507758,Aerospace & Defense,Industrials,WWD
2014Q3,2014,Q3,2014-07-22,2014-06-30,46001000.0,524284000.0,67898000.0,0.69,151713000.0,0.2893717908614415,2323073000.0,1133997000.0,986199000.0,324579000.0,1189076000.0,469036000.0,1292048000.0,3304102100.0,3873260100.0,17.222218847292886,3.038394350836006,0.28625876156280927,0.5864213044655321,0.02779305033329976,17.222218847292886,0.04056536304769766,6.302122704488407,17.956686267689832,2.9136779903297803,0.11449751092367558,0.794333483996964,0.0015940790691667793,0.22568554668751262,1.3092221000126318,0.01980178840699367,141.9531749441485,0.2893717908614415,0.045454545454545324,0.8950396486639827,0.3979805361908478,0.6922012536835553,0.06510857279256384,0.026853877405241304,0.08300634829489266,0.3329417614533112,0.24925512066364558,0.3189031937751387,Aerospace & Defense,Industrials,WWD
2014Q2,2014,Q2,2014-04-23,2014-03-31,44798000.0,482467000.0,62694000.0,0.66,142439000.0,0.2952305546286067,2238440000.0,1129798000.0,929251000.0,317911000.0,1108642000.0,458733000.0,1251314000.0,2767268490.0,3315603490.0,16.955532543934687,2.9229910257902367,0.2702775146977359,0.535493955556657,0.028524885653383406,16.955532543934687,0.03965133590252417,5.735663765604694,15.443035905620786,2.4493480161940453,0.11844278762444752,0.7412329176231054,0.001917414236881655,0.21553715980772323,1.2078128784471125,0.020013044799056485,56.706321516393444,0.2952305546286067,0.9411764705882353,1.4657171683327235,0.4659126147943672,0.7581366283684216,0.25412939353384517,0.9158362913227559,0.6352112676056338,0.4404058543176022,0.18847068463590813,0.3599445318939714,Aerospace & Defense,Industrials,WWD
2014Q1,2014,Q1,2014-01-22,2013-12-31,23383000.0,429042000.0,38340000.0,0.34,113576000.0,0.2647200041021625,2200173000.0,1130132000.0,910277000.0,272468000.0,1070041000.0,453408000.0,1211822000.0,3088891640.0,3628301640.0,16.68731911877621,3.3408583760294785,0.2699787698512799,0.5256023190211409,0.015783579295512776,16.68731911877621,0.020690503410221106,7.199508766041553,33.024971560535434,2.7332131467828535,0.23298977889920028,0.6957662855529677,0.0017637394363241566,0.19500375652278254,1.3651364563912092,0.010627800632041207,424.06529928610655,0.2647200041021625,-0.5526315789473684,-0.13598542203420522,0.2445602252944237,0.743095152341556,-0.3289413822238241,-0.5543123987420185,-0.5269469943737045,0.06068607701313397,0.19407878624283392,0.4037012238926272,Aerospace & Defense,Industrials,WWD
2013Q4,2013,Q4,2013-11-14,2013-09-30,52465000.0,558365000.0,81048000.0,0.76,169249000.0,0.3031153456968112,2205684000.0,1142545000.0,957113000.0,413096000.0,1063139000.0,431744000.0,1193887000.0,2765170920.0,3266614920.0,16.87060717027937,2.316926331893797,0.24935575540285915,0.48138147731599196,0.033407820199388774,16.87060717027937,0.0459194167406973,4.952264056665443,13.17626474792719,2.4201855681833098,0.10378347469741732,0.9012655647791283,0.0019691368662303164,0.2531482297554863,1.0740651083525379,0.0237862721949291,104.38546319365798,0.3031153456968112,1.2352941176470587,0.5239942306004776,0.5929134949340507,0.8146885799461596,0.26044668856170455,1.2171744918226768,0.9172067937739509,0.6314333997158547,0.3769972644433957,0.4453336927244149,Aerospace & Defense,Industrials,WWD
2013Q3,2013,Q3,2013-07-26,2013-06-30,23663000.0,483759000.0,42274000.0,0.34,134277000.0,0.2775700297048737,2121348000.0,1063200000.0,941453000.0,400198000.0,1058148000.0,447712000.0,1146867000.0,2800559770.0,3324731770.0,15.561377574169752,2.3524680283259785,0.27583593073837953,0.5503611738148985,0.017096359621593626,15.561377574169752,0.02225639578630549,5.789163137016573,29.58796190254828,2.6340855624529724,0.230528673456451,0.7805955614323493,0.001947824880738039,0.22804320648945858,1.0315168991349282,0.01115469974751903,321.94042648580296,0.2775700297048737,-0.44262295081967207,-0.2814942528591345,0.4434760739969088,0.7248609379945752,-0.022821712647275002,-0.44251519577816517,-0.25038124623186864,-0.2527802025644049,0.3607723446252996,0.42288071628089596,Aerospace & Defense,Industrials,WWD
2013Q2,2013,Q2,2013-04-23,2013-03-31,42446000.0,485513000.0,56394000.0,0.61,137413000.0,0.28302640711989174,2104566000.0,1068181000.0,935902000.0,378371000.0,1036385000.0,451730000.0,1128659000.0,2711674650.0,3212102650.0,15.54011667660794,2.473503519032907,0.2637531918694876,0.5196553767573099,0.029295506357862426,15.54011667660794,0.03973671128769375,5.585174135399052,15.971320324647788,2.538590978495218,0.12938792819111342,0.7705930533725899,0.002025316717106899,0.23069506967232198,1.067581817845448,0.020168528808314875,75.90836855807183,0.28302640711989174,0.564102564102564,0.40491822409831496,0.5617284839937249,0.8299129384252069,0.1570062138996009,0.5509353990061385,0.26265588966258424,0.7558637422280045,0.38366728626461816,0.4349949061964879,Aerospace & Defense,Industrials,WWD
2013Q1,2013,Q1,2013-01-23,2012-12-31,27368000.0,408339000.0,44663000.0,0.39,118766000.0,0.29085147389791327,2048817000.0,1039630000.0,897987000.0,367584000.0,1009187000.0,445672000.0,1091705000.0,2610417930.0,3130961930.0,15.18572617986883,2.442943653695482,0.2879710584205422,0.5675095947596741,0.01946363888028358,15.18572617986883,0.026324750151496205,6.3927715207217535,23.845530637971354,2.5109105450977753,0.20001461560947092,0.6497446552621658,0.002096982225371092,0.19930476953285725,1.021445438321581,0.013357952418395592,258.97003273809526,0.29085147389791327,-0.4090909090909091,0.07156320717714884,0.4882488803513907,0.8164623885828645,-0.2655481828244912,-0.4065786335349856,-0.3688992510950968,0.2224022166418229,0.20168856933541926,0.42445494702366565,Aerospace & Defense,Industrials,WWD
2012Q4,2012,Q4,2012-11-15,2012-09-30,46119000.0,528697000.0,70770000.0,0.66,161707000.0,0.30585949986476185,1859964000.0,1008115000.0,903477000.0,279868000.0,851849000.0,398229000.0,1069811000.0,2303028040.0,2633403040.0,14.725391098581674,3.228225449140309,0.21086644687746645,0.38904688453202263,0.03537655557614286,14.725391098581674,0.045747756952331825,4.356045220608402,12.484160758038987,2.284489408450425,0.11916997332986405,0.9215551855841739,0.00238642339760657,0.28425120056087105,1.513927994626038,0.024795641205958827,38.52248160042821,0.30585949986476185,0.65,0.2690875802102339,0.8029716751120254,0.8360792264513196,0.23638657389708692,0.6295314818740725,0.6064375539111091,0.9335615165091911,0.44824591835748856,0.41932956340486804,Aerospace & Defense,Industrials,WWD
2012Q3,2012,Q3,2012-07-24,2012-06-30,28302000.0,460241000.0,44054000.0,0.4,130790000.0,0.28417720281330866,1794237000.0,980659000.0,852239000.0,236192000.0,813578000.0,423994000.0,1029188000.0,2718283680.0,3092179680.0,14.228533704767708,3.6082466806665763,0.23062672322552707,0.4219601308915739,0.023711746181819763,14.228533704767708,0.02886018483489164,5.906218003176597,24.011409794360823,2.7718948992463233,0.1947565543071161,0.7770180710104388,0.002027750098547478,0.2565107062221992,1.4770356320281806,0.015773835897933217,72.05332343741716,0.28417720281330866,-0.27272727272727276,0.17696618305535122,0.7056047991947353,0.784285911103948,-0.10602114818080532,-0.26964465433150114,-0.27190691832214986,0.11386635308920968,0.17242415065656075,0.39805113306125023,Aerospace & Defense,Industrials,WWD
2012Q2,2012,Q2,2012-04-24,2012-03-31,38751000.0,468793000.0,60506000.0,0.55,146301000.0,0.31208017184556935,1816340000.0,988010000.0,862957000.0,255870000.0,828330000.0,416622000.0,1006398000.0,2958567910.0,3345466910.0,14.303024161443027,3.3726384492124906,0.24402259488862219,0.44860679547777854,0.03031588367321218,14.303024161443027,0.039221262942682765,6.311032609275309,19.08704233439137,2.994471624781126,0.1424479368274367,0.7740637796371771,0.0018657675496791283,0.258097602871709,1.449357095400008,0.021334662012618782,-877.6528952832987,0.31208017184556935,0.37500000000000006,0.8966319676845278,0.8139209803106968,0.8922458592626434,0.18475778630775958,0.3637035472972973,0.3051900427110747,1.0574223192373218,0.37397074458526325,0.48309530293502634,Aerospace & Defense,Industrials,WWD
2012Q1,2012,Q1,2012-01-24,2011-12-31,28416000.0,407896000.0,46358000.0,0.4,123486000.0,0.30273893345362546,1736363000.0,938200000.0,782960000.0,219450000.0,798163000.0,408479000.0,973166000.0,2820854670.0,3193125670.0,13.61308202382507,3.5678286625655047,0.24341165988909,0.4504913664463867,0.024094080837938528,13.61308202382507,0.030287785120443403,6.915622290976131,24.817485483530405,3.0066666702195692,0.16972832207207209,0.6962659035103396,0.0017097655016732926,0.2349140127957115,1.3973615857826385,0.016365241599826764,-188.9893253383358,0.30273893345362546,-0.33333333333333326,0.5726194710292732,0.7846904883484428,0.865053663969929,-0.1727838476945853,-0.3183976972895179,-0.28436684728075456,0.031780743678859386,0.1627040603089786,0.4219718047734952,Aerospace & Defense,Industrials,WWD
2011Q4,2011,Q4,2011-11-16,2011-09-30,41690000.0,489294000.0,64779000.0,0.6,149279000.0,0.3050905999256071,1781434000.0,919097000.0,817793000.0,280857000.0,862337000.0,381555000.0,949573000.0,1885942000.0,2236652000.0,13.353145430771466,2.9117771677401665,0.2387116222099724,0.46268130567285065,0.034193787180738136,13.353145430771466,0.045359738961176024,3.854414728159348,11.30931878148237,2.0519509910270624,0.11554329575437755,0.8911297191754793,0.002554161262647526,0.27466299621540846,1.3338068839302564,0.023402494844041374,36.12362090101134,0.3050905999256071,0.17647058823529405,1.4181022127815228,1.0822808223545874,0.9031249806637556,0.11380627639413249,0.15625693365875304,0.134503231229969,0.19154479068987545,0.37343694532134913,0.4363324493898433,Aerospace & Defense,Industrials,WWD
2011Q3,2011,Q3,2011-07-26,2011-06-30,36056000.0,438467000.0,57099000.0,0.51,134026000.0,0.3056695258708181,1762500000.0,898298000.0,799599000.0,276032000.0,864202000.0,387768000.0,912700000.0,2398123980.0,2794311980.0,13.057985550855465,2.8967619696267097,0.2659778723404255,0.5218602290108628,0.029612644181199858,13.057985550855465,0.040138127881838764,5.469337441586254,16.627773324828045,2.6696307684087017,0.1335700022187708,0.7851112005116462,0.0020082364548975485,0.24877560283687944,1.261976872246696,0.020457304964539007,169.9832704848313,0.3056695258708181,0.10869565217391301,0.24732524114862106,1.0208847162417543,0.9149478684668773,0.060785462143637316,0.12358990339669679,0.08345192690840782,0.0873282362748413,0.2993918048059633,0.44737887749438854,Aerospace & Defense,Industrials,WWD
2011Q2,2011,Q2,2011-04-27,2011-03-31,32090000.0,418866000.0,52701000.0,0.46,126346000.0,0.30163823275224055,1680816000.0,857187000.0,748754000.0,236314000.0,823629000.0,357780000.0,881460000.0,2376069120.0,2744970120.0,12.467811845473586,3.1684707634757143,0.2556615358254562,0.5013141823196106,0.028268963798281865,12.467811845473586,0.037436405358457374,5.672623512053974,18.51097787472733,2.7719378851989127,0.14995325646618884,0.8175974062272905,0.00202519361052931,0.2492039580775052,1.4105681423868244,0.01909191725923599,769.4524352331606,0.30163823275224055,0.43750000000000006,1.809455958081245,1.012638505484097,0.8928005840820512,0.21605805694046085,0.43265324344836825,0.35300762496469923,0.061913716872552906,0.3470540286442342,0.4681363521694727,Aerospace & Defense,Industrials,WWD
2011Q1,2011,Q1,2011-01-25,2010-12-31,22399000.0,365075000.0,38951000.0,0.32,103898000.0,0.28459357666232965,1609933000.0,818031000.0,679853000.0,204712000.0,791902000.0,325964000.0,854182000.0,2584541228.811,2954362228.811,11.888084753891093,3.3210217280862873,0.26779313176386843,0.5270325941192938,0.02219031329482324,11.888084753891093,0.027381602897689695,7.079480185745394,28.84661400967677,3.1594661190236066,0.18465110049555783,0.8012449227522057,0.001600284009360817,0.22676409515178583,1.4517077650552972,0.013913001348503323,-851.2981649575098,0.28459357666232965,-0.3191489361702127,0.7993815696897416,0.8629392615465358,0.8481163176263863,-0.16427634912846584,-0.3144912012241775,-0.28402845431318124,-0.12745319780379596,0.3237993597692392,0.4220102859720518,Aerospace & Defense,Industrials,WWD
2010Q4,2010,Q4,2010-11-18,2010-09-30,32675000.0,412003000.0,54403000.0,0.47,124321000.0,0.3017478028072611,1663233000.0,803194000.0,719142000.0,262565000.0,860039000.0,295034000.0,835919000.0,2230852482.378,2591115482.378,11.672465158186919,2.738910365052463,0.28008222540077066,0.5799869022925969,0.028289659461161354,11.672465158186919,0.04068132979081019,5.414651064137882,17.068496422172917,2.7774765279347204,0.12590665646518745,0.9750808381406889,0.0018441380738965939,0.24771213654370736,1.417789880600994,0.019645473604720444,162.91919100109544,0.3017478028072611,0.04444444444444436,1.8992482788787735,0.8907850290402984,0.8540712087490483,0.16841946974182573,0.02929595211844385,0.2115401745946909,-0.10543340323134241,0.397873286202581,0.4554160670468081,Aerospace & Defense,Industrials,WWD
2010Q3,2010,Q3,2010-07-29,2010-06-30,31745000.0,356367000.0,44904000.0,0.45,106401000.0,0.298571416545303,1577588000.0,749032000.0,634088000.0,211128000.0,828556000.0,289655000.0,807358000.0,1748524238.4889998,2123478238.4889998,10.936529953715196,3.0033344700844986,0.2875668425469768,0.6056643774898802,0.031265567761795975,10.936529953715196,0.04238136688419186,4.906526806603866,13.770075905567806,2.3343785559081587,0.15007087730351237,0.8629783708204588,0.0027245833344105345,0.22589357931221588,1.3373214353378045,0.020122490789737244,56.53165982828968,0.298571416545303,0.32352941176470584,0.6088175706133905,0.69616441414303,0.7531332283210788,0.01299554438478236,0.3189712481302975,0.04374506066663567,0.32849289417251515,0.3290081127535421,0.3714622123178866,Aerospace & Defense,Industrials,WWD
2010Q2,2010,Q2,2010-04-23,2010-03-31,24068000.0,349352000.0,43022000.0,0.34,105036000.0,0.30065950674391445,1598338000.0,741120000.0,633859000.0,219973000.0,854881000.0,291600000.0,779722000.0,2188583280.0,2579682280.0,10.829388041381728,2.8815309151577693,0.29008820412203173,0.6256193329015544,0.02410273477781968,10.829388041381728,0.03247517271157167,6.264693718656255,22.73333139438258,2.953075453367876,0.17055841781618747,0.8378463648834019,0.0018756425846404164,0.21857204170832453,1.2801252881035399,0.015058141644633363,36.748325609510374,0.30065950674391445,0.06250000000000006,0.8517788828328509,0.6563649971283554,0.7968087741463106,0.05292914711897029,0.07657899445339059,0.0855643309530418,0.18901957678394557,0.3644239374001795,0.43269454405966323,Aerospace & Defense,Industrials,WWD
2010Q1,2010,Q1,2010-01-21,2009-12-31,22356000.0,339308000.0,39631000.0,0.32,99756000.0,0.2939983731594893,1616753000.0,728778000.0,626206000.0,198299000.0,885787000.0,295179000.0,759759000.0,1761662970.0,2209746970.0,10.66072760784658,3.1578878360455676,0.324541844054101,0.7199778258948542,0.022536331743168884,10.66072760784658,0.03067600833175535,5.19192877857286,19.70011372785829,2.4172834114092354,0.18348541778493468,0.8115482469958907,0.0023284817072586816,0.20987002962109857,1.3717971346300284,0.013827715179746071,33.690890435846924,0.2939983731594893,-0.058823529411764754,0.8532255059464462,0.7820527443446826,0.8087457964940006,-0.02535392912624205,-0.061342738380148636,0.2516897226959762,0.2473414818615665,0.49671159150319794,0.46056778698618794,Aerospace & Defense,Industrials,WWD
2009Q4,2009,Q4,2009-11-20,2009-09-30,23817000.0,364527000.0,31662000.0,0.34,102351000.0,0.2807775555720152,1696422000.0,709238000.0,696244000.0,262078000.0,987184000.0,302339000.0,741505000.0,1658437860.0,2129914860.0,10.374892116850251,2.65662894252856,0.3373806753272476,0.8069787574833835,0.017943171521727735,10.374892116850251,0.03358111099518074,4.5495611024697755,17.408131376747704,2.3383375679250125,0.17130620985010706,0.8671590499406295,0.002460146441664085,0.2148799060611098,1.2469226718763116,0.01403954912162186,17.936426423828166,0.2807775555720152,-0.055555555555555455,2.550017844963726,0.8363268129440788,0.8276605221848773,0.03281566917930554,-0.047205664679761575,0.18615367324766793,0.39091047718928895,0.5619548393921512,0.4786565803266662,Aerospace & Defense,Industrials,WWD
2009Q3,2009,Q3,2009-07-24,2009-06-30,24997000.0,386193000.0,26693000.0,0.36,99099000.0,0.2566048581926653,1757888000.0,690079000.0,701991000.0,285308000.0,1067809000.0,340631000.0,721768000.0,1342538932.195,1967886932.195,10.17740579603274,2.4604672844785282,0.3941684566934867,1.00409373419565,0.018074697953626328,10.17740579603274,0.03622338891634146,3.476341964238088,13.427000562017442,1.9454858533515729,0.16293955274632957,0.8428299244637159,0.00303380401292408,0.21969147067389957,1.075420247592076,0.014219904794844723,22.091769630168994,0.2566048581926653,0.3333333333333332,2.0430956701069767,1.1392737120985648,0.8099347829318765,-0.0002320372873832247,0.3530908303561762,-0.4219541773138724,-0.12265059719780899,0.8058910797963067,0.4925121076090138,Aerospace & Defense,Industrials,WWD
2009Q2,2009,Q2,2009-04-23,2009-03-31,18474000.0,334661000.0,46178000.0,0.27,99122000.0,0.2961862900069025,1439707000.0,653422000.0,688323000.0,212317000.0,786285000.0,290625000.0,700844000.0,757489720.0,1062475720.0,9.644035776485522,3.2419589575964243,0.29996311749543486,0.6609189773224654,0.03168688970371715,9.644035776485522,0.028272693603827236,2.263453823421313,10.250754032694598,1.159265711898283,0.2202013640792465,0.8104567741935483,0.005370369910762617,0.232450769496849,1.562036954177009,0.012831777576965313,19.173557091148403,0.2961862900069025,-0.30769230769230765,1.026060300810097,0.9322059039546507,0.73211842135082,-0.013299090167034979,-0.31739580254212235,0.047452706074490765,0.6412088383210806,0.6317219992494649,0.46410908160016534,Aerospace & Defense,Industrials,WWD
2009Q1,2009,Q1,2009-01-21,2008-12-31,27064000.0,344744000.0,44086000.0,0.39,100458000.0,0.2913988350776228,1424436000.0,648367000.0,657697000.0,194237000.0,776069000.0,296422000.0,686438000.0,1559052520.0,1895669520.0,9.57338392936243,3.3860541503421078,0.30477817185187683,0.6695852811756304,0.028914898510588233,9.57338392936243,0.041741791300297516,4.522348525282529,14.40153451078924,2.404583391813587,0.15031037540644399,0.824115618948661,0.0026092770755407266,0.24202140355902266,1.5071639286026863,0.018999800622843007,-513.6911103789126,0.2913988350776228,-0.21999999999999997,2.653084722365694,1.1640227011875115,0.7552013289513417,-0.00247251928862939,-0.2138728323699422,-0.11482782853127196,1.2089661758918904,0.7873753371359454,0.4882739668360715,Aerospace & Defense,Industrials,WWD
2008Q4,2008,Q4,2008-11-20,2008-09-30,34427000.0,350541000.0,49805000.0,0.5,100707000.0,0.287290217121535,927017000.0,629628000.0,538055000.0,168844000.0,297389000.0,208317000.0,663442000.0,2388696020.0,2327791020.0,9.29669550837197,3.186698964724835,0.052780046104871865,0.07770937760074202,0.04986168626759234,9.29669550837197,0.05467831799094068,6.814312790800505,17.346094780259683,3.7938211451841406,0.11743689545995875,1.1992972249024323,0.001692555254477294,0.3781386964856092,1.705485536945346,0.03713739877477975,88.45711820471041,0.287290217121535,0.06382978723404262,18.801047533369115,1.2705683229402385,0.7414104866847684,0.02875618028030891,0.06210279508854199,0.020385166973980743,2.103640670849437,0.634492909325758,0.4767005294069727,Aerospace & Defense,Industrials,WWD
2008Q3,2008,Q3,2008-07-22,2008-06-30,32414000.0,329847000.0,48810000.0,0.47,97892000.0,0.2967800222527414,887833000.0,606672000.0,493647000.0,151395000.0,281161000.0,214983000.0,633058000.0,2397956700.0,2363755700.0,9.02181574838278,3.260655900128802,0.05268445755001222,0.07710097054091831,0.049315672148737166,9.02181574838278,0.05342920062241211,7.269906047349226,18.494760751527117,3.9526411306274225,0.12451409884617758,1.0789457771079574,0.0016830996156019,0.37151919336181466,1.6461441923445292,0.036509118268863626,50.398417402269864,0.2967800222527414,0.09302325581395345,195.77453166507817,1.3089753909353259,0.6780418729719957,0.02637980204663647,0.09086625832940701,0.12939053172289325,0.6731116543023005,0.5989829469860346,0.44620323221510716,Aerospace & Defense,Industrials,WWD
2008Q2,2008,Q2,2008-04-22,2008-03-31,29714000.0,305753000.0,43218000.0,0.43,95376000.0,0.31193806765591836,863830000.0,574103000.0,468639000.0,163233000.0,289727000.0,210369000.0,604680000.0,1806352092.397,1819905092.397,8.492271053059776,2.870981970557424,0.08542768831830337,0.1285396522923587,0.04541034445644113,8.492271053059776,0.05175726306951888,5.907880192171459,15.197819987186177,3.146390268639948,0.13687150837988826,1.0000380284167345,0.002251499038929424,0.3539504300614704,1.3661024425208137,0.03439797182315965,134.27132181647218,0.31193806765591836,0.19444444444444448,5.519096190479991,1.0703523385994798,0.5899926880537775,0.17410412024669777,0.17330700888450148,0.14539383017067742,1.3143492220527617,0.46751377344379813,0.4090350333978457,Aerospace & Defense,Industrials,WWD
2008Q1,2008,Q1,2008-01-23,2007-12-31,25325000.0,272063000.0,37732000.0,0.36,81233000.0,0.29858157853144307,821823000.0,567514000.0,432722000.0,135257000.0,254309000.0,191638000.0,579033000.0,2306358764.232,2300036764.232,8.360055388604088,3.1992577093976653,0.06670536113007303,0.09659673593955391,0.039894259421498005,8.360055388604088,0.04462444979330906,8.477296671109265,22.767608728845012,4.063968050536198,0.14712734452122408,0.9957837172168359,0.0016155335664964205,0.3310481697397128,1.5434690995660114,0.03081563791716708,-11589.742533829145,0.29858157853144307,-0.2941176470588236,3.039440220613889,0.8772354729109431,0.604578838881791,-0.008325703473112372,-0.2971915413220847,0.08052691867124857,1.1140955113360755,0.43892089629941183,0.4184036586269258,Aerospace & Defense,Industrials,WWD
2007Q4,2007,Q4,2007-11-29,2007-09-30,36034000.0,290765000.0,34920000.0,0.51,81915000.0,0.28172235310302135,829767000.0,544431000.0,438605000.0,162994000.0,285336000.0,172500000.0,565136000.0,2168893867.884,2163844867.884,8.020019444935478,2.6909272733965666,0.0802466234497154,0.12230383648249273,0.05598231443043839,8.020019444935478,0.06618653236130934,7.4592673392052,15.047551395099074,3.9837809894807608,0.1048454237664428,1.2107246376811593,0.0017419017389199703,0.3504176473636575,1.435157122348062,0.043426648685715386,41.955583090898536,0.28172235310302135,0.49999999999999994,10.193198871845363,0.9042337003003234,0.5329515528743033,-0.012727338467657374,0.5030449653791608,-0.047696964738607545,4.408750345508582,0.4750385978478757,0.4128217201273105,Aerospace & Defense,Industrials,WWD
2007Q3,2007,Q3,2007-07-25,2007-06-30,23974000.0,269026000.0,36669000.0,0.34,82971000.0,0.30841256978879367,809263000.0,547950000.0,426220000.0,133198000.0,261313000.0,188185000.0,532880000.0,1843940121.286,1842237121.286,7.974357481735891,3.1998978963648104,0.08250593441192788,0.12185235879186057,0.03850534610346058,7.974357481735891,0.043752167168537276,6.854133508605116,19.228540515621088,3.365161276185783,0.1575456744806874,0.9886813507984165,0.002048331155876063,0.3324333374934972,1.5501283803060106,0.029624485488648312,68.71911904319309,0.30841256978879367,0.17241379310344845,0.6228615866781779,0.5479952236897045,0.5361487618303135,0.03550657714100292,0.18320007896555127,0.1676909849377448,1.8799484003562186,0.4705259777137297,0.4181479315046075,Aerospace & Defense,Industrials,WWD
2007Q2,2007,Q2,2007-05-04,2007-03-31,20262000.0,256298000.0,31403000.0,0.29,80126000.0,0.3126282686560176,786838000.0,517805000.0,403102000.0,141387000.0,269033000.0,186428000.0,512684000.0,1410154771.496,1440929771.496,7.558755693098213,2.8510541987594333,0.08775758161146259,0.13335328936568785,0.0345186628946618,7.558755693098213,0.03913056073232201,5.50201238985868,17.39900764356924,2.723331701115285,0.18640805448623038,0.9449868045572554,0.0026784294010458653,0.32573159913476474,1.2425965612114267,0.02575117114323406,-1253.4709079964446,0.3126282686560176,0.13725490196078421,0.4751790446100452,0.45371739995330673,0.5271203380657952,0.16965432675464207,0.13277799519203892,0.18752836182120708,1.1978231697193071,0.4635667227873882,0.3575913945102582,Aerospace & Defense,Industrials,WWD
2007Q1,2007,Q1,2007-01-31,2006-12-31,17887000.0,226248000.0,26444000.0,0.255,68504000.0,0.3027827870301616,764778000.0,497969000.0,370959000.0,138421000.0,266809000.0,171641000.0,496198000.0,,,,,,,,,,,,,,,,,,,,,,,,,,,,,,,Aerospace & Defense,Industrials,WWD
