Quarters,Year,Quarter,FillingDate,Date,NetIncome,Revenue,OperatingIncome,EPSDiluted,GrossProfit,GrossProfitRatio,TotalAssets,CommonStockEquity,CurrentAssets,CurrentLiability,TotalLiability,Inventory,RetainedEarnings,MarketCap,EnterpriseValue,bookValuePerShare,currentRatio,debtToAssets,debtToEquity,roic,shareholdersEquityPerShare,roe,priceToSalesRatio,peRatio,pbRatio,payoutRatio,inventoryTurnover,dividendYield,assetTurnover,quickRatio,returnOnAssets,priceToFreeCashFlowsRatio,grossProfitMargin,epsdilutedGrowth,fiveYNetIncomeGrowthPerShare,fiveYRevenueGrowthPerShare,fiveYShareholdersEquityGrowthPerShare,grossProfitGrowth,netIncomeGrowth,operatingIncomeGrowth,threeYNetIncomeGrowthPerShare,threeYRevenueGrowthPerShare,threeYShareholdersEquityGrowthPerShare,Industry,Sector,Symbol
2023Q1,2023,Q1,2023-05-12,2023-03-31,7271000.0,25139000.0,15540000.0,1.54,25139000.0,1.0,2654183000.0,177341000.0,111184000.0,44658000.0,2476842000.0,0.0,216594000.0,195921500.0,261035500.0,37.56428722728236,2.489677101527162,0.071519183115859,1.0703954528281672,0.03266850439526572,37.56428722728236,0.041000107138225224,7.7935279844066985,6.736401457846238,1.1047727259911695,0.20011002613120615,0.0,0.007426443754258721,0.00947146447701609,16.65596309731739,0.002739449389887585,18.840417347821905,1.0,-0.025316455696202552,0.6730241315363492,0.2707521551531197,0.20546108137756403,-0.018582861604528596,-0.022583680602231482,0.25393367223432584,2.026489090869047,0.33792926915129834,-0.03449681025404897,Banks—Regional,Financial Services,CHMG
2022Q4,2022,Q4,2023-03-22,2022-12-31,7439000.0,25615000.0,12393000.0,1.58,25615000.0,1.0,2645553000.0,166388000.0,777927000.0,141991000.0,2479165000.0,0.0,211859000.0,215497260.0,361195260.0,35.416773094934015,5.478706396884309,0.07619087578287034,1.2114275067913551,0.025864124780678295,35.416773094934015,0.04470875303507464,8.412932266250245,7.24214477752386,1.2951490492102795,0.1949186718644979,0.0,0.006728623834938783,0.009682285707373846,5.478706396884309,0.0028118884785147,90.39314597315436,1.0,0.15328467153284667,4.526985555135561,0.31173182926216064,0.13687905464504196,0.06330427563304275,0.1527971486130482,0.3094885883347422,0.8376790192316184,0.32499227696654387,-0.05381769437058553,Banks—Regional,Financial Services,CHMG
2022Q3,2022,Q3,2022-11-09,2022-09-30,6453000.0,24090000.0,9464000.0,1.37,24090000.0,1.0,2551418000.0,155519000.0,769629000.0,53155000.0,2395899000.0,0.0,205874000.0,196454040.0,165655040.0,33.14556692242114,14.478957765026808,0.0045558979359712915,0.074743278956269,0.04284582544180245,33.14556692242114,0.04149332235932587,8.155003735990038,7.610957694095768,1.263215684257229,0.22439175577250892,0.0,0.007370680694578743,0.009441808437504164,14.53268742357257,0.002529181811839534,13.560712362808035,1.0,-0.20348837209302317,0.8074124702354705,0.24745850136469671,0.031683351124706334,0.05732092696629214,-0.1957876370887338,-0.18854497127668696,2.4249397878649996,0.2550325953156131,-0.11311520028612117,Banks—Regional,Financial Services,CHMG
2022Q2,2022,Q2,2022-08-11,2022-06-30,8024000.0,22784000.0,11663000.0,1.72,22784000.0,1.0,2449911000.0,174690000.0,94278000.0,81971000.0,2275221000.0,0.0,200870000.0,220430000.0,292861000.0,37.24733475479744,1.1501384636029814,0.04171539292651855,0.5850306256797756,0.03181354769794047,37.24733475479744,0.04593279523727746,9.674771769662922,6.867833998005982,1.2618352510160855,0.18058325024925223,0.0,0.006573515401714831,0.009299929670914576,9.671310585450952,0.0032752210182329074,18.710635769459298,1.0,0.17808219178082194,1.7764085045485891,0.23916864531054036,0.1757904266774808,0.029785310734463277,0.16848696665210428,0.12403623747108712,0.6713739930285191,0.18212768162559145,0.016024323055179743,Banks—Regional,Financial Services,CHMG
2022Q1,2022,Q1,2022-05-12,2022-03-31,6867000.0,22125000.0,10376000.0,1.46,22125000.0,1.0,2474895000.0,185510000.0,868893000.0,27631000.0,2289385000.0,0.0,194295000.0,218929410.0,164159410.0,39.562806568564724,31.446310303644456,0.004328668488966198,0.05774890841464072,0.03972885099641965,39.562806568564724,0.037016872405800226,9.895114576271187,7.970344036697247,1.180148832947011,0.21115479831076162,0.0,0.006623139394565583,0.0089397732024995,31.54894864463827,0.0027746631675283195,36.67773663930306,1.0,0.05797101449275368,1.3547880589590988,0.2401408778271887,0.2782252673629241,-0.01059833646364368,0.06399132321041215,0.5894607843137255,0.5929785190314749,0.1525865402202779,0.12091620275411614,Banks—Regional,Financial Services,CHMG
2021Q4,2021,Q4,2022-03-23,2021-12-31,6454000.0,22362000.0,6528000.0,1.38,22362000.0,1.0,2418788000.0,211455000.0,64164000.0,26040000.0,2207333000.0,0.0,188877000.0,217478900.0,230927900.0,45.16339171294319,2.4640552995391705,0.016714982875721228,0.19119907308883688,0.01971894174433404,45.16339171294319,0.030521860443120285,9.725377873177711,8.42419042454292,1.028487857936677,0.2238921599008367,0.0,0.006644322736596515,0.009245126071404356,33.1352534562212,0.002668278493195766,24.02285430244118,1.0,-0.028169014084507067,1.2272988616279752,0.26746530228812926,0.49960255896344874,-0.010793594620897106,-0.02888955762864881,0.0,0.16508443088639946,0.14913619202279424,0.3253810303994077,Banks—Regional,Financial Services,CHMG
2021Q3,2021,Q3,2021-11-10,2021-09-30,6646000.0,22606000.0,0.0,1.42,22606000.0,1.0,2417656000.0,206139000.0,0.0,0.0,2211517000.0,0.0,183873000.0,212185200.0,161374200.0,44.00918018787361,0.0,0.004502708408474986,0.052809026918729594,0.0,44.00918018787361,0.03224038149015955,9.386233743254003,7.981688233523924,1.0293306943373162,0.21787541378272646,0.0,0.006824227137425231,0.00935037904482689,0.0,0.002748943604880099,23.862483130904184,1.0,-0.020689655172413814,1.4629977025225582,0.2557704127995758,0.4481102643097102,0.014586418921951439,-0.021927888153053715,0.0,-0.01026970941573853,0.05099254600836851,0.3593721175737929,Banks—Regional,Financial Services,CHMG
2021Q2,2021,Q2,2021-08-12,2021-06-30,6795000.0,22281000.0,0.0,1.45,22281000.0,1.0,2380712000.0,203977000.0,1639021000.0,0.0,2176735000.0,0.0,178673000.0,207503730.0,161839730.0,43.556907964979715,0.0,0.004676332122491087,0.05457968300347588,0.0,43.556907964979715,0.033312579359437586,9.313034872761545,7.634427152317881,1.017289841501738,0.17821927888153052,0.0,0.0058360396702266506,0.009358964881094394,0.0,0.002854188158836516,22.97428365810452,1.0,0.043165467625899324,3.2607812815540425,0.2584660068954037,0.4457313133297313,0.05233079865866906,0.04058192955589587,0.0,1.7722176407673487,0.1395420127183589,0.38551028893742295,Banks—Regional,Financial Services,CHMG
2021Q1,2021,Q1,2021-05-12,2021-03-31,6530000.0,21173000.0,0.0,1.39,21173000.0,1.0,2442495000.0,194784000.0,1762272000.0,0.0,2247711000.0,0.0,173325000.0,196177620.0,50428620.0,41.522916222553825,0.0,0.004605945969183151,0.057756283883686546,0.0,41.522916222553825,0.033524314112042056,9.265461672885278,7.510628637059725,1.0071546944307541,0.18591117917304747,0.0,0.006188269589568881,0.008668595022712432,0.0,0.002673495749223642,24.16873475421954,1.0,0.25225225225225206,1.442604214957991,0.15800468062022102,0.3983654414668312,-0.03741589379887252,0.24785018154022548,0.0,0.5121323664123384,0.07711933531017222,0.3324959206263363,Banks—Regional,Financial Services,CHMG
2020Q4,2020,Q4,2021-03-24,2020-12-31,5233000.0,21996000.0,0.0,1.11,21996000.0,1.0,2279451000.0,199699000.0,1670483000.0,0.0,2079752000.0,0.0,168006000.0,159632900.0,62207900.0,42.4710761378137,0.0,0.0048752967271505285,0.05564875137081307,0.0,42.4710761378137,0.026204437678706453,7.25736042916894,7.626261226829734,0.7993675481599808,0.23485572329447735,0.0,0.0076989141962590405,0.009649691965302172,0.0,0.0022957282257877005,18.778131984472417,1.0,-0.0672268907563024,1.473019765531552,0.24197512416849906,0.4640009750603013,0.05208781747739991,-0.08369812642269304,0.0,3.4789641414797132,0.12544634555385728,0.36332230945743066,Banks—Regional,Financial Services,CHMG
2020Q3,2020,Q3,2020-11-05,2020-09-30,5711000.0,20907000.0,0.0,1.19,20907000.0,1.0,2165014000.0,197005000.0,1712816000.0,31097000.0,1968009000.0,0.0,163987000.0,137796510.0,-366490.0,41.27487953069348,55.0797826156864,0.00542213583838257,0.05958732011877871,0.0,41.27487953069348,0.02898911195147331,6.5909269622614435,6.032065750306427,0.6994569173371235,0.2183505515671511,0.0,0.009049576074169077,0.009656750487525716,18.875100492008876,0.002637858230939846,25.283763302752295,1.0,-0.008333333333333342,1.305391518215434,0.18944127855204165,0.4051725737291851,0.020650263620386643,-0.019907327956066586,0.0,0.5724409252877575,0.06425964660810253,0.284714970516604,Banks—Regional,Financial Services,CHMG
2020Q2,2020,Q2,2020-08-06,2020-06-30,5827000.0,20484000.0,0.0,1.2,20484000.0,1.0,2050921000.0,194589000.0,1676734000.0,0.0,1856332000.0,0.0,159505000.0,132405000.0,-11036000.0,40.12144329896907,0.0,0.005714993410277627,0.06023464841280853,0.0,40.12144329896907,0.02994516647909183,6.463825424721734,5.680667581946113,0.6804341458150256,0.21743607345117555,0.0,0.009569125033042558,0.009987707961447564,0.0,0.0028411625801286347,17.267214397496087,1.0,1.3580873553460788,1.199025400589673,0.11929151376906719,0.38618646159771153,0.05143209116107176,1.3392211963067042,0.0,0.949703486182219,0.07732395122855075,0.26651770511808626,Banks—Regional,Financial Services,CHMG
2020Q1,2020,Q1,2020-05-08,2020-03-31,2491000.0,19482000.0,0.0,0.508887,19482000.0,1.0,1841329000.0,190447000.0,1485213000.0,0.0,1650882000.0,0.0,154926000.0,161437099.99999997,28926099.99999997,38.90643513789581,0.0,0.006488248433604207,0.06273136358146886,0.0,38.90643513789581,0.013079754472372892,8.286474694589876,16.20203733440385,0.8476746811448854,0.5070252910477719,0.0,0.007823480476296961,0.01058040143830896,0.0,0.0013528272242494415,26.152130244613634,1.0,-0.41507241379310345,0.052378869618760246,0.07734439643838756,0.34360383394403554,-0.029635901778154106,-0.4074690770694577,0.0,-0.1817499479674027,0.046041269961369855,0.25701871959179634,Banks—Regional,Financial Services,CHMG
2019Q4,2019,Q4,2020-03-12,2019-12-31,4204000.0,20077000.0,0.0,0.87,20077000.0,1.0,1787827000.0,182627000.0,1445464000.0,0.0,1605200000.0,0.0,153701000.0,207357500.0,97622500.0,37.43123590899774,0.0,0.006806586990799445,0.06663308273146906,0.0,37.43123590899774,0.023019597321316126,10.328111769686705,12.330964557564224,1.135415354794198,0.29971455756422455,0.0,0.006076462148704532,0.011229833759082954,0.0,0.0023514579430783853,50.501095957135895,1.0,1.1749999999999998,-0.09805959081451555,-0.20199264197126085,0.3138857367066496,0.0075274752847894815,1.1492842535787322,0.0,0.39223591413215386,0.09200555135604883,0.2428645198099884,Banks—Regional,Financial Services,CHMG
2019Q3,2019,Q3,2019-11-06,2019-09-30,1956000.0,19927000.0,0.0,0.4,19927000.0,1.0,1793643000.0,182044000.0,1466906000.0,0.0,1611599000.0,0.0,150759000.0,204582000.0,70549000.0,37.37302401970848,0.0,0.006838038561742777,0.06737382171343191,0.0,37.37302401970848,0.010744655138318208,10.266572991418679,26.148006134969325,1.1238052338994968,0.6436605316973415,0.0,0.006154011594372916,0.01110979163635127,0.0,0.0010905180127818077,24.618772563176897,1.0,-0.6078431372549019,6.896008513053714,0.11772516816140738,0.25427345593997264,-0.0035005250787618143,-0.607307769524192,0.0,-0.3029382101946056,0.06445474142615734,0.22974932639498732,Banks—Regional,Financial Services,CHMG
2019Q2,2019,Q2,2019-08-08,2019-06-30,4981000.0,19997000.0,0.0,1.02,19997000.0,1.0,1752997000.0,178387000.0,1422856000.0,0.0,1574610000.0,0.0,150063000.0,236730900.0,132715900.0,36.659884915741884,0.0,0.007099270563497827,0.0697640523132291,0.0,36.659884915741884,0.02792243829427032,11.838320748112217,11.881695442682192,1.3270636313184256,0.25215820116442483,0.0,0.005305602268229454,0.011407321290338774,0.0,0.002841419580295916,39.547427330437685,1.0,0.10869565217391301,1.4825899128775535,0.10965188270927664,0.21029411187935362,0.005076397265782066,0.114816472694718,0.0,2.0058574104317737,0.08698539849975337,0.21680684056740765,Banks—Regional,Financial Services,CHMG
2019Q1,2019,Q1,2019-05-06,2019-03-31,4468000.0,19896000.0,0.0,0.92,19896000.0,1.0,1769572000.0,171534000.0,1441276000.0,0.0,1598038000.0,0.0,146340000.0,233814600.0,120653600.0,35.29506172839506,0.0,0.0071480561401288,0.0737404829363275,0.0,35.29506172839506,0.02604731423507876,11.751839565741857,13.082732766338408,1.3630802056735107,0.28066248880931066,0.0,0.005363223682353454,0.011243396708356597,0.0,0.0025249043271480336,32.83912921348315,1.0,-0.22033898305084737,1.083296577822439,0.1364885049183404,0.17476346380799837,-0.01157533906304337,-0.22024432809773123,0.0,0.6131778455794381,0.05032294546536021,0.18863025686567894,Banks—Regional,Financial Services,CHMG
2018Q4,2018,Q4,2019-03-13,2018-12-31,5730000.0,20129000.0,0.0,1.18,20129000.0,1.0,1755343000.0,165029000.0,1458146000.0,0.0,1590314000.0,0.0,143129000.0,200064330.0,74396330.0,34.0757794755317,0.0,0.0024519424408790762,0.02608026468075308,0.0,34.0757794755317,0.034721170218567646,9.93910924536738,8.728810209424084,1.2122980203479388,0.2181500872600349,0.0,0.0062479903339090976,0.011467274487094545,0.0,0.003264319281188919,27.07596833130329,1.0,-0.17482517482517484,2.7148036082943676,0.1666935529244329,0.14689353984303175,-0.09320659518875575,-0.17316017316017315,0.0,1.62905475034932,0.10346748818681333,0.1746105565171173,Banks—Regional,Financial Services,CHMG
2018Q3,2018,Q3,2018-10-31,2018-09-30,6930000.0,22198000.0,0.0,1.43,22198000.0,1.0,1753864000.0,156499000.0,1452336000.0,0.0,1597365000.0,0.0,138654000.0,206653500.0,97099500.0,32.374637980968146,0.0,0.002484799277481036,0.027846823302385318,0.0,32.374637980968146,0.04428143310819877,9.309554914857195,7.455032467532467,1.3204780861219558,0.18023088023088024,0.0,0.006043933444146845,0.012656625599248288,0.0,0.003951275583511606,22.273496443198965,1.0,1.7499999999999998,2.0658627341289653,0.3661511258185704,0.11921433221046332,0.10120051592419883,1.742382271468144,0.0,1.7621709519828186,0.24695253471548914,0.10217047009036542,Banks—Regional,Financial Services,CHMG
2018Q2,2018,Q2,2018-08-01,2018-06-30,2527000.0,20158000.0,0.0,0.52,20158000.0,1.0,1710166000.0,151780000.0,1389509000.0,73817000.0,1558386000.0,0.0,132973000.0,241931080.0,270477080.0,31.43744821872411,18.82369914789276,0.03704961974451603,0.41745289234418237,0.0,31.43744821872411,0.016649097377783636,12.001740252009128,23.934614166996436,1.5939588878640136,0.4895132568262762,0.0,0.005113026404048624,0.011787159842962613,4.475297018302017,0.0014776343349125172,88.61944322344323,1.0,-0.43478260869565216,-0.08150980961956153,0.24591728088461565,0.1037799221634906,-0.002375532020192022,-0.4307276413606668,0.0,-0.042001240178637156,0.10649730865378425,0.08615646708537543,Banks—Regional,Financial Services,CHMG
2018Q1,2018,Q1,2018-05-02,2018-03-31,4439000.0,20206000.0,0.0,0.92,20206000.0,1.0,1699954000.0,150262000.0,1365325000.0,0.0,1549692000.0,0.0,131694000.0,224078340.0,197538340.0,31.16175860638739,0.0,0.002625953408151044,0.029708109834821844,0.0,31.16175860638739,0.0295417337716788,11.089693160447393,12.619865960801983,1.4912508817931347,0.27776526244649696,0.0,0.005502539870654165,0.011886203979637097,0.0,0.00261124712786346,33.92556245268736,1.0,3.0492264937471054,0.7771435504970751,0.25099486262836657,0.09161575506932237,0.010855970783931163,3.0560444650301064,0.0,0.9037461016401831,0.13429719171113685,0.07614738249815041,Banks—Regional,Financial Services,CHMG
2017Q4,2017,Q4,2018-03-08,2017-12-31,-2159000.0,19989000.0,0.0,-0.4489498856311083,19989000.0,1.0,1707620000.0,149813000.0,1358658000.0,72611000.0,1557807000.0,0.0,128453000.0,231312900.0,264800900.0,31.152630484508215,18.711462450592887,0.03760614188168328,0.4286477141503074,0.0,31.152630484508215,-0.01441129941994353,11.572009605282906,-26.784726725335805,1.5440108668807113,-0.5697081982399259,0.0,0.005317472566380863,0.011705765919818227,4.852074754513779,-0.0012643328140921283,33.660200814901046,1.0,-1.5907235337251424,-1.9788547301867245,0.29223520668568054,0.10333206671760345,0.011384335154826957,-1.5908593322386426,0.0,-1.4699415239010356,-0.19392549394390424,0.09349840742632522,Banks—Regional,Financial Services,CHMG
2017Q3,2017,Q3,2017-11-01,2017-09-30,3654000.0,19764000.0,0.0,0.76,19764000.0,1.0,1731682000.0,154277000.0,1363200000.0,0.0,1577405000.0,0.0,130006000.0,226174200.0,183373200.0,32.12765514369013,0.0,0.00784035406038753,0.08800404467289356,0.0,32.12765514369013,0.023684671078644255,11.443746205221615,15.474425287356322,1.4660266922483587,0.3371647509578544,0.0,0.005447128806026505,0.011413180941997433,0.0,0.002110087186908451,31.491812865497074,1.0,0.22580645161290325,0.24632999554988622,0.20639424327951136,0.1222298409891368,0.05094118898223971,0.2361299052774019,0.0,12.172587596077394,0.12451157061543444,0.07823399645352487,Banks—Regional,Financial Services,CHMG
2017Q2,2017,Q2,2017-08-02,2017-06-30,2956000.0,18806000.0,0.0,0.62,18806000.0,1.0,1718572000.0,151962000.0,1336308000.0,0.0,1566610000.0,0.0,127585000.0,196101360.0,145213360.0,31.67854909318324,0.0,0.007947295778122768,0.0898777325910425,0.0,31.67854909318324,0.01945223147892236,10.427595448261194,16.58502706359946,1.2904631421013149,0.41610284167794315,0.0,0.006272266546239148,0.010942806004054529,0.0,0.0017200326782933738,106.11545454545454,1.0,0.0,0.16897932629801604,0.17302900475143695,0.12799031628353072,0.03187928669410151,-0.007720711648204095,0.0,0.49449773293109567,0.05857278787897376,0.0458396563022822,Banks—Regional,Financial Services,CHMG
2017Q1,2017,Q1,2017-05-03,2017-03-31,2979000.0,18225000.0,0.0,0.62,18225000.0,1.0,1736100000.0,148257000.0,1376223000.0,0.0,1587843000.0,0.0,125860000.0,189205000.0,77256000.0,30.95135699373695,0.0,0.007911986636714476,0.09264992546726293,0.0,30.95135699373695,0.02009348631093304,10.38161865569273,15.878230949983216,1.2761960649412845,0.4112118160456529,0.0,0.006474458920218811,0.010497667185069984,0.0,0.001715914981855884,30.219613480274717,1.0,0.0,-0.20129012401453641,0.04429828953920579,0.1152524187514086,0.013288112976759702,0.008463100880162491,0.0,0.40931863681604125,0.05625205757186445,0.03018727184341782,Banks—Regional,Financial Services,CHMG
2016Q4,2016,Q4,2017-03-08,2016-12-31,2954000.0,17986000.0,0.0,0.62,17986000.0,1.0,1657179000.0,143748000.0,1294606000.0,0.0,1513431000.0,0.0,124111000.0,173498550.0,113151550.0,30.1169076052797,0.0,0.008336456110052083,0.09610568494866016,0.0,30.1169076052797,0.020549851128363526,9.646311019681974,14.683357312119162,1.206963227314467,0.41367637102234256,0.0,0.00704328652890759,0.010853383973608162,0.0,0.0017825473289246364,108.36886321049344,1.0,0.06896551724137938,-0.029970735348157123,0.08969076910242707,0.11016968317019146,-0.017856167749686014,0.07613843351548269,0.0,0.9431877429600646,0.05777237786691854,0.013649204924190668,Banks—Regional,Financial Services,CHMG
2016Q3,2016,Q3,2016-11-02,2016-09-30,2745000.0,18313000.0,0.0,0.58,18313000.0,1.0,1728865000.0,144812000.0,1366291000.0,0.0,1584053000.0,0.0,122382000.0,138137350.0,26526350.0,30.390766002098637,0.0,0.013820049570093675,0.16499323260503274,0.0,30.390766002098637,0.01895561141341878,7.543130562988042,12.580815118397084,0.9539081705935971,0.44553734061930783,0.0,0.008853507034846116,0.010592498546734419,0.0,0.0015877468743944727,17.168450161570966,1.0,0.7031462060456507,-0.18822945690234885,0.09748887221331677,0.09516193034205908,0.01761502556123583,0.6933991363355954,0.0,0.23198540202987758,0.14337353016249002,0.050630462536715444,Banks—Regional,Financial Services,CHMG
2016Q2,2016,Q2,2016-08-05,2016-06-30,1621000.0,17996000.0,0.0,0.34054621848739497,17996000.0,1.0,1683932000.0,143409000.0,1324412000.0,0.0,1540523000.0,0.0,120860000.0,139706000.0,56322000.0,30.12794117647059,0.0,0.014234541537306732,0.1671443214860992,0.0,30.12794117647059,0.011303335216060358,7.763169593242943,21.546267735965454,0.9741787474984136,0.7520049352251696,0.0,0.008725466336449399,0.010686892344821525,0.0,0.0009626279445963376,26.29017689123071,1.0,-0.40255049388176317,-0.39802344750084584,0.08120082544111715,0.1025426694669659,-0.027978826833747434,-0.40118212042851864,0.0,-0.40239722708420467,0.1281791309106398,0.0578026669131662,Banks—Regional,Financial Services,CHMG
2016Q1,2016,Q1,2016-05-06,2016-03-31,2707000.0,18514000.0,0.0,0.57,18514000.0,1.0,1643226000.0,141046000.0,1259314000.0,0.0,1502180000.0,0.0,120460000.0,125162500.0,91315500.0,29.693894736842104,0.0,0.013395601091998301,0.15606256115026304,0.0,29.693894736842104,0.019192320235951393,6.760424543588636,11.559152198005172,0.8873878025608668,0.44846693756926487,0.0,0.00969939079197044,0.011266861648975855,0.0,0.0016473692602234872,22.823212983223925,1.0,0.26666666666666655,0.2405610155874998,0.09564870190728018,0.08726863969579994,0.03900331107245075,0.271488961953969,0.0,0.10016852751307653,0.16361425602270313,0.04019557219285869,Banks—Regional,Financial Services,CHMG
2015Q4,2015,Q4,2016-03-11,2015-12-31,2129000.0,17819000.0,0.0,0.45,17819000.0,1.0,1619964000.0,137242000.0,1214725000.0,30684000.0,1482722000.0,0.0,118973000.0,130097165.0,139888165.0,29.01027858677781,39.58822187459262,0.02220790091631666,0.26213549787965784,0.0,29.01027858677781,0.015512743912213462,7.301036253437342,15.276792508219822,0.9479398799201412,0.5683419445749178,0.0,0.009300740719446116,0.01099962715220832,12.920740451049406,0.0013142267359027731,35.208975642760485,1.0,-0.13461538461538464,-0.4648147954094083,-0.10744041563353345,0.07943475341826453,0.024610430682536943,-0.131374949000408,0.0,-0.018792405272536745,0.17099075710885317,0.027456434060042962,Banks—Regional,Financial Services,CHMG
2015Q3,2015,Q3,2015-11-06,2015-09-30,2451000.0,17391000.0,0.0,0.52,17391000.0,1.0,1631639000.0,138715000.0,1234780000.0,0.0,1492924000.0,0.0,118057000.0,132370245.47,79261245.47,29.37353055586201,0.0,0.013569177986061868,0.1596078290019104,0.0,29.37353055586201,0.0176693219911329,7.611422314415502,13.501657024683803,0.954260501531918,0.49367605059159525,0.0,0.009141027091879427,0.010658607694471632,0.0,0.001502170516885169,24.199313614259598,1.0,-0.05454545454545459,-0.26708505565031565,0.021603713960742132,0.08755896231374517,-0.022867737948084055,-0.048894062863795114,0.0,-0.14991433084937195,0.07942841246073906,0.026027339298949063,Banks—Regional,Financial Services,CHMG
2015Q2,2015,Q2,2015-08-07,2015-06-30,2577000.0,17798000.0,0.0,0.55,17798000.0,1.0,1553633000.0,136520000.0,1199206000.0,29843000.0,1417113000.0,0.0,116817000.0,124899116.32000001,133036116.32000001,28.943756421286423,40.18382870354857,0.024330713881592372,0.27688983299150305,0.0,28.943756421286423,0.018876355112803986,7.0175927812113725,12.116716755917734,0.9148777931438618,0.4691501746216531,0.0,0.00967981228067667,0.011455729892452079,11.562409945380827,0.0016586928830682665,193.64204080620155,1.0,0.14583333333333348,-0.2131546415657021,0.006095593394351647,0.09999269143636869,0.02357948010121923,0.13224956063268892,0.0,0.03644235630339763,0.1290465680822149,0.03061149877933576,Banks—Regional,Financial Services,CHMG
2015Q1,2015,Q1,2015-05-08,2015-03-31,2276000.0,17388000.0,0.0,0.48,17388000.0,1.0,1584772000.0,136293000.0,1254036000.0,0.0,1448479000.0,0.0,115450000.0,133201704.2,70587704.2,28.956775914883526,0.0,0.014045553555968935,0.16331726500994181,0.0,28.956775914883526,0.01669931691282751,7.660553496664367,14.631118651142355,0.9773187485784304,0.5289982425307557,0.0,0.009038923392393053,0.010971925299033552,0.0,0.0014361687359443504,42.165781639759416,1.0,-0.5384615384615385,-0.12811744881111767,0.043508550482929904,0.1323438965020656,-0.2811014181171704,-0.4920776612363312,0.0,-0.37898373252133905,0.013955344845523038,0.04338282760433226,Banks—Regional,Financial Services,CHMG
2014Q4,2014,Q4,2015-03-13,2014-12-31,4481000.0,24187000.0,0.0,1.04,24187000.0,1.0,1524539000.0,133628000.0,1178474000.0,57755000.0,1390911000.0,0.0,114383000.0,129739755.54,153692755.54000002,28.48895825813732,20.4047095489568,0.03484069610551124,0.3974915436884485,0.0,28.48895825813732,0.03353339120543598,5.364028426013975,7.238326017629993,0.9709024720866885,0.26802053113144386,0.0,0.009256992931744196,0.015865123817757367,5.923798805298243,0.002939249176308379,23.246686174520697,1.0,16.27005918495298,1.675397601825718,0.40173734196850097,0.14051382683518862,0.41089657586186784,15.047021943573668,0.0,0.49733792416186845,0.4911496205507899,0.05016020163174347,Banks—Regional,Financial Services,CHMG
2014Q3,2014,Q3,2014-11-17,2014-09-30,-319000.0,17143000.0,0.0,-0.06810713615470525,17143000.0,1.0,1523557000.0,139561000.0,1169908000.0,0.0,1383996000.0,0.0,111105000.0,131567857.73,123666857.73,29.796551814692226,0.0,0.01780373166215639,0.19435945572187072,0.0,29.796551814692226,-0.0022857388525447655,7.6747277448521265,-103.10960637147336,0.9427265334154957,-3.761755485893417,0.0,0.009120768709806066,0.011251958410482836,0.0,-0.0002093784479346687,29.672498360396933,1.0,-1.1661149662309884,-1.1619643604848822,0.009588303173800144,0.23484846714106122,-0.011075858090568215,-1.1652849740932643,0.0,-1.0959724237897805,0.045182900919710625,0.0737488222791789,Banks—Regional,Financial Services,CHMG
2014Q2,2014,Q2,2014-08-08,2014-06-30,1930000.0,17335000.0,0.0,0.41,17335000.0,1.0,1515881000.0,141781000.0,1166289000.0,0.0,1374100000.0,0.0,112624000.0,138270123.04,96508123.03999999,30.290063015192352,0.0,0.016175412186048906,0.17294277794626925,0.0,30.290063015192352,0.01361254328859297,7.976355525814825,17.910637699481864,0.9752373240420085,0.622279792746114,0.0,0.008685896660788854,0.011435594218807413,0.0,0.0012731870113815002,40.1248180615206,1.0,-0.06818181818181825,1.138025161379485,0.12092568893496429,0.3016774150240576,0.02890550807217474,-0.06492248062015504,0.0,-0.2711419345378609,0.05911550136871585,0.10847557552902312,Banks—Regional,Financial Services,CHMG
2014Q1,2014,Q1,2014-05-09,2014-03-31,2064000.0,16848000.0,0.0,0.44,16848000.0,1.0,1497531000.0,140523000.0,1096650000.0,0.0,1357008000.0,0.0,111895000.0,126845067.36,94886067.36,30.044398566828118,0.0,0.01682035296765142,0.179251795079809,0.0,30.044398566828118,0.014687987019918447,7.528790797720798,15.363985872093025,0.902664100254051,0.5784883720930233,0.0,0.009413058188627069,0.011250518353209383,0.0,0.001378268630165252,52.94034530884808,1.0,0.375,-0.08466100771673295,0.07351608122160129,0.2945756693214321,0.013971721455323858,0.38942087941455833,0.0,-0.03938518992476819,0.012579508549661752,0.10010265240495896,Banks—Regional,Financial Services,CHMG
2013Q4,2013,Q4,2014-03-14,2013-12-31,1485511.0,16615848.0,0.0,0.32,16615848.0,1.0,1476143453.0,138577994.0,1065025674.0,0.0,1337565459.0,0.0,111031089.0,159373663.8,133006827.80000001,29.711371013734578,0.0,0.01710038949717172,0.18215466447003123,0.0,29.711371013734578,0.010719674582675804,9.59166596853799,26.821353695798955,1.1500647339432553,0.8041145437495919,0.0,0.007495096564379792,0.011256255593744113,0.0,0.0010063459597920257,25.846430259786576,1.0,-0.3191489361702127,-0.25440594277821377,0.003204301927113702,0.287390272384251,0.060710393920648996,-0.31831339454930085,0.0,-0.6212367185969223,-0.1558104695537613,0.10552149121885956,Banks—Regional,Financial Services,CHMG
2013Q3,2013,Q3,2013-11-07,2013-09-30,2179170.0,15664830.0,0.0,0.47,15664830.0,1.0,1341090768.0,134805896.0,1023566549.0,61294266.0,1206284872.0,0.0,110740100.0,161387435.68,196604111.68,28.92621819542625,16.699221897852567,0.056033436955253126,0.5574379699238081,0.0,28.92621819542625,0.016165242505416826,10.302533489351624,18.51478265578179,1.197183806263192,0.548368874387955,0.0,0.0074044735574672095,0.011680663511957007,5.166836078924577,0.0016249235711687487,53.771990901364035,1.0,-0.17543859649122803,-0.30119383706012076,-0.008084529491788579,0.1813047870937905,0.003455087418765858,-0.1790988270580165,0.0,-0.3396846026337314,-0.06753263491634957,0.07099716135418904,Banks—Regional,Financial Services,CHMG
2013Q2,2013,Q2,2013-08-08,2013-06-30,2654607.0,15610893.0,0.0,0.57,15610893.0,1.0,1257160487.0,132678812.0,973351541.0,0.0,1124481675.0,0.0,109755452.0,154752048.0,156096272.0,28.481627168126394,0.0,0.020762050883643465,0.19672492997600852,0.0,28.481627168126394,0.020007768836519276,9.913081077424591,14.573913200711065,1.166365945453295,0.4498281666551772,0.0,0.007716324374589214,0.012417581654393819,0.0,0.002111589592140912,22.261548951743066,1.0,0.10026502875166239,-0.09689290698233885,0.0135312557175599,0.1732290554334361,0.0009906740065030535,0.10068920393669706,0.0,-0.17930873356521035,-0.10648798004561955,0.08242970501622572,Banks—Regional,Financial Services,CHMG
2013Q1,2013,Q1,2013-05-10,2013-03-31,2411768.0,15595443.0,0.0,0.518057,15595443.0,1.0,1279971792.0,132908349.0,982848753.0,0.0,1147063443.0,0.0,108295833.0,154807411.5,135828304.5,28.546453696436878,0.0,0.021217467579941793,0.20433449218453537,0.0,28.546453696436878,0.018146098556983806,9.926451688483617,16.04708781068494,1.1647681478610499,0.0,0.0,0.0,0.012184208353241584,0.0,0.001884235273834847,49.24307083282969,1.0,0.12621086956521732,-0.13033726756853087,0.024248369613011283,0.14404469225395095,0.044093294500459235,0.13238007683271183,0.0,-0.0660051027112208,-0.053833989491791086,0.11629839955092071,Banks—Regional,Financial Services,CHMG
2012Q4,2012,Q4,2013-03-15,2012-12-31,2129822.0,14936829.0,0.0,0.46,14936829.0,1.0,1248159708.0,131114937.0,949924603.0,0.0,1117044771.0,0.0,107078182.0,138800043.55,125784185.55000001,28.235044937275166,0.0,0.021812403353113206,0.20764501454170703,0.0,28.235044937275166,0.016243931078577262,9.292470547128845,16.292446452097874,1.0586135090771542,1.0737761183798458,0.0,0.016476594253921617,0.011967081539536446,0.0,0.0017063697749166568,21.903544199065912,1.0,-0.24590163934426224,0.038503279606103016,0.04167228646582911,0.15249933666192683,-0.05673825105637432,-0.24843384165330143,0.0,0.28444026194092936,-0.12561991060000682,0.13034877795425212,Banks—Regional,Financial Services,CHMG
2012Q3,2012,Q3,2012-11-13,2012-09-30,2833845.0,15835296.0,0.0,0.61,15835296.0,1.0,1286979857.0,132880107.0,974803855.0,0.0,1154099750.0,0.0,106091543.0,110329572.19,57143577.19,28.62840923511062,0.0,0.021791903616406018,0.21106049380288353,0.0,28.62840923511062,0.021326329907305087,6.967319852435976,9.733204549825414,0.8302941251394387,0.4030149849409548,0.0,0.010351549247677727,0.012304229871097354,0.0,0.002201934229651273,66.69385220299722,1.0,0.150943396226415,0.016106500840938863,0.12340677309758996,0.18653700900636327,0.021945638413027792,0.15949207050621103,0.0,0.45191162165812676,-0.058936384352504395,0.1864375274199326,Banks—Regional,Financial Services,CHMG
2012Q2,2012,Q2,2012-08-13,2012-06-30,2444040.0,15495243.0,0.0,0.53,15495243.0,1.0,1267459097.0,130208801.0,947746980.0,0.0,1137250296.0,0.0,104401468.0,118228072.5,85180600.5,28.084061215664324,0.0,0.032449010857507773,0.31586032345079346,0.0,28.084061215664324,0.01877015978359251,7.629959239748612,12.093508340698188,0.9079883355964549,0.4680463494869151,0.0,0.009675570072412371,0.012225438309351612,0.0,0.001928298913775519,13.563360787837265,1.0,-0.3205128205128205,0.041773972770464636,0.1267988906197693,0.20196839502610123,-0.08381183877469811,-0.32382966208912745,0.0,1.7333877381306968,0.011553360347197261,0.206877258335449,Banks—Regional,Financial Services,CHMG
2012Q1,2012,Q1,2012-05-14,2012-03-31,3614533.0,16912730.0,0.0,0.78,16912730.0,1.0,1254494946.0,128828746.0,934636229.0,0.0,1125666200.0,0.0,103099510.0,117907104.8,50620036.8,27.752781767905812,0.0,0.03445796345201059,0.33554111440314727,0.0,27.752781767905812,0.02805688258426423,6.97150044966129,8.155071817023112,0.9152235697458392,0.3156925113147397,0.0,0.009677796787017707,0.013481704373482586,0.0,0.002881265493755126,28.168349331466068,1.0,0.2225324138601666,0.6525073445205933,0.32493819195670987,0.21075023172403937,0.05358013653589929,0.22042674197486845,0.0,0.6151099912688456,0.08580429651678684,0.19583275906831857,Banks—Regional,Financial Services,CHMG
2011Q4,2011,Q4,2012-03-28,2011-12-31,2961696.0,16052628.0,0.0,0.638019893098079,16052628.0,1.0,1216259587.0,125929440.0,873846913.0,0.0,1090330147.0,0.0,100628900.0,105373672.39999999,95815737.39999999,27.128202167508398,0.0,0.03563706174510919,0.3441920967805463,0.0,27.128202167508398,0.02351869427831967,6.564263022852083,8.894706985456981,0.8367675771447884,0.385594942897583,0.0,0.010837764063730212,0.013198356807690265,0.0,0.0024350854304920682,-26.979970022731308,1.0,-0.10138043225622664,0.6948781905361736,0.27295720397253437,0.19720541368547553,-0.011501833410091044,-0.10004557968240077,0.0,0.4935933234315824,-0.02618079364860647,0.1754618648052018,Banks—Regional,Financial Services,CHMG
2011Q3,2011,Q3,2011-11-14,2011-09-30,3290940.0,16239411.0,0.0,0.71,16239411.0,1.0,1265922566.0,128687723.0,926372480.0,0.0,1137234843.0,0.0,98808285.0,106660016.0,32123446.0,27.750020485652282,0.0,0.034706841618936744,0.3414169819447345,0.0,27.750020485652282,0.02557306884666846,6.567973185726995,8.10254942356895,0.8288282169698503,0.3470060225953679,0.0,0.010706692562281258,0.012828123485714054,0.0,0.0025996376779968073,27.640449275144487,1.0,0.24561403508771934,0.40276791890925123,0.27986377406496676,0.22085821863279406,0.002733597857134918,0.25603411162305006,0.0,0.06054475480872409,0.03338623456887526,0.13327057896683805,Banks—Regional,Financial Services,CHMG
2011Q2,2011,Q2,2011-08-19,2011-06-30,2620104.0,16195140.0,0.0,0.57,16195140.0,1.0,1237036123.0,126559891.0,891199303.0,0.0,1110476232.0,0.0,96659359.0,106061441.6,66213803.599999994,27.325873193675317,0.0,0.035646639722258136,0.3484214521012822,0.0,27.325873193675317,0.020702483063927416,6.548967258078658,10.119964856356846,0.838033604185073,0.3402166478887861,0.0,0.008404590646258009,0.013091889314213664,0.0,0.002118049708723017,17.659821056461205,1.0,0.23913043478260854,0.14848300234143666,0.301329705911317,0.2531953399190703,0.256052382864724,0.5736218592625292,0.0,-0.10345461000653212,0.05756931027100742,0.12562067492362708,Banks—Regional,Financial Services,CHMG
2011Q1,2011,Q1,2011-05-13,2011-03-31,1665015.0,12893682.0,0.0,0.46,12893682.0,1.0,986766275.0,98985581.0,704300548.0,0.0,887780694.0,0.0,95181232.0,84993258.7,26972319.700000003,27.31054097646923,0.0,0.02026822410403112,0.20204962983447053,0.0,27.31054097646923,0.016820783220942048,6.591853180495688,12.761635585865593,0.8586428229380196,0.5292462830665189,0.0,0.010367916390997255,0.013066601815105609,0.0,0.0016873448578286687,134.67777561219867,1.0,-0.45295707213966013,0.05475021176447804,0.399298309645281,0.23617013904584563,-0.15700625886312683,-0.45368881410854794,0.0,-0.22875573571121594,0.08778480047026056,0.09451351747462568,Banks—Regional,Financial Services,CHMG
2010Q4,2010,Q4,2011-03-16,2010-12-31,3047741.0,15295110.0,0.0,0.840884648302113,15295110.0,1.0,958327285.0,97408563.0,688346333.0,0.0,860918722.0,0.0,94407620.0,81550035.0,40930258.0,26.875435032002134,0.0,0.020869696932400292,0.2053207580939265,0.0,26.875435032002134,0.03128822462969708,5.33177172311935,6.689383628726982,0.8371957504393119,0.2881580160518889,0.0,0.010769228977032322,0.01596021551238625,0.0,0.00318027154992253,10.590949398010954,1.0,0.1843445750733986,1.3591099821322374,0.5962085773562673,0.2135740232429991,0.1778790136352666,0.19475400402048504,0.0,0.9039900512167482,0.3666187005921067,0.09700271827767523,Banks—Regional,Financial Services,CHMG
2010Q3,2010,Q3,2010-11-09,2010-09-30,2550936.0,12985298.0,0.0,0.71,12985298.0,1.0,972699938.0,97292742.0,679965241.0,0.0,875407196.0,0.0,92241081.0,79250094.0,26134630.0,27.00867867740321,0.0,0.020561325459856256,0.20556517977466396,0.0,27.00867867740321,0.02621918087168311,6.103063171904102,7.766766198759985,0.8145529910134509,0.34474679098182,0.0,0.01109685750025735,0.013349746918561025,0.0,0.0026225312661631935,21.892200446683233,1.0,0.02898550724637684,0.33142635154116606,0.369280411485537,0.22006481674293318,-0.03953269622688136,0.019147753763570165,0.0,0.17855091010881602,0.186993716899283,0.11940543227239207,Banks—Regional,Financial Services,CHMG
2010Q2,2010,Q2,2010-08-09,2010-06-30,2503009.0,13519771.0,0.0,0.69,13519771.0,1.0,1000980341.0,94851425.0,690559234.0,0.0,906128916.0,0.0,90568377.0,73032842.80000001,7621392.800000012,26.3126806628976,0.0,0.019980412382544485,0.2108560836065457,0.0,26.3126806628976,0.026388733748596818,5.401928982376996,7.294504614246294,0.7699709603730255,0.35226561310806315,0.0,0.012072979308974673,0.01350652999487829,0.0,0.002500557600861014,16.450935592239915,1.0,0.25454545454545435,0.46749756101070883,0.46876267973192287,0.18437230725006165,0.0589108228471712,0.25138749526919235,0.0,0.3722374536494528,0.26450053923895844,0.12615516332719343,Banks—Regional,Financial Services,CHMG
2010Q1,2010,Q1,2010-05-10,2010-03-31,2000187.0,12767620.0,0.0,0.55,12767620.0,1.0,1008041373.0,92225610.0,690811617.0,0.0,915815763.0,0.0,88944794.0,72128960.0,4400856.0,25.57242195090571,0.0,0.01984045549685985,0.21685950355871866,0.0,25.57242195090571,0.021687977992230142,5.649366130884221,9.015277071593806,0.7820925228903338,0.440002859732615,0.0,0.012201590040948878,0.012665769820540887,0.0,0.0019842310579448806,11483.674574112403,1.0,0.5402704320809821,0.3053369662996872,0.47093417040032204,0.18862051970267787,-0.037643881910988004,0.5531922493634448,0.0,0.17703232124085938,0.2874146174487392,0.11562927499430757,Banks—Regional,Financial Services,CHMG
2009Q4,2009,Q4,2010-03-15,2009-12-31,1287791.0,13267043.0,0.0,0.3570801519944278,13267043.0,1.0,975918693.0,90085665.0,692262766.0,0.0,885833028.0,0.0,87826331.0,73751861.6,14013465.599999994,24.979055569357996,0.0,0.020493510518298886,0.2220109048426295,0.0,24.979055569357996,0.014295182257909735,5.559027855717359,14.3175137891164,0.818685876382219,0.6838904760166828,0.0,0.011941501962033188,0.01359441426336118,0.0,0.0013195679201935318,163.6094360885576,1.0,-0.14980916191802907,-0.4710814712617909,0.2884047938035621,0.1299833703911547,0.014939925420861718,-0.1506574569274532,0.0,-0.05142869613367584,0.3541550152437144,0.10236057560066336,Banks—Regional,Financial Services,CHMG
2009Q3,2009,Q3,2009-11-09,2009-09-30,1516221.0,13071752.0,0.0,0.42,13071752.0,1.0,968637508.0,87004495.0,691541513.0,0.0,881633013.0,0.0,87418629.0,73736524.1,17852303.099999994,24.129723287973647,0.0,0.020647558900847355,0.22987318069026202,0.0,24.129723287973647,0.01742692719496849,5.640905985670474,12.157944669675462,0.847502466395558,0.5810228192328163,0.0,0.011947389855334936,0.01349498846786346,0.0,0.001565313120210084,10.71752582669028,1.0,1.2105263157894737,-0.2260393861695511,0.4410068178623943,0.10637983792901844,0.09812419825415773,1.1821404310682295,0.0,-0.16878604163763797,0.32498735172943866,0.06158375647647025,Banks—Regional,Financial Services,CHMG
2009Q2,2009,Q2,2009-08-07,2009-06-30,694832.0,11903710.0,0.0,0.19,11903710.0,1.0,950731900.0,83839751.0,698267987.0,0.0,866892149.0,0.0,86783115.0,68455252.0,20219871.0,23.270022714984673,0.0,0.02103642467450603,0.23855032680142382,0.0,23.270022714984673,0.008287620033604346,5.75074930420852,24.630145128606628,0.8165011367936911,1.2663910125037419,0.0,0.012854075827520144,0.012520574938108209,0.0,0.0007308390514718187,22.25474904940988,1.0,-0.6041666666666666,-0.6373519918607948,0.283754607888625,0.12643977973495227,-0.013667304793508075,-0.5992874242138512,0.0,-0.6084793039747802,0.2295716634273997,0.06718946617154539,Banks—Regional,Financial Services,CHMG
2009Q1,2009,Q1,2009-05-08,2009-03-31,1733991.0,12068656.0,0.0,0.48,12068656.0,1.0,882076458.0,83471666.0,642568968.0,0.0,798604792.0,0.0,86722698.0,62042902.5,5935333.5,23.207912274897197,0.0,0.022673771438529878,0.2396022621616298,0.0,23.207912274897197,0.02077340830839533,5.140829475958218,8.945101574921669,0.7432809895036718,0.5048688257320828,0.0,0.014110203822266375,0.013682097385712112,0.0,0.001965805780523393,-17.49367772987574,1.0,0.12367153908937897,-0.15381889257173814,0.3144729226894549,0.06959541077780389,-0.05508149518257122,0.12860501353161477,0.0,0.10692178842239262,0.3198691845236609,0.050470884796527594,Banks—Regional,Financial Services,CHMG
2008Q4,2008,Q4,2009-03-13,2008-12-31,1536402.0,12772166.0,0.0,0.42717109342200743,12772166.0,1.0,838318107.0,83007145.0,598675274.0,0.0,755310962.0,0.0,85868637.0,71933800.0,68282420.0,23.07875991536663,0.0,0.02385729215795168,0.24094311399337973,0.0,23.07875991536663,0.01850927411128283,5.632075248630499,11.704911865514365,0.8665976886688489,0.5710842604995308,0.0,0.012197534399684153,0.015235464787592856,0.0,0.0018327195693030641,20.136319573075472,1.0,-0.3624312038477501,-0.3599163701101892,0.3747818743491347,0.09593371143708915,0.04926192792883382,-0.36079397239984856,0.0,0.19843261808263893,0.3431985556921453,0.042133215280059665,Banks—Regional,Financial Services,CHMG
2008Q3,2008,Q3,2008-11-07,2008-09-30,2403610.0,12172524.0,0.0,0.67,12172524.0,1.0,862719970.0,87958242.0,619128830.0,21977414.0,774761728.0,0.0,85207674.0,82618001.0,96217039.0,24.486668056759203,28.171141063275233,0.04764002391181463,0.4672671834437073,0.0,24.486668056759203,0.027326717148348646,6.787253079147759,8.5931162917445,0.9392866333094744,0.36654823369847855,0.0,0.010664007714251038,0.014109472857107968,1.2513283864971556,0.002786083646585809,8.22402468740335,1.0,0.06349206349206354,1.6152104937057157,0.3056146052349095,0.19411576960162186,0.022675156667055937,0.0581584087716371,0.0,0.25809039331191996,0.287215831712351,0.10613786524514869,Banks—Regional,Financial Services,CHMG
2008Q2,2008,Q2,2008-08-08,2008-06-30,2271503.0,11902630.0,0.0,0.63,11902630.0,1.0,876941089.0,87391883.0,628314955.0,39447929.0,789549206.0,0.0,83681478.0,92697141.75,113870175.75,24.276271573929083,15.927704468338503,0.0661389923764879,0.6636771975722277,0.0,24.276271573929083,0.025992150781325996,7.787954573905095,10.202181303524583,1.060706538958544,0.3877815701762225,0.0,0.009502418126069135,0.013572895772933727,0.9335589201653653,0.0025902572344856795,22.795055496728672,1.0,0.050000000000000044,0.705153175947933,0.2971674887891134,0.1489078415272662,0.01192610218824451,0.06029556604257981,0.0,0.33357653942409143,0.2948363470762,0.09271055062001568,Banks—Regional,Financial Services,CHMG
2008Q1,2008,Q1,2008-05-09,2008-03-31,2142330.0,11762351.0,0.0,0.6,11762351.0,1.0,831395140.0,89745147.0,630820917.0,5521689.0,741649993.0,0.0,82291014.0,96211190.0,85367356.0,24.952218990847115,114.24419539021484,0.0290351456709261,0.2689803271479404,0.0,24.952218990847115,0.02387126292188256,8.179588417315552,11.22740077392372,1.0720489432147233,0.41061927900930295,0.0,0.009143239991107064,0.014147726434869466,6.335654362279368,0.002576789178729142,-27.421923586666857,1.0,0.3585621203059587,0.12692407278568318,0.2866502342695032,0.1969606956219802,0.05907989394750571,0.34869212125027543,0.0,0.4018975636194647,0.35879924930094315,0.1597931381538654,Banks—Regional,Financial Services,CHMG
2007Q4,2007,Q4,2008-03-13,2007-12-31,1588450.0,11106198.0,0.0,0.441643404473014,11106198.0,1.0,788873519.0,88114950.0,588706041.0,63692442.0,700758569.0,0.0,81029531.0,100886874.0,153908539.0,24.49896849316592,9.242949752185668,0.10445273927365789,0.9351421069863854,0.0,24.49896849316592,0.018027020386438396,9.083835350315203,15.878194781075893,1.1449461640731795,0.5301438509238566,0.0,0.008347042252493619,0.014078553446791512,0.4612530792900043,0.002013567399262644,25.080084990039996,1.0,-0.26392765921164335,0.058572442662348546,0.2811713593940346,0.1820557081919551,0.02056306950787242,-0.2622651981171728,0.0,-0.34582368015670173,0.08148744420522103,0.10826555920608186,Banks—Regional,Financial Services,CHMG
2007Q3,2007,Q3,2007-11-08,2007-09-30,2153145.0,10882422.0,0.0,0.6,10882422.0,1.0,791219036.0,86459973.0,588965945.0,36447154.0,704759063.0,0.0,80320763.0,107502960.0,134637905.0,24.127700204719943,16.159449514219958,0.06951298881540055,0.6361325141750854,0.0,24.127700204719943,0.024903373495154806,9.878587689394879,12.482085507478596,1.2433841495647935,0.3916684663596739,0.0,0.007844611906500062,0.01375399415946307,0.7645330826105106,0.00272130080550792,87.80532747218281,1.0,0.17647058823529405,1.7311866317762876,0.33436342337287017,0.1957239061440479,0.021435132983688553,0.18461078005740547,0.0,0.10591006847814034,0.20711314785038673,0.10628707687678268,Banks—Regional,Financial Services,CHMG
2007Q2,2007,Q2,2007-08-08,2007-06-30,1817597.0,10654051.0,0.0,0.51,10654051.0,1.0,781339816.0,83928620.0,575877185.0,37042111.0,697411196.0,0.0,79009726.0,106324887.2,133851175.2,23.365057959826363,15.546554163719232,0.07141578972087095,0.664850679065139,0.0,23.365057959826363,0.0216564623605154,9.979761425959008,14.624375920514835,1.266848986674629,0.4666331425503013,0.0,0.007976975309690241,0.013635617668305285,0.7632856561549637,0.002326256723105482,16.343220004337702,1.0,0.08510638297872349,-0.09642055494604951,0.1940339097982506,0.14844129800130826,0.07376132538642222,0.06905459445438777,0.0,-0.048490704687983666,0.15245612884538812,0.13104018264721906,Banks—Regional,Financial Services,CHMG
2007Q1,2007,Q1,2007-05-09,2007-03-31,1700191.0,9922178.0,0.0,0.47,9922178.0,1.0,750137270.0,82707927.0,541512830.0,0.0,667429343.0,0.0,77498434.0,108427551.9,102780070.9,22.921971056232987,0.0,0.026661786848692373,0.24181479001402126,0.0,22.921971056232987,0.020556566482436443,10.92779749567081,15.943436928556851,1.3109692847216448,0.49934919076739026,0.0,0.007830011700190383,0.01322714974553924,0.0,0.0022665065022032566,-171.77077264532647,1.0,0.24853904740168664,0.0243413298682179,0.16581754316823435,0.15876750481912683,0.012245275219268267,0.25171889551898163,0.0,-0.17296854046551516,0.0772278705343726,0.05641708557505551,Banks—Regional,Financial Services,CHMG
