Quarters,Year,Quarter,FillingDate,Date,NetIncome,Revenue,OperatingIncome,EPSDiluted,GrossProfit,GrossProfitRatio,TotalAssets,CommonStockEquity,CurrentAssets,CurrentLiability,TotalLiability,Inventory,RetainedEarnings,MarketCap,EnterpriseValue,bookValuePerShare,currentRatio,debtToAssets,debtToEquity,roic,shareholdersEquityPerShare,roe,priceToSalesRatio,peRatio,pbRatio,payoutRatio,inventoryTurnover,dividendYield,assetTurnover,quickRatio,returnOnAssets,priceToFreeCashFlowsRatio,grossProfitMargin,epsdilutedGrowth,fiveYNetIncomeGrowthPerShare,fiveYRevenueGrowthPerShare,fiveYShareholdersEquityGrowthPerShare,grossProfitGrowth,netIncomeGrowth,operatingIncomeGrowth,threeYNetIncomeGrowthPerShare,threeYRevenueGrowthPerShare,threeYShareholdersEquityGrowthPerShare,Industry,Sector,Symbol
2023Q1,2023,Q1,2023-04-27,2023-03-31,29397000.0,292718000.0,75197000.0,0.29,106122000.0,0.3625400556,2441444000.0,73632000.0,154541000.0,105066000.0,2367288000.0,192790000.0,-296205000.0,2255852901.9,4316765901.9,0.7383264390143435,1.4708944853711001,0.8609277951900597,28.54610767057801,0.0323362019524397,0.7383264390143435,0.3992421773142112,7.706573910384739,19.184380225022963,30.63685492584746,1.2487668809742491,0.9678717775818247,0.016273224184556036,0.11989543892876511,1.4708944853711001,0.012040825019947212,-22.807818474930997,0.3625400556166686,0.44999999999999984,4.138377710636193,3.2364959675443785,-0.9299314621843043,-0.02271869158017847,0.09686205738591844,-0.040560885985505765,7.6705714355198324,1.58469805378966,-0.9426515881467078,Rental & Leasing Services,Industrials,FTAIO
2022Q4,2022,Q4,2023-02-27,2022-12-31,26801000.0,274291000.0,78376000.0,0.2,108589000.0,0.3958897667,2429577000.0,18878000.0,152508000.0,86452000.0,2410175000.0,163676000.0,-325602000.0,1906696311.05,4048858311.05,0.18960213952525967,1.7640771757738398,0.8955167916061109,115.25198643924145,0.03747954023962652,0.18960213952525967,1.419694882932514,6.951363008811809,17.785682540297003,101.00096996768724,1.368978769448901,1.0123781128571079,0.019242707812129327,0.11289660710485817,1.793422939897284,0.011031138342188784,-6.209200038589795,0.3958897667076207,5.796163069544365,5.084803979744403,3.4561513722434105,-0.9801068429329854,0.09064521312924351,7.462744152399325,0.16255543853924084,-0.7515323276633658,1.0594291255476012,-0.9855284543185391,Rental & Leasing Services,Industrials,FTAIO
2022Q3,2022,Q3,2022-11-17,2022-09-30,-4147000.0,230365000.0,67417000.0,-0.0417,99564000.0,0.4322010722,2277985000.0,25524000.0,167609000.0,102506000.0,2251937000.0,160019000.0,-352403000.0,1887202861.29,3839009861.29,0.256835536837138,1.6351140421048524,0.8887455360768398,79.31942485503839,-3.2470190898893194,0.256835536837138,-0.16247453377213603,8.192229120265665,-113.76916212261875,73.93836629407615,-9.545695683626718,0.8174091826595592,0.020976017370459548,0.10112665359956277,1.8524671726533082,-0.0018204685281070772,-55.691057375689795,0.43220107221149046,-1.4263803680981597,-2.383089950797055,2.815934347909722,-0.9739771521351048,-0.1792597477536889,-1.4248975409836067,3.6781625147456802,-1.1615248207116813,0.4198989594967767,-0.9759375973391617,Rental & Leasing Services,Industrials,FTAIO
2022Q2,2022,Q2,2022-07-29,2022-06-30,9760000.0,177932000.0,14411000.0,0.0978,121310000.0,0.6817773082,4882148000.0,698874000.0,463367000.0,253207000.0,4192877000.0,118600000.0,-336345000.0,2030135249.43,5820792249.43,7.033026900059405,1.8299928516984127,0.800776830198511,5.594014085514699,0.0022815532890563717,7.033026900059405,0.013965321359787316,11.409612938819325,52.00141520056352,2.9048658977583943,4.081045081967213,0.47741989881956154,0.01961987508526012,0.03644543344445928,1.520333166144696,0.0019991200594492425,-9.403737386537339,0.6817773081851494,1.0423376623376623,2.680093596130448,2.4755219166598366,-0.2989051754559156,0.5251829314290025,1.0424977902019952,1.2285682564354707,-0.5199850629587954,0.11899543411517666,-0.29328933839507415,Rental & Leasing Services,Industrials,FTAIO
2022Q1,2022,Q1,2022-04-29,2022-03-31,-229659000.0,137839000.0,-63049000.0,-2.31,79538000.0,0.577035527,4758497000.0,767944000.0,464780000.0,191131000.0,3997502000.0,116000000.0,-354585000.0,2434488486.5,6101651486.5,7.728370088555767,2.4317353019656673,0.8011834409058154,4.964462252455908,-0.013757913712743047,7.728370088555767,-0.299056962486848,17.661826380777573,-2.6501122169172553,3.170138039362245,-0.17216830169947617,0.5025948275862069,0.01624160484605356,0.028966919596670967,1.7206889515567856,-0.0482629283994505,-8.774196231889281,0.577035526955361,-10.549999999999999,-23.9304168475901,2.085510263470105,-0.25399163010829573,-0.10925706094474433,-10.611254360685576,-6.33996781570255,-34.996708463949844,0.10601234082502188,-0.16515031108028513,Rental & Leasing Services,Industrials,FTAIO
2021Q4,2021,Q4,2022-02-28,2021-12-31,-19779000.0,145776000.0,11807000.0,-0.2,89294000.0,0.612542531,4863854000.0,1124292000.0,852369000.0,202669000.0,3739754000.0,107100000.0,-132392000.0,2504045399.766877,5710299399.766877,11.314555050371563,4.20571967099063,0.6978688093844923,3.019084010203755,0.002694799651602551,11.314555050371563,-0.017592404820100115,17.177350179500586,-31.650303349093445,2.2272197967848895,-2.0019212295869355,0.5273762838468721,0.015812812341056727,0.029971294368622083,2.2607601557218913,-0.004066528312733071,-7.101760943197939,0.6125425310064757,0.5,-2.3990376353325313,2.442497520426959,0.06688099964699581,0.08111969392449815,0.4985422001369064,-0.4615068868010581,-29.665116279069768,0.05711385061638862,0.12722390938831887,Rental & Leasing Services,Industrials,FTAIO
2021Q3,2021,Q3,2021-10-29,2021-09-30,-39443000.0,135962000.0,21926000.0,-0.4,82594000.0,0.6074785602,4682517000.0,1197468000.0,873425000.0,288441000.0,3478475000.0,82300000.0,-120136000.0,2633222240.5,5515293240.5,12.050977510342808,3.0280889332653818,0.653093838207101,2.5538244028232904,0.005001423124820654,12.050977510342808,-0.03293866725457382,19.367339701534252,-16.690047920416806,2.1989917396540033,-0.8924270466242425,0.648456865127582,0.013367652550783626,0.029036093195176867,1.6357834011114925,-0.00842346114279991,-22.245125497368488,0.6074785601859343,-0.08108108108108115,-5.986007793127878,2.2584479700905913,0.11548747872599076,0.667083804295172,-0.07744208916083917,2.72827750382588,-9.61577107907383,0.3440956947259158,0.19211896221653438,Rental & Leasing Services,Industrials,FTAIO
2021Q2,2021,Q2,2021-07-29,2021-06-30,-36608000.0,96915000.0,5881000.0,-0.37,49544000.0,0.5112108549,3553946000.0,1027566000.0,490996000.0,273367000.0,2512933000.0,72100000.0,-88056000.0,2640177921.89,4726139921.889999,10.341132085694914,1.7961056016271166,0.6165557946012685,2.132423610746171,0.0017145961960119847,10.341132085694914,-0.03562593546302622,27.242201123561884,-18.030061201718205,2.5693511870673027,-0.9550644667832168,0.6570180305131762,0.013242668121007299,0.027269688397066248,1.2689717486016967,-0.01030066298137338,-22.897142576188575,0.5112108548728267,-0.0571428571428572,-2.27061556329849,1.919566199728875,-0.0654591324925582,0.5191022260378978,-0.049661658447069615,0.81288532675709,-4.676538998294309,0.3464343766932022,-0.0002957572455660253,Rental & Leasing Services,Industrials,FTAIO
2021Q1,2021,Q1,2021-04-30,2021-03-31,-34876000.0,77149000.0,3244000.0,-0.35,32614000.0,0.4227404114,3592047000.0,1125019000.0,478240000.0,126155000.0,2448395000.0,64700000.0,-58073000.0,2491127606.39,4472508606.389999,11.32187137168455,3.7908921564741784,0.5962151942889389,1.9036416273858485,0.0009786582482242112,11.32187137168455,-0.031000365327163364,32.28982367094842,-17.857033535884277,2.2142982530872812,-0.946438811790343,0.6883307573415766,0.01325022448281295,0.02147772565336701,2.73565058856169,-0.009709227078598916,-12.247371479933726,0.4227404114116839,0.4166666666666667,-5.031822898650985,1.4528343878167427,-0.00925210805574521,0.09512776602531815,0.4157634642767401,1.439864406779661,-2.7368477445623056,0.12063505897391201,0.0744664289827887,Rental & Leasing Services,Industrials,FTAIO
2020Q4,2020,Q4,2021-02-26,2020-12-31,-59695000.0,75638000.0,-7375000.0,-0.6,29781000.0,0.3937306645,3387977000.0,1076658000.0,389636000.0,138185000.0,2288656000.0,58300000.0,-28158000.0,2258609114.21,4103669114.21,10.835180016777622,2.819669283930962,0.580512500527601,1.8267295650057864,-0.0023920691996639457,10.835180016777622,-0.05544471875005805,29.860772550966445,-9.458954327037441,2.097796249328942,-0.5531619063573163,0.7865694682675815,0.014620059660721703,0.022325417203245476,1.9931323949777473,-0.01761965916533672,-22.610057803371575,0.3937306644808165,-1.4,-5.455607223964529,1.2379430735546482,-0.07684670015768043,-0.27510162354258455,-1.3680034908167718,-3.3905996758508916,-8.116524129505194,0.23128764447338443,0.1368328356569961,Rental & Leasing Services,Industrials,FTAIO
2020Q3,2020,Q3,2020-10-30,2020-09-30,-25209000.0,83709000.0,3085000.0,-0.25,41083000.0,0.4907835478,3375330000.0,1175378000.0,316949000.0,88050000.0,2174483000.0,0.0,60760000.0,1883002418.516877,3626985418.516877,11.828670030557568,3.599647927314026,0.5521777129939888,1.5856873278213477,0.0009054322840201965,11.828670030557568,-0.021447568356732897,22.494623260543992,-18.673910295101717,1.6020398701667693,-1.3098496568685787,0.0,0.01753582452964016,0.024800241754139595,3.036252129471891,-0.007468603069922052,-13.222588748643874,0.4907835477666679,-0.5625,-1.1476401431248937,1.3758692135214146,-0.01712249154160946,-0.21879100192055373,-0.6028102746693794,-0.5200684505289359,-9.408605737158107,0.3867830754448163,0.1984933410692018,Rental & Leasing Services,Industrials,FTAIO
2020Q2,2020,Q2,2020-07-31,2020-06-30,-15728000.0,94309000.0,6428000.0,-0.16,52589000.0,0.5576244049,3287494000.0,1222699000.0,221971000.0,108360000.0,2036003000.0,0.0,115113000.0,1869090857.003123,3702960857.0031233,12.304895121137802,2.048458840900701,0.5733059893037067,1.5414586909779104,0.0016374304802321948,12.304895121137802,-0.01286334576212134,19.818796265500886,-29.709607976270398,1.5286598394233766,-2.064471007121058,0.0,0.017372082196187077,0.028687200645841484,1.554937246216316,-0.004784191241109489,-11.541730107094658,0.5576244048818246,-2.6199095022624435,-1.9844402277039845,1.8098260040519603,0.002925852163670649,-0.2555667228175474,-2.5818720109314506,-0.7369777814149515,-1.7075228094336374,0.8421885377192639,0.22662665856071149,Rental & Leasing Services,Industrials,FTAIO
2020Q1,2020,Q1,2020-05-01,2020-03-31,-4391000.0,112840000.0,24439000.0,-0.0442,70643000.0,0.6260457285,3176588000.0,1279289000.0,244928000.0,82928000.0,1864764000.0,0.0,159199000.0,1068193927.75,2596332927.75,12.874400792529688,2.9535018329153,0.49526693420739487,1.2297917046109206,0.00820064434129578,12.874400792529688,-0.003432375327232549,9.466447427773838,-60.817235695171945,0.8349903170823794,-7.499430653609656,0.0,0.030827735624150577,0.03552239069089224,1.9662840054022768,-0.0013823007579201333,-8.382725364519573,0.6260457284650833,-1.040925925925926,-1.8059838472834067,2.3214611603332056,0.9441668414349845,-0.21311055416318575,-1.0407899748255907,0.17846465425788408,0.5233391228831958,1.5259105052268709,0.2427472595793293,Rental & Leasing Services,Industrials,FTAIO
2019Q4,2019,Q4,2020-02-28,2019-12-31,107649000.0,132921000.0,20738000.0,1.08,89775000.0,0.6754011781,3236922000.0,1301877000.0,366102000.0,180864000.0,1898065000.0,15200000.0,190453000.0,2583538802.0,3814922802.0,13.101720002732902,2.024183917197452,0.45039577722292967,1.1198415825765413,0.006320010963190805,13.101720002732902,0.08268753499754584,19.43664885157349,5.999913612759989,1.9844722673493733,0.2807736253936404,2.8385526315789473,0.01169906949978915,0.04106401081026976,1.822347177990092,0.03325659376407587,-8.304688621445608,0.6754011781434085,3.153846153846154,192.26570915619388,4.675776079251889,1.1188300739544814,-0.24225799100247306,3.1934089049900667,-0.6024385100550198,19.49957037291631,2.138926935247721,0.23539777493518765,Rental & Leasing Services,Industrials,FTAIO
2019Q3,2019,Q3,2019-11-01,2019-09-30,25671000.0,162221000.0,52163000.0,0.26,118477000.0,0.7303431738,3135013000.0,1060615000.0,354574000.0,178211000.0,2029361000.0,16600000.0,6806000.0,2477216243.61,4003171243.61,10.673727825822683,1.989630269736436,0.5184342138294163,1.5324109125365943,0.018229484462638897,10.673727825822683,0.02420388171013987,15.2706261434093,24.12465665157181,2.3356413435695327,1.1058003194265904,2.6351807228915662,0.011459233756126258,0.051744920993948035,1.353075848292193,0.008188482790980452,-19.309202784351324,0.7303431738184328,0.625,12.191675231243577,9.08837064676617,0.0,0.017799922683733517,0.26259098957308674,0.1990116078611654,5.546758767268863,2.8877678186262763,-0.011996352095449218,Rental & Leasing Services,Industrials,FTAIO
2019Q2,2019,Q2,2019-08-02,2019-06-30,20332000.0,159005000.0,43505000.0,0.16,116405000.0,0.7320838967,3088509000.0,988877000.0,380346000.0,161898000.0,2050276000.0,12500000.0,-18865000.0,2477216243.61,4036252243.61,9.951776989026232,2.3492939999258793,0.5422017549568416,1.6934310333843339,0.01880987531930955,9.951776989026232,0.02056069662859992,15.57948645394799,30.459574114819002,2.5050802512445935,1.3960259689159944,3.408,0.011458022719339406,0.05148277048893171,1.6499833228328948,0.006583111786302063,-17.715660532710682,0.7320838967328072,2.6227180527383367,18.128896377422073,13.811830461108523,1.8824854837581326,0.3679577878581334,4.186833855799373,1.8294094693028096,2.8164924506387923,3.7900286187678867,-0.10064563304142364,Rental & Leasing Services,Industrials,FTAIO
2019Q1,2019,Q1,2019-05-03,2019-03-31,-6380000.0,124627000.0,15376000.0,-0.0986,85094000.0,0.6827894437,2947700000.0,919859000.0,389017000.0,143596000.0,1974646000.0,11000000.0,-39197000.0,2477216243.61,3941437243.61,9.257199458930364,2.70910749603053,0.5376178037113681,1.7228031687465144,0.006323863205704872,9.257199458930364,-0.00693584560242385,19.87704304532726,-97.06960202233542,2.6930390892625935,-4.448746081504702,3.593909090909091,0.011457619040410455,0.04227940428130407,1.7407100476336388,-0.002164399362214608,-14.530917260249064,0.6827894437000008,-14.169230769230769,-5.47405329593268,15.193737006237006,0.0,-0.13521478876817855,-8.891472868217054,-0.25744917177765975,-0.10342442061570398,2.9623247384987126,-0.18992624556923007,Rental & Leasing Services,Industrials,FTAIO
2018Q4,2018,Q4,2019-02-28,2018-12-31,-645000.0,137900000.0,20707000.0,-0.0065,98399000.0,0.7135532995,2638778000.0,997399000.0,273049000.0,159931000.0,1584996000.0,10400000.0,-32817000.0,2477216243.61,3614962243.61,10.037539974210924,1.7072925198992066,0.46890909352738275,1.2405737322776542,0.007006476962378668,10.037539974210924,-0.000646682019933848,17.963859634590285,-960.1613347325581,2.4836762856289205,-43.350387596899225,3.798173076923077,0.011287266532393219,0.05225903808505301,1.394432599058344,-0.0002444313238931051,-13.195703613240363,0.7135532994923858,-1.140997830802603,0.0,0.0,0.0,0.4745178547345391,-1.1408912188728701,0.021508559025208426,0.9302476478858008,3.080123084206166,-0.14480533455430616,Rental & Leasing Services,Industrials,FTAIO
2018Q3,2018,Q3,2018-11-02,2018-09-30,4578000.0,101155000.0,20271000.0,0.0461,66733000.0,0.6597103455,2473161000.0,1004487000.0,252452000.0,83648000.0,1410841000.0,0.0,-33854000.0,2477216243.61,3573169243.61,10.108871591083616,3.0180279265493497,0.5091047448993413,1.2534736636711077,0.00508214714999212,10.108871591083616,0.004557550271929851,24.489310895259752,135.2783007650721,2.4661506257522494,6.107688947138488,0.0,0.011287266532393219,0.04090109782581886,2.7507770657995407,0.0018510723725628862,-16.00889390984878,0.6597103455093668,1.7103235747303545,1.3525179856115106,5.290733830845771,0.0,0.7051999488948512,1.709877500387657,0.42452565003513704,1.3900153348100188,1.871030000283825,-0.1600253877145537,Rental & Leasing Services,Industrials,FTAIO
2018Q2,2018,Q2,2018-08-03,2018-06-30,-6449000.0,71979000.0,14230000.0,-0.0649,39135000.0,0.5437002459,2211272000.0,1027870000.0,132020000.0,83920000.0,1121946000.0,0.0,-38432000.0,2477216243.61,3435422243.61,10.344191455267332,1.573164918970448,0.4515613637761433,0.9714506698317881,0.007656290843770238,10.344191455267332,-0.006274139725840816,34.41581910848998,-96.03102200379905,2.4100482002685166,-4.2377112730655915,0.0,0.011032141449296316,0.03255094805161916,1.1736653956148713,-0.0029164209559023042,-14.262449009776152,0.5437002459050556,0.308839190628328,-4.433024431339511,5.7050768514205865,1.9961464916167246,-0.0031077260106477825,0.30901103610843245,0.20654570120400204,-0.22371916508538883,1.1445298534143726,-0.1568837500779243,Rental & Leasing Services,Industrials,FTAIO
2018Q1,2018,Q1,2018-05-04,2018-03-31,-9333000.0,68844000.0,11794000.0,-0.0939,39257000.0,0.5702312475,2047826000.0,1047049000.0,152701000.0,56031000.0,921332000.0,0.0,-39271000.0,2477216243.61,3190230243.61,10.537203458653531,2.7252949260230945,0.3876940716642918,0.7582548667731883,0.006765183134335805,10.537203458653531,-0.008913622953653553,35.983037644674916,-66.35637639585343,2.365902879053416,-2.9286403085824495,0.0,0.011033756165012117,0.03361809059949429,2.2644250504185184,-0.0045575161170919795,-24.860915905884006,0.570231247458021,-0.424886191198786,-7.544880785413745,7.945426195426195,0.0,0.09957425354321887,-0.42532070861331706,4.772883015173764,-2.7131057268722465,1.0264327554234247,0.5912260225466327,Rental & Leasing Services,Industrials,FTAIO
2017Q4,2017,Q4,2018-03-01,2017-12-31,-6548000.0,61430000.0,2043000.0,-0.0659,35702000.0,0.581181833,1955806000.0,947068000.0,186645000.0,122219000.0,920731000.0,8877000.0,-38699000.0,2477216243.61,3121080243.61,9.531023099377471,1.5271357153961331,0.35957758591598554,0.7425696993246526,0.001311860094402866,9.531023099377471,-0.006913970274573737,40.325838248575614,-94.5791174255498,2.615668825902681,-3.8205558949297496,2.8982764447448464,0.010098835765562074,0.031409045682444986,1.046596683003461,-0.0033479803211565974,-13.692329447324784,0.5811818329806283,-2.922619047619048,0.0,0.0,0.0,0.003485299904435325,-3.184122748498999,-0.7152613240418119,-12.755834829443447,1.6230838208292413,0.5413715431487941,Rental & Leasing Services,Industrials,FTAIO
2017Q3,2017,Q3,2017-11-03,2017-09-30,2998000.0,60362000.0,7175000.0,-0.0168,35578000.0,0.5894105563,1909921000.0,980713000.0,250111000.0,51684000.0,831998000.0,0.0,-41709000.0,2477216243.61,3088832243.61,9.869616814061692,4.839234579366922,0.4125683732468516,0.8034695165660086,0.008895956401140217,9.869616814061692,0.003056959579408043,41.03933341522813,206.5724019021014,2.5259339313438285,8.34456304202802,0.0,0.010098835765562074,0.03160444856096142,4.1338325207027315,0.0015696984325529694,-36.73977758742918,0.5894105563102614,0.7128205128205128,0.540596094552929,2.7538557213930352,0.0,0.14867788073483357,1.516095713547943,0.07281698564593302,0.540596094552929,2.7538557213930352,0.0,Rental & Leasing Services,Industrials,FTAIO
2017Q2,2017,Q2,2017-08-04,2017-06-30,-5809000.0,51194000.0,6688000.0,-0.0585,30973000.0,0.6050123061,1743707000.0,996798000.0,120215000.0,48326000.0,642457000.0,0.0,-44707000.0,2477216243.61,3010583243.61,10.031491681075979,2.487584323138683,0.3245625555210824,0.5677599674156649,0.004651180598304628,10.031491681075979,-0.00582766016785748,48.38880032054538,-106.61113115897744,2.485173770021609,-4.305560337407472,0.0,0.01009641369198837,0.029359290293610108,1.4228779538964533,-0.0033314083157319433,-13.650529792752682,0.6050123061296245,0.36893203883495146,-3.8938500421229993,3.7688868188169535,1.9055744700697248,0.13470838218053927,0.3694094659140252,12.59349593495935,-3.8938500421229993,3.7688868188169535,1.9055744700697248,Rental & Leasing Services,Industrials,FTAIO
2017Q1,2017,Q1,2017-05-05,2017-03-31,-9212000.0,44673000.0,492000.0,-0.0927,27296000.0,0.6110178408,1759098000.0,1029404000.0,309477000.0,33362000.0,622537000.0,0.0,-43247000.0,2477216243.61,2824476243.61,10.359629195149205,9.276332354175409,0.3231667593277919,0.5522438226391193,0.0003151597381373473,10.359629195149205,-0.008948867500029142,55.45220252971594,-67.2279701370495,2.406456788209488,-2.715262700825011,0.0,0.010097221049846271,0.025395401506908655,7.596816737605659,-0.005236774756153438,-37.57286016608273,0.611017840753923,-0.5819112627986349,-7.460028050490884,4.804703742203741,0.0,0.0733779001179709,-0.5830898779859083,1.1378923766816142,-7.460028050490884,4.804703742203741,0.0,Rental & Leasing Services,Industrials,FTAIO
2016Q4,2016,Q4,2017-02-24,2016-12-31,-5819000.0,42346000.0,-3568000.0,-0.0586,25430000.0,0.6005289756,1547312000.0,1053812000.0,243312000.0,38239000.0,381632000.0,0.0,-38833000.0,2477216243.61,2742235243.61,10.605264367924132,6.362927900834227,0.21525975368897804,0.3160658637404015,-0.0026053544563905315,10.605264367924132,-0.005521857788675779,58.499415378312,-106.42791904150198,2.3507193347674917,-4.297989345248324,0.0,0.010096010013059419,0.02736746047338869,4.20330029550982,-0.003760715356695999,-27.920160536601863,0.6005289755821093,-0.03169014084507035,0.0,0.0,0.0,-0.0349146110056926,-0.030641161884520013,-1.844896992659247,0.0,0.0,0.0,Rental & Leasing Services,Industrials,FTAIO
2016Q3,2016,Q3,2016-11-04,2016-09-30,-5646000.0,41726000.0,4223000.0,-0.0568,26350000.0,0.6315007429,1554583000.0,1073493000.0,293387000.0,32382000.0,369397000.0,0.0,-37020000.0,2477216243.61,2617010243.61,10.8033283565911,9.060187758631338,0.21720808731344676,0.314550723665641,0.003037220551280053,10.8033283565911,-0.005259466060794062,59.36864889061976,-109.68899413788523,2.307622167643385,-4.429684732554021,0.0,0.010096010013059419,0.02684063829335584,7.087147180532394,-0.003631842108140897,-41.610808183864414,0.6315007429420505,0.716,-3.9013360739979444,1.5949004975124381,0.0,0.4247864172163945,0.49557759313856875,1.7322698109935841,-3.9013360739979444,1.5949004975124381,0.0,Rental & Leasing Services,Industrials,FTAIO
2016Q2,2016,Q2,2016-08-04,2016-06-30,-11193000.0,33195000.0,-5767000.0,-0.2,18494000.0,0.5571320982,1574552000.0,1099541000.0,374577000.0,33575000.0,359604000.0,0.0,-35744000.0,2477216243.61,2540603243.61,11.065468023111967,11.156425912137006,0.21567722120323748,0.30885160262327643,-0.004043149022749219,11.065468023111967,-0.01017970225757839,74.6261859801175,-55.329586429241495,2.252954863538513,-2.3076923076923075,0.0,0.010427026734799071,0.021082187187212616,9.083037974683544,-0.007108688693672867,-45.625126505387236,0.5571320982075614,-1.1905805038335158,-8.429654591406909,2.0922217047042384,2.205060863279155,0.01414783943847335,-0.9358353510895884,-9.58165137614679,-8.429654591406909,2.0922217047042384,2.205060863279155,Rental & Leasing Services,Industrials,FTAIO
2016Q1,2016,Q1,2016-05-04,2016-03-31,-5782000.0,31453000.0,-545000.0,-0.0913,18236000.0,0.579785712,1606448000.0,1135525000.0,440123000.0,31086000.0,347371000.0,0.0,-24551000.0,2477216243.61,2472129243.61,11.427600768815548,14.1582384353085,0.21340560043026602,0.3019088087008212,-0.000365993061670922,11.427600768815548,-0.0050919178353624975,78.75929938670397,-107.10896937089242,2.1815602858677705,-4.181425112417848,0.0,0.009759745465243405,0.019579220740416122,12.035578717107379,-0.0035992450424788104,-57.59226846790506,0.5797857120147522,0.019334049409237337,-5.054698457223001,3.0869282744282738,0.0,-0.1464544816288322,0.37471612414837246,0.867299732164597,-5.054698457223001,3.0869282744282738,0.0,Rental & Leasing Services,Industrials,FTAIO
2015Q4,2015,Q4,2016-03-10,2015-12-31,-9247000.0,33798000.0,-4107000.0,-0.0931,21365000.0,0.6321379963,1649641000.0,1166283000.0,500300000.0,35989000.0,358955000.0,0.0,-18769000.0,2477216243.61,2588014243.61,11.737140536277495,13.901469893578593,0.29855041187749337,0.4222825849300727,-0.002459948465029085,11.737140536277495,-0.007928607379169549,73.29475837653116,-66.97351150670487,2.1240267101638284,-2.7019573915864603,0.0,0.01008591803983565,0.02048809407622628,13.301008641529355,-0.005605462036891663,-62.76359278446376,0.6321379963311439,0.418125,0.0,0.0,0.0,-0.09795229047920626,0.21221673198159824,0.4065028901734104,0.0,0.0,0.0,Rental & Leasing Services,Industrials,FTAIO
2015Q3,2015,Q3,2015-11-04,2015-09-30,-11738000.0,35233000.0,-6920000.0,-0.16,23685000.0,0.672239094,1682136000.0,1195854000.0,561718000.0,32367000.0,361326000.0,0.0,-14070000.0,2477216243.61,2529176243.61,12.034734673205035,17.35465134241666,0.2973950976615446,0.4183278226271769,-0.004118392107754155,12.034734673205035,-0.009815579493817807,70.30954626656828,-52.76061176542,2.0715039157037567,-0.9676265121826546,0.0,0.004584985275023146,0.020945393238121057,16.855099329564062,-0.006978032691768085,-21.808976763273968,0.672239094031164,-2.018867924528302,-7.031860226104831,1.1911069651741295,0.0,0.038861353568138954,-1.227324478178368,-2.6531294792164357,-7.031860226104831,1.1911069651741295,0.0,Rental & Leasing Services,Industrials,FTAIO
2015Q2,2015,Q2,2015-08-13,2015-06-30,-5270000.0,33564000.0,4186000.0,-0.053,22799000.0,0.6792694554,2010542000.0,1219132000.0,997009000.0,29263000.0,668093000.0,0.0,-2332000.0,2477216243.61,2725559243.61,12.268997847240383,34.070635273211906,0.4076796207191892,0.6723283450848636,0.0021623214497679746,12.268997847240383,-0.0043227476598104225,73.80575150786558,-117.51500206878558,2.031950800741839,-4.02258064516129,0.0,0.008557589614827932,0.016694005894927835,33.464067252161435,-0.0026211837405038046,-50.68680546743601,0.6792694553688475,-3.7179487179487176,-3.439764111204718,2.126595249184909,2.5536576265653053,-0.02614155738755286,-1.9673274596182084,-0.6010673782521682,-3.439764111204718,2.126595249184909,2.5536576265653053,Rental & Leasing Services,Industrials,FTAIO
2015Q1,2015,Q1,2015-06-03,2015-03-31,5448000.0,33973000.0,10493000.0,0.0195,23411000.0,0.6891060548,1438619000.0,658014000.0,461718000.0,28744000.0,671815000.0,0.0,0.0,2477216243.61,3268126243.61,6.62206582179291,16.063108822710827,0.5756923827643038,1.2586388739449312,0.006312583634722916,6.62206582179291,0.008279459099654414,72.9172061228034,113.67548841822686,3.7646862279677937,4.35352422907489,0.0,0.00957445683685499,0.023615008560292892,15.491476482048428,0.003786965138094242,-65.0068555281182,0.6891060548082301,2.482142857142857,2.8204768583450215,3.4143711018711014,0.0,0.4485212226209628,8.780969479353681,31.187116564417177,2.8204768583450215,3.4143711018711014,0.0,Rental & Leasing Services,Industrials,FTAIO
2014Q4,2014,Q4,2014-12-31,2014-12-31,557000.0,23419000.0,326000.0,0.0056,16162000.0,0.6901234041,1404201000.0,614432000.0,453610000.0,42784000.0,690704000.0,0.0,0.0,2477216243.61,3291717243.61,6.183468964210277,10.602327973074047,0.5958021679232531,1.3616250455705432,0.00017452950931337276,6.183468964210277,0.0009065283058174053,105.77805387121569,1111.8564827692999,4.031717494547809,58.508078994614,0.0,0.013155492615577505,0.016677811794750183,10.109526925953627,0.0003966668589468317,-11.32291601849355,0.6901234040736154,-0.7142857142857142,0.0,0.0,0.0,0.3511118542049824,-0.7137718396711202,-0.9411020776874436,0.0,0.0,0.0,Rental & Leasing Services,Industrials,FTAIO
2014Q3,2014,Q3,2014-09-30,2014-09-30,1946000.0,16080000.0,5535000.0,0.0196,11962000.0,0.7439054726,,,,,,,,2477216243.61,,,0.0,0.0,0.0,0.0,,0.0,154.05573654291047,318.24463561279543,0.0,17.985611510791365,0.0,0.014128762513277876,0.0,0.0,0.0,-11.5237583785808,0.743905472636816,2.6470588235294117,0.0,0.0,0.0,0.5059801082714339,2.6394271272114573,28.954545454545453,0.0,0.0,0.0,Rental & Leasing Services,Industrials,FTAIO
2014Q2,2014,Q2,2014-06-30,2014-06-30,-1187000.0,10735000.0,-198000.0,-0.0119,7943000.0,0.7399161621,457112000.0,343064000.0,173007000.0,21079000.0,110485000.0,0.0,0.0,2477216243.61,2487715243.61,3.45249856247369,8.207552540443094,0.15031327114580234,0.20028332905813492,-0.0007241745197426898,3.45249856247369,-0.003459995802532472,230.76071202701445,-521.7388887131424,7.220857459861717,-3.7110362257792753,0.0,0.0017782056820282582,0.023484397696844538,8.154419090089663,-0.0025967377798001364,-58.183395424887266,0.7399161620866325,-1.8499999999999999,0.0,0.0,0.0,0.354305200341006,-1.832398316970547,-1.0824313072439633,0.0,0.0,0.0,Rental & Leasing Services,Industrials,FTAIO
2014Q1,2014,Q1,2014-03-31,2014-03-31,1426000.0,7696000.0,2402000.0,0.014,5865000.0,0.7620841996,,,,,,,,2477216243.61,,,0.0,0.0,0.0,0.0,,0.0,321.88360753768194,434.29457286290324,0.0,2.808555399719495,0.0,0.0016167341104479397,0.0,0.0,0.0,-100.9789761784608,0.7620841995841996,0.0,0.0,0.0,0.0,0.0,0.0,0.0,0.0,0.0,0.0,Rental & Leasing Services,Industrials,FTAIO
2013Q4,2013,Q4,2013-12-31,2013-12-31,,,,,,,278647000.0,192429000.0,125958000.0,5142000.0,82763000.0,0.0,0.0,0.0,66152000.0,0.0,24.495915985997666,0.26337265429019513,0.38137702737113427,,0.0,,0.0,0.0,0.0,0.0,0.0,,,24.239206534422404,,0.0,0.0,0.0,0.0,0.0,0.0,0.0,0.0,0.0,0.0,0.0,0.0,Rental & Leasing Services,Industrials,FTAIO
