Quarters,Year,Quarter,FillingDate,Date,NetIncome,Revenue,OperatingIncome,EPSDiluted,GrossProfit,GrossProfitRatio,TotalAssets,CommonStockEquity,CurrentAssets,CurrentLiability,TotalLiability,Inventory,RetainedEarnings,MarketCap,EnterpriseValue,bookValuePerShare,currentRatio,debtToAssets,debtToEquity,roic,shareholdersEquityPerShare,roe,priceToSalesRatio,peRatio,pbRatio,payoutRatio,inventoryTurnover,dividendYield,assetTurnover,quickRatio,returnOnAssets,priceToFreeCashFlowsRatio,grossProfitMargin,epsdilutedGrowth,fiveYNetIncomeGrowthPerShare,fiveYRevenueGrowthPerShare,fiveYShareholdersEquityGrowthPerShare,grossProfitGrowth,netIncomeGrowth,operatingIncomeGrowth,threeYNetIncomeGrowthPerShare,threeYRevenueGrowthPerShare,threeYShareholdersEquityGrowthPerShare,Industry,Sector,Symbol
2023Q1,2023,Q1,2023-04-20,2023-03-31,288700000.0,6398700000.0,443300000.0,6.07,1286400000.0,0.2010408364,10360800000.0,2020300000.0,3153000000.0,3780800000.0,8340500000.0,2196200000.0,3910600000.0,6341792000.000001,12935092000.0,42.80296610169491,0.8339504866694879,0.641996757007181,3.292382319457506,0.037391503692382616,42.80296610169491,0.14289956937088552,0.9911063184709396,5.491679944579149,3.139034796812355,0.0,2.327793461433385,0.0,0.6175874449849432,0.21185992382564536,0.027864643656860474,15.29248131179166,0.20104083641989778,0.06118881118881128,5.012081019481577,1.3737331395421906,0.5947866733954048,0.0035104142288790077,0.00803072625698324,0.04330430689574018,3.3697257345483997,1.6142941969036113,0.35314445507483305,Auto & Truck Dealerships,Consumer Cyclical,AN
2022Q4,2022,Q4,2023-02-17,2022-12-31,286400000.0,6697000000.0,424900000.0,5.72,1281900000.0,0.191414066,10059700000.0,2047800000.0,3138000000.0,3405700000.0,8011900000.0,2048300000.0,3663700000.0,5375730000.0,11721930000.0,40.874251497005986,0.9213964823677951,0.6380707178146465,3.1344857896278935,0.036600081969552646,40.874251497005986,0.13985740794999513,0.802707182320442,4.6925017458100555,2.6251245238792853,0.0,2.643704535468437,0.0,0.6657256180601807,0.27348269078309895,0.028470033897631142,40.725227272727274,0.19141406599970137,-0.0935023771790808,2.460922174157963,1.1543793735657042,0.5802479369964749,-0.023537477148080438,-0.18774815655133295,-0.18679425837320573,2.287841564809506,1.184957339371609,0.17241536029171842,Auto & Truck Dealerships,Consumer Cyclical,AN
2022Q3,2022,Q3,2022-10-27,2022-09-30,352600000.0,6666000000.0,522500000.0,6.31,1312800000.0,0.196939694,9415300000.0,2255200000.0,3075000000.0,2935400000.0,7160100000.0,1851300000.0,5672800000.0,5653785000.0,10662485000.0,40.634234234234235,1.0475574027389793,0.5790150074878124,2.4173465768002838,0.048716866895783174,40.634234234234235,0.15634976942178078,0.8481525652565256,4.008639393079978,2.5069993792124867,0.0,2.891589693728731,0.0,0.7079965587926035,0.37211282959732916,0.037449682962837086,11.96821549534293,0.19693969396939695,-0.02623456790123469,5.3401210441210445,1.151262594602555,0.7967330111297393,-0.03591099361092752,-0.06298166356630348,-0.06378785163949113,4.772111005477839,0.9881661490099196,0.22579329755223246,Auto & Truck Dealerships,Consumer Cyclical,AN
2022Q2,2022,Q2,2022-07-21,2022-06-30,376300000.0,6869200000.0,558100000.0,6.48,1361700000.0,0.1982326909,9307500000.0,2325000000.0,3131300000.0,2780000000.0,6982500000.0,1905300000.0,5320200000.0,6459728000.0,11449928000.0,40.22491349480969,1.12636690647482,0.5723019070641956,2.29105376344086,0.05262502910660458,40.22491349480969,0.1618494623655914,0.9403901473242882,4.291607759766144,2.778377634408602,0.0,2.890620899595864,0.0,0.7380284716626376,0.37478417266187053,0.04042976094547408,43.6173396353815,0.19823269085191872,0.12110726643598618,6.512548677664104,1.2781509318532518,0.6292168597113347,0.04033921613568645,0.0392156862745098,0.07533718689788053,4.82575726368979,1.006017256877323,0.2585546488715648,Auto & Truck Dealerships,Consumer Cyclical,AN
2022Q1,2022,Q1,2022-04-21,2022-03-31,362100000.0,6752800000.0,519000000.0,5.78,1308900000.0,0.1938307073,9357900000.0,2345600000.0,3249600000.0,2804600000.0,7012300000.0,1698300000.0,4943900000.0,6183918000.0,10780818000.0,37.77133655394525,1.1586679027312272,0.5562145353124098,2.2190484311050476,0.05035119015991094,37.77133655394525,0.15437414733969987,0.9157561307901907,4.269482187241094,2.6363906889495228,0.0,3.2054996172643233,0.0,0.7216148922300943,0.4834914069742566,0.03869457891193537,10.541967269007841,0.19383070726217272,-0.015332197614991458,5.020695052568857,1.1431796675501826,0.5717548467563203,-0.00960956416464891,-0.06482438016528926,-0.03441860465116279,4.735848561226633,0.975397855601798,0.2270464348237651,Auto & Truck Dealerships,Consumer Cyclical,AN
2021Q4,2021,Q4,2022-02-17,2021-12-31,387200000.0,6582300000.0,537500000.0,5.87,1321600000.0,0.2007808821,8943600000.0,2377000000.0,2811700000.0,3059800000.0,6566600000.0,1847900000.0,4639900000.0,7712100000.0,12605600000.0,36.015151515151516,0.9189162690371919,0.5539044679994634,2.084097602019352,0.0539146848555588,36.015151515151516,0.16289440471182162,1.1716421311699559,4.979403409090909,3.244467816575515,0.0,2.8468531846961413,0.0,0.735978800483027,0.2583175370939277,0.04329352833310971,546.9574468085107,0.20078088206250094,0.146484375,4.141301314830876,0.8387577064285773,0.5751714059567236,0.03907539900935608,0.07050041470832182,0.06795151996820982,4.740093491549802,0.6715035772660919,0.20271511134913206,Auto & Truck Dealerships,Consumer Cyclical,AN
2021Q3,2021,Q3,2021-10-21,2021-09-30,361700000.0,6379500000.0,503300000.0,5.12,1271900000.0,0.19937299161376285,8140700000.0,2356500000.0,2374400000.0,2427200000.0,5784200000.0,1496600000.0,4258100000.0,8511024000.0,12629624000.0,33.712446351931334,0.978246539222149,0.5147714570000123,1.7783152981116062,0.05646406248764175,33.712446351931334,0.153490345851899,1.3341208558664472,5.882654133259608,3.611722469764481,0.0,3.4128023519978616,0.0,0.7836549682459739,0.2884393539881345,0.04443106858132593,14.578663926002056,0.19937299161376285,0.06045746726717838,3.914120424998034,0.6704113195256808,0.5468742269730742,-0.04101636130588856,-0.060031185031185035,-0.05073557148245945,3.1765890047005927,0.542371744489329,0.16409669603307578,Auto & Truck Dealerships,Consumer Cyclical,AN
2021Q2,2021,Q2,2021-07-21,2021-06-30,384800000.0,6978400000.0,530200000.0,4.828105,1326300000.0,0.19005789292674538,8381000000.0,2856800000.0,2801900000.0,3040700000.0,5524200000.0,1756200000.0,3896400000.0,7556357000.0,11344557000.0,35.8444165621079,0.9214654520340712,0.4590979596706837,1.3468566227947354,0.057118624754316616,35.8444165621079,0.13469616353962474,1.0828208471856013,4.909275597713098,2.64504235508261,0.0,3.218369206240747,0.0,0.8326452690609712,0.2739500772848357,0.0459133754921847,22.960671528410817,0.19005789292674538,0.6940719298245613,3.4358218318695104,0.6557785819659758,0.7090123548516833,0.28417893106119285,0.6073517126148705,0.5737607598693975,3.486774173642965,0.4728378675224972,0.3001234032564932,Auto & Truck Dealerships,Consumer Cyclical,AN
2021Q1,2021,Q1,2021-04-22,2021-03-31,239400000.0,5903800000.0,336900000.0,2.85,1032800000.0,0.17493817541244622,9267500000.0,3193900000.0,3666800000.0,3609200000.0,6073600000.0,2254600000.0,4308800000.0,7821158000.0,11846658000.0,38.06793802145411,1.0159592153385792,0.4721338009171837,1.369955227151758,0.03240035689259618,38.06793802145411,0.07495538370017847,1.3247667603916122,8.167458228905598,2.448779861611196,0.0,2.160471924066353,0.0,0.637043431346102,0.34176548819683034,0.025832209333693013,16.126098969072164,0.17493817541244622,0.6498020237571492,2.174738783570987,0.46655402067410484,0.9429106413896268,0.046721394547481504,0.5801980198019802,0.08888170652876536,1.8046729411824565,0.23211662774919192,0.41836526225815096,Auto & Truck Dealerships,Consumer Cyclical,AN
2020Q4,2020,Q4,2021-02-16,2020-12-31,151500000.0,5785100000.0,309400000.0,1.72748,986700000.0,0.1705588494580906,9887200000.0,3235700000.0,4152700000.0,4165900000.0,6651500000.0,2598500000.0,4069400000.0,6120583000.000001,10737583000.0,36.89509692132269,0.9968314169807244,0.5245772311675702,1.6029298142596655,0.026620739202863845,36.89509692132269,0.046821398769972496,1.0579908731050458,10.099971947194721,1.8915792564205585,0.0,1.8466038098903212,0.0,0.5851100412654745,0.3396144890659881,0.015322841653855489,15301.457500000002,0.1705588494580906,-0.15732682926829267,0.9631979401806858,0.3688061633247167,0.7401466220516156,0.01564590838908904,-0.17031763417305587,0.13875598086124402,0.04585044400448856,0.06314104753613227,0.426409014473962,Auto & Truck Dealerships,Consumer Cyclical,AN
2020Q3,2020,Q3,2020-10-21,2020-09-30,182600000.0,5404900000.0,271700000.0,2.05,971500000.0,0.17974430609261965,9569300000.0,3357900000.0,3654900000.0,3710600000.0,6211400000.0,2482500000.0,3917900000.0,4705477000.0,9057977000.0,37.77165354330709,0.9849889505740311,0.4914675054601695,1.4005777420411567,0.024355348656736234,37.77165354330709,0.054379225110932426,0.8705946455993635,6.4423288608981375,1.401315405461747,0.0,1.7858610271903324,0.0,0.564816653255724,0.278391634776047,0.019081855517122465,20.264758828596037,0.17974430609261965,-0.35452099790423997,0.9482602649352375,0.27643346559751286,0.8744906434137123,0.2220125786163522,-0.34739099356683345,0.3490566037735849,1.049779931354735,0.08894764976776849,0.6701576413377778,Auto & Truck Dealerships,Consumer Cyclical,AN
2020Q2,2020,Q2,2020-07-23,2020-06-30,279800000.0,4533000000.0,201400000.0,3.175936,795000000.0,0.17538054268696227,9448500000.0,3137700000.0,3520200000.0,3821300000.0,6310800000.0,2432300000.0,3735300000.0,3310798000.0,7981998000.0,35.61520998864926,0.9212048255829168,0.5216171879134254,1.5707365267552666,0.01786408664147904,35.61520998864926,0.08917359849571342,0.7303767924112067,2.9581826304503216,1.0551671606590813,0.0,1.5368170044813552,0.0,0.47975869185585013,0.24352968884934448,0.029613166111022913,4.429161204013378,0.17538054268696227,2.230982945736434,2.1400657376352403,0.12078927072720914,0.7735137166710218,-0.02238071815051648,2.204476969436074,1.918376652986776,2.6648206078663073,-0.01368876230947015,0.44251150678432144,Auto & Truck Dealerships,Consumer Cyclical,AN
2020Q1,2020,Q1,2020-05-11,2020-03-31,-232300000.0,4667000000.0,-219300000.0,-2.58,813200000.0,0.1742446968073709,10552400000.0,2846900000.0,4748600000.0,4995800000.0,7705500000.0,3677000000.0,3455500000.0,2525400000.0,8625600000.0,31.63222222222222,0.950518435485808,0.617034987301467,2.287119322772138,-0.01942756141619291,31.63222222222222,-0.08159752713477818,0.5411184915363189,-2.717821782178218,0.8870701464751133,0.0,1.0480826760946425,0.0,0.4422690572760699,0.18493534569037992,-0.022013949433304272,35.32027972027972,0.1742446968073709,-2.483868110581533,-3.629723966118585,0.19145485844243978,0.6292258090517067,-0.09200535953550693,-2.4730500951173116,-1.9300254452926209,-3.6651177793181557,0.02202515413385913,0.31629174732652293,Auto & Truck Dealerships,Consumer Cyclical,AN
2019Q4,2019,Q4,2020-02-18,2019-12-31,157700000.0,5548900000.0,235800000.0,1.738699,895600000.0,0.1614013588278758,10543300000.0,3162100000.0,4411100000.0,5100200000.0,7381200000.0,3305800000.0,3688300000.0,4410741000.0,10420841000.0,34.863285556780596,0.8648876514646484,0.5740233133838551,1.9139495904620347,0.018366484385075828,34.863285556780596,0.0498719205591221,0.7948856530123087,6.9922970830691185,1.394877138610417,0.0,1.4076169157238791,0.0,0.52629632088625,0.18797302066585625,0.014957366289491904,213.07927536231884,0.1614013588278758,0.5806354545454544,0.688240085255213,0.37334018958688786,0.9065063672042919,0.009240477800315528,0.5849246231155779,0.2186046511627907,0.5237230956490476,0.12795138138294668,0.5247929889630452,Auto & Truck Dealerships,Consumer Cyclical,AN
2019Q3,2019,Q3,2019-10-30,2019-09-30,99500000.0,5461200000.0,193500000.0,1.1,887400000.0,0.16249176005273566,10451800000.0,2996700000.0,4398800000.0,5195000000.0,7455100000.0,3280700000.0,3530600000.0,4583280000.0,10591780000.0,33.14933628318584,0.8467372473532243,0.5791825331521843,2.020055394267027,0.015090600102630117,33.14933628318584,0.03320319017586011,0.8392441221709515,11.515778894472362,1.529442386625288,0.0,1.3941536867132014,0.0,0.5225128685967967,0.168334937439846,0.00951989131058765,25.982312925170067,0.16249176005273566,-0.015674929329934133,0.20917985790851307,0.4398341857199258,0.9276701516564331,-0.003816793893129771,-0.012896825396825396,-0.04914004914004914,0.04527150739387552,0.10569057941355291,0.5210362784837164,Auto & Truck Dealerships,Consumer Cyclical,AN
2019Q2,2019,Q2,2019-07-23,2019-06-30,100800000.0,5343800000.0,203500000.0,1.117517,890800000.0,0.16669785545866236,10699500000.0,2882900000.0,4663600000.0,5590300000.0,7816600000.0,3517900000.0,3431100000.0,3819068000.0000005,10248068000.0,31.96119733924612,0.8342307210704255,0.6056451236039068,2.2477713413576605,0.015376958313079853,31.96119733924612,0.034964792396545145,0.7146727048167971,9.471894841269842,1.3247313469076278,0.0,1.2658119901077347,0.0,0.4994438992476284,0.14881133391767884,0.00942100098135427,37.0423666343356,0.16669785545866236,0.10645247524752484,0.32565966731742635,0.4735196367312946,0.7912468133754709,0.04898728214790391,0.09565217391304348,0.06656184486373165,0.026718403547671677,0.12033622982607599,0.5238658169810145,Auto & Truck Dealerships,Consumer Cyclical,AN
2019Q1,2019,Q1,2019-04-26,2019-03-31,92000000.0,4981800000.0,190800000.0,1.01,849200000.0,0.17046047613312457,10914300000.0,2785800000.0,4831800000.0,5898500000.0,8128500000.0,3771400000.0,3330300000.0,3277910000.0,10014710000.0,30.78232044198895,0.8191574129015852,0.6217073014302338,2.4357455668030727,0.014095780523361086,30.78232044198895,0.03302462488333692,0.6579770364125417,8.907364130434782,1.176649436427597,0.0,1.095773452829188,0.0,0.4564470465352794,0.14095108925998134,0.008429308338601652,16.41417125688533,0.17046047613312457,-0.00980392156862746,0.2759167229610008,0.5057966520332215,0.7759284051860907,0.001533199669772379,-0.007551240560949299,-0.03294475418144957,0.13105848057656752,0.1472712172351172,0.5710674405243572,Auto & Truck Dealerships,Consumer Cyclical,AN
2018Q4,2018,Q4,2019-02-22,2018-12-31,92700000.0,5411700000.0,197300000.0,1.02,847900000.0,0.15667904724947798,10665100000.0,2716000000.0,4884000000.0,5658100000.0,7949100000.0,3650500000.0,3238300000.0,3237990000.0000005,9787590000.0,29.94487320837927,0.8631872890192821,0.618672117467253,2.429381443298969,0.015314192872486984,29.94487320837927,0.03413107511045655,0.5983313930927436,8.732443365695794,1.1921907216494847,0.0,1.250184906177236,0.0,0.5074214025184949,0.1811208709637511,0.008691901623050885,-22.851023288637972,0.15667904724947798,-0.17073170731707316,0.12963132665093152,0.5947588921716835,0.7562187525638892,-0.008651934993569508,-0.17232142857142857,-0.03094302554027505,0.16151145524552626,0.2381039271827506,0.41234132200395973,Auto & Truck Dealerships,Consumer Cyclical,AN
2018Q3,2018,Q3,2018-10-30,2018-09-30,112000000.0,5349200000.0,203600000.0,1.23,855300000.0,0.15989306812233606,10119800000.0,2618000000.0,4437800000.0,5171100000.0,7501800000.0,3381300000.0,3145600000.0,3754312000.0,9872412000.0,28.960176991150444,0.8581926475991568,0.6097650151188758,2.3570282658517954,0.01792938848069874,28.960176991150444,0.0427807486631016,0.7018455096089135,8.380160714285715,1.4340381970970206,0.0,1.32904504184781,0.0,0.5285875214925196,0.16497457020749937,0.011067412399454534,22.878196221815966,0.15989306812233606,0.14953271028037374,0.6256044649171427,0.6080940355549996,0.7651557662409848,0.004108945761915943,0.14754098360655737,0.06485355648535565,0.17516149508980233,0.24231773543100865,0.43720424469305935,Auto & Truck Dealerships,Consumer Cyclical,AN
2018Q2,2018,Q2,2018-08-01,2018-06-30,97600000.0,5392000000.0,191200000.0,1.07,851800000.0,0.15797477744807123,10288600000.0,2500600000.0,4703900000.0,5476400000.0,7788000000.0,3587000000.0,3033600000.0,4406206000.0,10853106000.0,27.570011025358323,0.8589401796800819,0.6317671986470462,2.5993761497240664,0.015965053632912816,27.570011025358323,0.03903063264816444,0.8171747032640949,11.286388319672131,1.7620595057186275,0.0,1.265737385001394,0.0,0.5240751900161343,0.16572931122635307,0.009486227475069494,-468.7453191489362,0.15797477744807123,0.05940594059405946,0.4531201518776834,0.6304249576352503,0.7779544958717133,0.011278641814080495,0.0416221985058698,0.02906350914962325,0.0639212151458345,0.2949611835337962,0.3728907603753455,Auto & Truck Dealerships,Consumer Cyclical,AN
2018Q1,2018,Q1,2018-05-01,2018-03-31,93700000.0,5259900000.0,185800000.0,1.01,842300000.0,0.1601361242609175,10220300000.0,2471900000.0,4646900000.0,5433600000.0,7748400000.0,3529300000.0,2936000000.0,4308438000.0,10633638000.0,26.839305103148753,0.8552156949352179,0.6245120006262047,2.582102835875238,0.01551311641073826,26.839305103148753,0.037906064161171565,0.8191102492442822,11.495298826040555,1.7429661394069338,0.0,1.251692970277392,0.0,0.5146522117746054,0.1731080683156655,0.009168028335763138,44.32549382716049,0.1601361242609175,-0.3841463414634146,0.4871496894548879,0.6914856444213987,0.822622612599916,-0.02871309963099631,-0.38070059484467944,-0.18970780636720452,0.036533695583373514,0.3122003777136556,0.38236536983936265,Auto & Truck Dealerships,Consumer Cyclical,AN
2017Q4,2017,Q4,2018-02-15,2017-12-31,151300000.0,5683500000.0,229300000.0,1.64,867200000.0,0.15258203571742765,10271500000.0,2369300000.0,4797500000.0,5635700000.0,7902200000.0,3365600000.0,2832200000.0,4701828000.0,11143228000.0,25.86572052401747,0.8512695849672622,0.6338509467945286,2.7479002236947623,0.022496193064770964,25.86572052401747,0.0638585236145697,0.8272768540512009,7.769048248512888,1.9844798041615666,0.0,1.4310375564535298,0.0,0.5533271674049555,0.20941497950565147,0.014730078372194907,7836.38,0.15258203571742765,0.6399999999999999,1.399332235904959,0.7967606747070175,0.8513723643740796,0.025180281357134415,0.5517948717948717,0.08570075757575757,0.6038112515575712,0.3928325547071308,0.41447256286420403,Auto & Truck Dealerships,Consumer Cyclical,AN
2017Q3,2017,Q3,2017-11-02,2017-09-30,97500000.0,5432400000.0,211200000.0,1.0,845900000.0,0.15571386495839776,9954800000.0,2200500000.0,4450100000.0,6128100000.0,7754300000.0,3408600000.0,3416500000.0,4617858000.0,11052658000.0,22.615621788283658,0.7261794030776261,0.651755936834492,2.9484662576687115,0.01502490717565359,22.615621788283658,0.04430811179277437,0.8500585376629114,11.84066153846154,2.0985494205862305,0.0,1.3455670949950127,0.0,0.545706593803994,0.1557252655798698,0.009794270100855868,29.006645728643218,0.15571386495839776,0.16279069767441862,0.4883471374161173,0.7201615827244076,0.6728796830881779,0.023968042609853527,0.11174458380843785,0.0764525993883792,0.10084970253173708,0.3306741796272845,0.3151231357997953,Auto & Truck Dealerships,Consumer Cyclical,AN
2017Q2,2017,Q2,2017-08-02,2017-06-30,87700000.0,5279300000.0,196200000.0,0.86,826100000.0,0.1564790786657322,10149700000.0,2498600000.0,4646200000.0,6108500000.0,7651100000.0,3713200000.0,3319000000.0,4266591999.9999995,10676592000.0,24.6897233201581,0.7606122616026848,0.6367183266500488,2.5864484111102217,0.013251617359808659,24.6897233201581,0.035099655807252064,0.8081738109219024,12.162462941847206,1.707593052109181,0.0,1.1992890229451685,0.0,0.5201434525158379,0.13875746910043382,0.008640649477324453,-168.64,0.1564790786657322,-0.11200965637871342,0.3417979161009364,0.6260016439934258,0.9661950844544177,0.007684801171017322,-0.10601427115188583,-0.05079825834542816,0.028009503488024126,0.29750218841996684,0.3837212589670275,Auto & Truck Dealerships,Consumer Cyclical,AN
2017Q1,2017,Q1,2017-04-25,2017-03-31,98100000.0,5139400000.0,206700000.0,0.968479,819800000.0,0.15951278359341559,10092700000.0,2434200000.0,4676800000.0,5722500000.0,7658500000.0,3692600000.0,3231300000.0,4283673865.2799997,10642073865.279999,24.031315463664793,0.8172651813018785,0.6355781901770586,2.6352395037383944,0.014354428361311351,24.031315463664793,0.0403007148139019,0.8334968800404716,10.916600064424058,1.759787143735108,0.0,1.1697990575746087,0.0,0.5092195349113716,0.15493228484054172,0.009719896558899006,46.46067099002169,0.15951278359341559,-0.1504570175438596,0.7286690219295852,0.8078115719180105,0.9968627032176026,0.013224570510443703,-0.1491760624457936,-0.12637362637362637,0.21555153279491848,0.38791325918042446,0.38644179948483737,Auto & Truck Dealerships,Consumer Cyclical,AN
2016Q4,2016,Q4,2017-02-09,2016-12-31,115300000.0,5480500000.0,236600000.0,1.14,809100000.0,0.1476325152814524,10060000000.0,2310300000.0,4714800000.0,5829200000.0,7749700000.0,3520100000.0,3133300000.0,4915795367.7,11420795367.7,22.864274566536285,0.8088245385301586,0.6530616302186879,2.843699952387136,0.016426818016313634,22.864274566536285,0.04990693849283643,0.8969611107928108,10.658706348005204,2.1277736084924035,0.0,1.3270645720292038,0.0,0.5447813121272366,0.188310574349825,0.011461232604373758,-249.53275978172587,0.1476325152814524,0.08571428571428558,1.2328454072012422,1.002396358081205,0.6388517291964675,-0.032639885222381634,0.07455731593662628,0.08036529680365297,0.26119615033165566,0.44969899178253697,0.34095300648273913,Auto & Truck Dealerships,Consumer Cyclical,AN
2016Q3,2016,Q3,2016-10-28,2016-09-30,107300000.0,5567500000.0,219000000.0,1.05,836400000.0,0.1502290076335878,9687000000.0,2220800000.0,4421900000.0,5397900000.0,7466200000.0,3448000000.0,3018000000.0,4963549000.0,11198649000.0,21.793915603532874,0.8191889438485337,0.6500774233508826,2.8355997838616713,0.015855455137031262,21.793915603532874,0.04831592219020173,0.8915220475976651,11.56465284249767,2.235027467579251,0.0,1.372128770301624,0.0,0.5747393413853619,0.15756127382871116,0.011076700732941055,27.407780231916067,0.1502290076335878,-0.0277777777777778,1.1065859309470831,1.2038663490150845,0.5223157463398159,-0.006414825374198147,-0.04196428571428571,-0.033112582781456956,0.38162705570404204,0.48483117536950937,0.3283639740289176,Auto & Truck Dealerships,Consumer Cyclical,AN
2016Q2,2016,Q2,2016-07-29,2016-06-30,112000000.0,5441400000.0,226500000.0,1.08,841800000.0,0.15470283382952915,9788300000.0,2158200000.0,4663900000.0,5576400000.0,7630100000.0,3661400000.0,2910700000.0,4834242000.0,11290442000.0,20.973760932944607,0.8363639624130264,0.6651716845621813,3.0168195718654434,0.015996002449952803,20.973760932944607,0.0518950977666574,0.88841878928217,10.790718749999998,2.2399416180150125,0.0,1.2562407822144535,0.0,0.555908584738923,0.15635535470913134,0.011442232052552537,-144.73778443113773,0.15470283382952915,0.21348314606741578,1.2313682079229469,1.3362949249220673,0.46095759251265783,0.01925172539048311,0.1678832116788321,0.09209257473481196,0.4698115063600525,0.4502854692731523,0.3525708245734264,Auto & Truck Dealerships,Consumer Cyclical,AN
2016Q1,2016,Q1,2016-04-22,2016-03-31,95900000.0,5119600000.0,207400000.0,0.89,825900000.0,0.16132119696851316,9997600000.0,2090600000.0,4872700000.0,5860500000.0,7907000000.0,3927800000.0,2798700000.0,4980756000.0,11652856000.0,19.593252108716026,0.8314478286835594,0.6721513163159158,3.214340380751937,0.014433123407238792,19.593252108716026,0.04587199846933895,0.9728799124931635,12.98424400417101,2.382452884339424,0.0,1.0931564743622384,0.0,0.512082899895975,0.13913488610186844,0.009592302152516604,35.96213718411553,0.16132119696851316,0.022988505747126457,0.930955924256379,1.160612862299504,0.3660122928128493,0.0168677665599606,-0.01641025641025641,0.03493013972055888,0.31379895413330916,0.4210915920660719,0.33055249420474886,Auto & Truck Dealerships,Consumer Cyclical,AN
2015Q4,2015,Q4,2016-02-11,2015-12-31,97500000.0,5339800000.0,200400000.0,0.87,812200000.0,0.1521030750215364,9558300000.0,2349300000.0,4711400000.0,5169100000.0,7209000000.0,3612000000.0,2702800000.0,6610570100.28,12630170100.279999,21.202292067678606,0.9114546052504304,0.6375296862412773,2.5938364619248286,0.014590480787605694,21.202292067678606,0.04150172391776274,1.2379808420315368,16.950179744307693,2.813846720418848,0.0,1.2534883720930232,0.0,0.5586558279191907,0.1900330811940183,0.010200558676752142,-174.42137467757254,0.1521030750215364,-0.1634615384615385,0.9494474334004507,1.2134600865007206,0.5206415639477031,-0.021799349632662893,-0.17721518987341772,-0.14976665252439542,0.27819137993010146,0.3955299713437909,0.5175814475780587,Auto & Truck Dealerships,Consumer Cyclical,AN
2015Q3,2015,Q3,2015-10-28,2015-09-30,118500000.0,5353700000.0,235700000.0,1.04,830300000.0,0.15508900386648486,8851400000.0,2264900000.0,4251600000.0,4473500000.0,6586500000.0,3226900000.0,4101700000.0,6539432000.0,11884432000.0,20.15035587188612,0.9503967810439253,0.6110784734618252,2.3881407567663033,0.018715172073183708,20.15035587188612,0.05232019073689788,1.2214789771559855,13.796270042194092,2.8872939202613805,0.0,1.401778796987821,0.0,0.6048421718598188,0.18374874259528334,0.013387712678220394,36.289855715871255,0.15508900386648486,0.040000000000000036,1.741696503277274,1.1527912307067576,0.48697829754249256,0.013673544133805397,0.029539530842745437,0.06123367852318776,0.5659017165585095,0.4674998448522332,0.49052373004125593,Auto & Truck Dealerships,Consumer Cyclical,AN
2015Q2,2015,Q2,2015-07-22,2015-06-30,115100000.0,5224300000.0,222100000.0,1.0,819100000.0,0.15678655513657333,8839400000.0,2285300000.0,4273600000.0,4395700000.0,6554100000.0,3230700000.0,3983200000.0,7167124000.0,12551824000.0,20.081722319859402,0.9722228541529222,0.6165576849107406,2.3848072463133945,0.017707082226643,20.081722319859402,0.05036537872489389,1.3718821660318128,15.567167680278018,3.136185183564521,0.0,1.363543504503668,0.0,0.5910242776659049,0.19016311395227153,0.013021245785913071,-274.6024521072797,0.15678655513657333,0.03092783505154642,2.4692684906615834,1.3906278387876687,0.6498684885746663,0.024003000375046882,0.03228699551569507,0.03350395532805956,0.5660336647034886,0.4309056446743325,0.5992315183398046,Auto & Truck Dealerships,Consumer Cyclical,AN
2015Q1,2015,Q1,2015-04-22,2015-03-31,111500000.0,4944200000.0,214900000.0,0.97,799900000.0,0.1617855264754662,8438500000.0,2205600000.0,3985300000.0,3855600000.0,6232900000.0,2928400000.0,3868100000.0,7307888000.0,12291888000.0,19.41549295774648,1.0336393816785974,0.5994074776322806,2.2932988755894086,0.01820769879097278,19.41549295774648,0.05055313746826261,1.4780728934913636,16.38539910313901,3.313333333333333,0.0,1.4152096708099986,0.0,0.5859098180956331,0.2210032161012553,0.013213248800142205,54.864024024024026,0.1617855264754662,-0.049019607843137296,2.0201742615680494,1.5964159461810024,0.4170024333613938,0.020931716656030632,-0.044558697514995714,-0.05121412803532009,0.7519354138529808,0.5507334477194038,0.613314668958846,Auto & Truck Dealerships,Consumer Cyclical,AN
2014Q4,2014,Q4,2015-02-11,2014-12-31,116700000.0,5047800000.0,226500000.0,1.02,783500000.0,0.15521613376124252,8399700000.0,2072100000.0,3999200000.0,3882000000.0,6327600000.0,2899000000.0,3756600000.0,6845252828.4,11995452828.4,18.286477378989428,1.0301906233900051,0.6221174565758301,2.5218860093624826,0.01924798878350139,18.286477378989428,0.05631967569132764,1.356086379888268,14.664209143958868,3.303534013030259,0.0,1.470955501897206,0.0,0.6009500339297832,0.2300875837197321,0.013893353334047644,-272.71923619123504,0.15521613376124252,0.13333333333333333,1.8351730905201364,1.6879279688606892,0.3485682947040188,0.040642847655731174,0.09577464788732394,0.09209257473481196,1.0152572763086094,0.6446076181993071,0.31072713399491414,Auto & Truck Dealerships,Consumer Cyclical,AN
2014Q3,2014,Q3,2014-10-28,2014-09-30,106500000.0,4909000000.0,207400000.0,0.9,752900000.0,0.15337135872886534,7793700000.0,2012000000.0,3606900000.0,3542500000.0,5781700000.0,2691400000.0,3639900000.0,5886270000.0,10526470000.0,17.196581196581196,1.0181792519407198,0.6040391598342251,2.3398111332007954,0.018948442356245935,17.196581196581196,0.0529324055666004,1.1990772051334284,13.817535211267607,2.9255815109343937,0.0,1.5442149067399866,0.0,0.6298677136661662,0.20304869442484122,0.013664883174872012,30.689624608967673,0.15337135872886534,0.08433734939759044,1.494102564102564,1.5628798878104357,0.32510323675468833,0.010739696603570948,0.060756972111553786,0.04853387259858443,0.8210312031697675,0.6924131157325649,0.20118967215432806,Auto & Truck Dealerships,Consumer Cyclical,AN
2014Q2,2014,Q2,2014-07-17,2014-06-30,100400000.0,4788500000.0,197800000.0,0.83,744900000.0,0.15556019630364415,7871600000.0,2125100000.0,3728000000.0,3568900000.0,5746500000.0,2776600000.0,3533400000.0,7107888000.0,11791688000.0,17.842989084802685,1.0445795623301297,0.603727323542863,2.2362712342948567,0.017638364808500732,17.842989084802685,0.04724483553715119,1.4843662942466325,17.698924302788843,3.3447310714789897,0.0,1.4563134769142116,0.0,0.6083261344580517,0.21289472946846366,0.01275471314599319,-124.4814010507881,0.15556019630364415,0.06410256410256401,3.106987693807096,1.7547443502541287,0.3929123508394691,0.053011026293469043,0.05573080967402734,0.046007403490216814,0.7281862461740757,0.7763155527097259,0.24287916029484233,Auto & Truck Dealerships,Consumer Cyclical,AN
2014Q1,2014,Q1,2014-04-18,2014-03-31,95100000.0,4363500000.0,189100000.0,0.78,707400000.0,0.16211756617394293,7744000000.0,2068900000.0,3637700000.0,3583500000.0,5675100000.0,2712000000.0,3433000000.0,6353602850.679999,10932502850.68,17.333086374483337,1.0151248779126552,0.6002195247933885,2.246652810672338,0.01725647548429129,17.333086374483337,0.04596645560442748,1.4560794890982007,16.702426000736068,3.0710052929962783,0.0,1.3481194690265488,0.0,0.5634684917355371,0.20449281428770755,0.01228047520661157,38.297786923930076,0.16211756617394293,-0.12359550561797751,3.0712060234868743,1.6134365772710375,0.37009418831700885,0.005972696245733789,-0.13071297989031078,-0.0675542406311637,0.7117293271941053,0.6461777525917318,0.2084369112669342,Auto & Truck Dealerships,Consumer Cyclical,AN
2013Q4,2013,Q4,2014-02-13,2013-12-31,109400000.0,4523900000.0,202800000.0,0.89,703200000.0,0.15544110170428171,7914100000.0,2061700000.0,3830000000.0,3751800000.0,5852400000.0,2827200000.0,3337900000.0,6008286027.24,10807986027.24,17.050764982814925,1.0208433285356362,0.6152184076521652,2.3615948004074307,0.018849033922577668,17.050764982814925,0.053063006256972405,1.3281208751829174,13.730086899542961,2.9142387482368917,0.0,1.351407753254103,0.0,0.5716253269481053,0.2159230236153313,0.013823429069635207,-174.6594775360465,0.15544110170428171,0.18666666666666668,1.3839407644972832,1.4280561405625873,0.3714459073571169,0.009474590869939707,0.18142548596112312,0.08333333333333333,1.0044641750567431,0.7184375890369925,0.22289146131978704,Auto & Truck Dealerships,Consumer Cyclical,AN
2013Q3,2013,Q3,2013-10-24,2013-09-30,92600000.0,4470800000.0,187200000.0,0.75,696600000.0,0.15581104052965913,7374800000.0,1993400000.0,3358500000.0,3280400000.0,5381400000.0,2504800000.0,3228500000.0,6338655000.0,10727555000.0,16.406584362139917,1.0238080721863188,0.6043824917285893,2.2359787298083678,0.0177645621233246,16.406584362139917,0.046453295876392096,1.4177898810056366,17.112999460043195,3.1798209089996994,0.0,1.5067869690194826,0.0,0.6062266095351738,0.20351176685770028,0.012556272712480339,58.74564411492123,0.15581104052965913,0.02739726027397263,1.095328182527635,0.8349546400646095,0.3624605022982062,0.0007182876023559833,0.030033370411568408,0.03482587064676617,0.9819926872789605,0.6631183671198203,0.21070987720568482,Auto & Truck Dealerships,Consumer Cyclical,AN
2013Q2,2013,Q2,2013-07-18,2013-06-30,89900000.0,4426500000.0,180900000.0,0.73,696100000.0,0.1572574268609511,7453000000.0,1882500000.0,3506500000.0,3399900000.0,5570500000.0,2625200000.0,3135900000.0,5455716000.0,10070916000.0,15.506589785831961,1.031353863348922,0.6285925130819804,2.4886586985391768,0.01692917985364146,15.506589785831961,0.047755644090305444,1.2325123686885802,15.171624026696328,2.898122709163346,0.0,1.4209964955051044,0.0,0.5939219106400108,0.20327068443189505,0.012062256809338522,519.592,0.1572574268609511,0.08955223880597006,1.5446686978812185,0.6600816846227209,-0.21920936271163788,0.048343373493975904,0.08313253012048193,0.0678866587957497,1.5400709937732109,0.8987505318830438,0.2739860379205291,Auto & Truck Dealerships,Consumer Cyclical,AN
2013Q1,2013,Q1,2013-04-19,2013-03-31,83000000.0,4096400000.0,169400000.0,0.67,664000000.0,0.16209354555219216,7194200000.0,1786600000.0,3340900000.0,3207700000.0,5407600000.0,2499800000.0,3046000000.0,5270388538.32,9722388538.32,14.725651332100668,1.0415250802755869,0.6252675766589753,2.517799171610881,0.016501328253378973,14.725651332100668,0.046456957349154816,1.2865903081535006,15.874664272048191,2.949954404074779,0.0,1.373069845587647,0.0,0.5694031302994078,0.19839760576113727,0.011537071529843484,26.69903008267477,0.16209354555219216,0.0,1.4287891924518068,0.5195927185208828,-0.2428971037480376,0.0493046776232617,-0.002403846153846154,0.004149377593360996,1.1050418870721752,1.0142163171865985,0.07472335705454101,Auto & Truck Dealerships,Consumer Cyclical,AN
2012Q4,2012,Q4,2013-02-15,2012-12-31,83200000.0,4173500000.0,168700000.0,0.67,632800000.0,0.15162333772612915,7203000000.0,1688500000.0,3361100000.0,3201700000.0,5514500000.0,2396900000.0,2963000000.0,4798005789.3,9364605789.3,13.971106527109834,1.049786051160321,0.6436623629043454,2.7458098904352974,0.016379062784008393,13.971106527109834,0.04927450399763103,1.1496359864142807,14.417084703425482,2.8415787914124966,0.0,1.477199716300221,0.0,0.5794113563792864,0.23990380110566262,0.011550742746078023,-74.15774017465225,0.15162333772612915,0.015151515151515164,1.3968178335754826,0.4788800119534319,-0.2760042680639786,0.01638291037584324,0.0196078431372549,0.02928615009151922,0.8951450051995065,1.0836573464896533,0.030323714836428026,Auto & Truck Dealerships,Consumer Cyclical,AN
2012Q3,2012,Q3,2012-10-25,2012-09-30,81600000.0,3933800000.0,163900000.0,0.66,622600000.0,0.15826935787279475,6563000000.0,1638500000.0,2958300000.0,2833800000.0,4924500000.0,2142100000.0,2879800000.0,5272200000.0,7065900000.0,13.518976897689768,1.0439339402921872,0.2883285083041292,1.1548977723527616,0.028444044096986927,13.518976897689768,0.04980164784864205,1.3402308200721949,16.152573529411764,3.217699115044248,0.0,1.545772839736707,0.0,0.5993905226268474,0.21624673583174536,0.012433338412311442,34.301886792452834,0.15826935787279475,0.03125000000000003,0.831175073124511,0.38311888144788236,-0.23749672985591247,-0.008598726114649681,0.03816793893129771,-0.027876631079478055,0.8447524752475248,0.9825800822699822,0.04172101651821392,Auto & Truck Dealerships,Consumer Cyclical,AN
2012Q2,2012,Q2,2012-07-19,2012-06-30,78600000.0,3904500000.0,168600000.0,0.64,628000000.0,0.16084005634524268,6461400000.0,1528200000.0,2883900000.0,2715300000.0,4933200000.0,2077700000.0,2798200000.0,4293576000.0,6259976000.0,12.557107641741988,1.0620925864545354,0.31394125112204785,1.327378615364481,0.028895647130246616,12.557107641741988,0.05143305850019631,1.0996480983480599,13.65641221374046,2.8095641931684336,0.0,1.576984165182654,0.0,0.6042808060172717,0.22133834198799396,0.012164546383136781,-315.7041176470588,0.16084005634524268,0.16363636363636358,0.7278379490210377,0.45521517136698103,-0.30531289684271606,0.04145936981757877,0.07671232876712329,0.132303559435863,2.1465411663558265,1.1982061556923758,-0.019729808617068,Auto & Truck Dealerships,Consumer Cyclical,AN
2012Q1,2012,Q1,2012-04-25,2012-03-31,73000000.0,3657000000.0,148900000.0,0.55,603000000.0,0.16488925348646433,6332400000.0,1568100000.0,2781800000.0,2661800000.0,4764300000.0,1984600000.0,2719600000.0,4470593000.0,6313193000.0,12.034535686876438,1.0450822751521527,0.30302886741203966,1.2237102225623366,0.026242119559222836,12.034535686876438,0.04655315349786366,1.2224755263877496,15.31025,2.8509616733626686,0.0,1.5388491383654137,0.0,0.5775061588023498,0.22330753625366292,0.011528014654791233,70.07199059561128,0.16488925348646433,0.12244897959183684,0.5024111685167457,0.32881371451703634,-0.34623257461064905,0.041091160220994474,0.05187319884726225,0.037630662020905925,1.8627577977011702,1.0064166719395709,-0.04872986567722351,Auto & Truck Dealerships,Consumer Cyclical,AN
2011Q4,2011,Q4,2012-02-13,2011-12-31,69400000.0,3678400000.0,143500000.0,0.49,579200000.0,0.15745976511526752,6198800000.0,1894600000.0,2676200000.0,2462600000.0,4304200000.0,1809200000.0,2646600000.0,5006946000.0,6567346000.0,13.95139911634757,1.0867375944124096,0.2656965864360844,0.869312783701045,0.02510848264277716,13.95139911634757,0.03663042330835005,1.3611749673771205,18.03654899135447,2.6427456983004327,0.0,1.71302233031174,0.0,0.5934051751951991,0.2736944692601316,0.011195715299735433,166.8982,0.15745976511526752,0.020833333333333353,0.41421011813367575,0.27500165730635573,-0.21801218624937937,0.006954102920723227,-0.018387553041018388,-0.004163775156141568,0.3465405643874462,0.7578690276574269,0.12215429860800249,Auto & Truck Dealerships,Consumer Cyclical,AN
2011Q3,2011,Q3,2011-10-21,2011-09-30,70700000.0,3506500000.0,144100000.0,0.48,575200000.0,0.16403821474404678,5766800000.0,2024900000.0,2296000000.0,2159800000.0,3741900000.0,1601700000.0,2577200000.0,4636411821.14,6056511821.14,14.316291252936939,1.0630613945735716,0.257924672261913,0.7345547928292755,0.02509192361751539,14.316291252936939,0.03491530445947948,1.322233515226009,16.394666977157,2.289699156076843,0.0,1.830117999625398,0.0,0.6080495248664771,0.21733493842022408,0.012259832142609419,34.14147143696613,0.16403821474404678,0.0,0.2887528379546231,0.053814990391642455,-0.17514320149590207,-0.01405553651011313,-0.016689847009735744,-0.00414651002073255,1.0625220145147654,0.23628089161327834,0.18887520650153064,Auto & Truck Dealerships,Consumer Cyclical,AN
2011Q2,2011,Q2,2011-07-27,2011-06-30,71900000.0,3336300000.0,144700000.0,0.48,583400000.0,0.17486437071006805,5935900000.0,2116100000.0,2489100000.0,2211500000.0,3819800000.0,1780000000.0,2506500000.0,5396314000.0,6759514000.0,14.356173677069199,1.125525661315849,0.24343402011489412,0.6828599782618969,0.025155713160297417,14.356173677069199,0.03397760030244317,1.6174546653478403,18.763261474269818,2.5501223949718823,0.0,1.5465730337078651,0.0,0.5620546168230597,0.21994121636898034,0.01211273774827743,-80.18297176820208,0.17486437071006805,0.04347826086956513,0.4787970862207657,-0.004429238814310344,-0.14091371984848325,0.03037795831861533,0.03602305475504323,0.050072568940493466,0.6761838403629449,0.030517302987823333,-0.27713532445522976,Auto & Truck Dealerships,Consumer Cyclical,AN
2011Q1,2011,Q1,2011-04-26,2011-03-31,69400000.0,3311100000.0,137800000.0,0.46,566200000.0,0.17100057382742895,5889400000.0,2138600000.0,2450800000.0,2250100000.0,3750800000.0,1731700000.0,2434600000.0,5273667000.0,6526267000.0,14.343393695506371,1.0891960357317452,0.2270010527388189,0.6251285887964089,0.02434342958413197,14.343393695506371,0.03245113625736463,1.5927235661864638,18.997359510086454,2.465943607967829,0.0,1.5850897961540682,0.0,0.5622134682650185,0.22656770810186214,0.011783882908275886,40.944619565217394,0.17100057382742895,0.0454545454545455,0.4027836745242095,0.24862293142681505,-0.21442096926430723,0.03985307621671258,0.031203566121842496,0.02301410541945063,0.6525186622694747,-0.0005241228840261101,-0.26255045267319427,Auto & Truck Dealerships,Consumer Cyclical,AN
2010Q4,2010,Q4,2011-02-15,2010-12-31,67300000.0,3246200000.0,134700000.0,0.44,544500000.0,0.16773458197276817,5974200000.0,2078900000.0,2629100000.0,2399400000.0,3895300000.0,1867000000.0,2365200000.0,4204620000.0,5458220000.0,13.94299128101945,1.0957322663999334,0.2257540758595293,0.6487565539467988,0.024485242608919128,13.94299128101945,0.03237288950887489,1.2952436695212863,15.618945022288262,2.022521525806917,0.0,1.4470808784145688,0.0,0.5433698235747045,0.23218304576144036,0.011265106625154833,-153.45328467153286,0.16773458197276817,0.15789473684210525,0.5753164404755224,0.2827423908995955,-0.21528683827992046,-0.0016501650165016502,0.1827768014059754,0.1141439205955335,0.5715180833550627,-0.0676039774609208,-0.2774612262606877,Auto & Truck Dealerships,Consumer Cyclical,AN
2010Q3,2010,Q3,2010-10-28,2010-09-30,56900000.0,3273900000.0,120900000.0,0.38,545400000.0,0.16659030514065792,5730700000.0,2005200000.0,2448500000.0,2193400000.0,3725500000.0,1739800000.0,2380300000.0,3440349488.25,4736449488.25,13.5512104683628,1.1163034558220115,0.24091297747221108,0.6885098743267505,0.02231747297536771,13.5512104683628,0.028376221823259527,1.0508413477045726,15.115771038005274,1.715713888016158,0.0,1.568283710771353,0.0,0.5712914652660234,0.21728822832132763,0.009928979007800095,137.06571666334662,0.16659030514065792,0.310344827586207,-0.2220138318253477,0.11383528070845834,-0.22923126159987212,0.028668427008675973,0.2055084745762712,-0.03971405877680699,0.04586345968536086,-0.057165081785191994,-0.2356786778514884,Auto & Truck Dealerships,Consumer Cyclical,AN
2010Q2,2010,Q2,2010-07-22,2010-06-30,47200000.0,3109000000.0,125900000.0,0.29,530200000.0,0.17053715020907045,5518100000.0,1970600000.0,2314000000.0,2034200000.0,3547500000.0,1580900000.0,2323400000.0,3157050000.0,4422750000.0,12.17171093267449,1.1375479303903255,0.24778456352730108,0.6938495889576779,0.023009101003507837,12.17171093267449,0.023952095808383235,1.0154551302669668,16.72166313559322,1.6020755099969552,0.0,1.6312227212347397,0.0,0.5634185679853573,0.24358470160259563,0.008553668835287508,85.78940217391305,0.17053715020907045,-0.09375000000000008,-0.6074414074142657,-0.00027737562303485955,-0.2868000049948579,0.03920031360250882,-0.14492753623188406,0.0976460331299041,-0.2200510272979264,-0.12898378863491378,-0.32663389934001646,Auto & Truck Dealerships,Consumer Cyclical,AN
2010Q1,2010,Q1,2010-04-23,2010-03-31,55200000.0,2847200000.0,114700000.0,0.32,510200000.0,0.17919359370609722,5501100000.0,2327300000.0,2331100000.0,1925000000.0,3173800000.0,1512400000.0,2276200000.0,3070951587.3599997,4020851587.3599997,13.701806362949789,1.210961038961039,0.2019050735307484,0.47724831349632624,0.020295472173744427,13.701806362949789,0.023718472049155673,1.0785865367237988,13.908295232608694,1.3195340469041377,0.0,1.5452261306532664,0.0,0.5175692134300413,0.29303896103896104,0.010034356765010634,55.33246103351351,0.17919359370609722,-0.11111111111111106,-0.11382707707567818,-0.04038079285678131,-0.16154733874694163,0.06892939451078986,-0.1053484602917342,0.2073684210526316,-0.1284849467837837,-0.20635371388749765,-0.25565930400974995,Auto & Truck Dealerships,Consumer Cyclical,AN
2009Q4,2009,Q4,2010-02-17,2009-12-31,61700000.0,2815000000.0,95000000.0,0.36,477300000.0,0.16955595026642983,5407300000.0,2303200000.0,2250600000.0,1863400000.0,3104100000.0,1408300000.0,2221000000.0,3252694850.5499997,4191594850.5499997,13.55991939807758,1.2077922077922079,0.20575888151203003,0.48306703716568256,0.02250926855585044,13.55991939807758,0.026788815560958665,1.1554866254174065,13.179476704011345,1.4122502824548453,0.0,1.659944614073706,0.0,0.5205925323174228,0.3126006225179779,0.011410500619532854,-227.46117836013985,0.16955595026642983,0.0,-0.4061759545679748,-0.06173244758668407,-0.15868764964661386,-0.07320388349514563,-0.05076923076923077,-0.19898819561551434,0.005228654408289452,-0.21989076228424312,-0.23995495818677934,Auto & Truck Dealerships,Consumer Cyclical,AN
2009Q3,2009,Q3,2009-10-29,2009-09-30,65000000.0,2915700000.0,118600000.0,0.36,515000000.0,0.176629968789656,5094000000.0,2311300000.0,1921000000.0,1562000000.0,2782700000.0,1161100000.0,2159300000.0,3220047999.9999995,4129947999.9999995,12.977540707467714,1.2298335467349553,0.218767177071064,0.482152900964825,0.02161289849034694,12.977540707467714,0.02812270150997274,1.1043824810508625,12.384799999999998,1.3931761346428417,0.0,2.067608302471794,0.0,0.572379269729093,0.33143405889884764,0.012760109933254809,28.853476702508956,0.176629968789656,0.7538987708092781,0.04907258191929725,-0.1469818469619999,-0.16196576418589237,0.080797481636936,0.771117166212534,0.14258188824662812,-0.059036639123373785,-0.3041069463391415,-0.2522775283562068,Auto & Truck Dealerships,Consumer Cyclical,AN
2009Q2,2009,Q2,2009-07-31,2009-06-30,36700000.0,2609600000.0,103800000.0,0.205257,476500000.0,0.18259503372164315,5237200000.0,2290400000.0,2045900000.0,1711200000.0,2946800000.0,1257900000.0,2094300000.0,3102180000.0000005,4106280000.0000005,12.809843400447427,1.1955937353903694,0.21633697395554877,0.4946734194900454,0.01912055478463291,12.809843400447427,0.016023402025847015,1.1887568976088292,21.132016348773845,1.3544271742927,0.0,1.6957627792352332,0.0,0.4982815244787291,0.26852501168770454,0.007007561292293592,33.17839572192514,0.18259503372164315,0.02628499999999992,-0.40450876515410983,-0.2183036497624279,-0.16169724305668565,0.012537186570335741,0.06069364161849711,0.16891891891891891,-0.37773449159766004,-0.3580355916678587,-0.2334475074098958,Auto & Truck Dealerships,Consumer Cyclical,AN
2009Q1,2009,Q1,2009-04-24,2009-03-31,34600000.0,2473100000.0,88800000.0,0.2,470600000.0,0.19028749342929926,5585900000.0,2236700000.0,2255000000.0,2094500000.0,3349200000.0,1553400000.0,2057600000.0,2453984000.0,3532884000.0,12.651018099547512,1.076629267128193,0.20424640612971948,0.5100818169624893,0.016486911874818537,12.651018099547512,0.01546921804444047,0.9922704298249161,17.731098265895955,1.0971449009701792,0.0,1.2891077636152954,0.0,0.44273975545570093,0.19016471711625688,0.0061941674573479655,23.77891472868217,0.19028749342929926,-0.47368421052631576,-0.3963072672896809,-0.21471726059933768,-0.14622113717718901,-0.017126148705096073,-0.4843517138599106,-0.9512382625885454,-0.41020278965502927,-0.21350481241178215,-0.3071113609901243,Auto & Truck Dealerships,Consumer Cyclical,AN
2008Q4,2008,Q4,2009-02-17,2008-12-31,67100000.0,2724300000.0,1821100000.0,0.38,478800000.0,0.17575156921043938,6014100000.0,2198100000.0,2554100000.0,2455800000.0,3816000000.0,1876000000.0,2023000000.0,1746784000.0000002,2894684000.0,12.432692307692308,1.0400276895512663,0.20932475349595117,0.5727218961830672,0.6055900247171404,12.432692307692308,0.030526363677721668,0.6411863597988475,6.508137108792847,0.7946790409899459,0.0,1.1969616204690832,0.0,0.452985484112336,0.20294812281130384,0.011157114115162702,17.86077709611452,0.17575156921043938,1.0475594493116396,0.2921119094336169,-0.09708284949921818,-0.15230927957527446,-0.1910795742524075,1.0474976994407872,2.1119863222812483,0.3245569757170413,-0.09214918685434383,-0.3002866391558971,Auto & Truck Dealerships,Consumer Cyclical,AN
2008Q3,2008,Q3,2008-11-07,2008-09-30,-1412700000.0,3543400000.0,-1637700000.0,-7.99,591900000.0,0.1670429530958966,6238200000.0,2127800000.0,2695900000.0,2614700000.0,4110400000.0,1967500000.0,1955900000.0,1986108000.0,3339008000.0,12.041878890775326,1.031055187975676,0.22661985829245615,0.6643951499201053,-0.38951349317896117,12.041878890775326,-0.6639251809380581,0.560509115538748,-0.35147377362497345,0.9334091549957703,0.0,1.5001270648030496,0.0,0.5680164149915039,0.20204994836883772,-0.2264595556410503,10.954815223386651,0.1670429530958966,-28.551724137931036,-21.237107385398986,0.05045280827547915,-0.16226704561610514,-0.08586872586872586,-28.272200772200772,-13.491990846681922,-17.175309916134548,0.009528994802330814,-0.3150793560266073,Auto & Truck Dealerships,Consumer Cyclical,AN
2008Q2,2008,Q2,2008-07-25,2008-06-30,51800000.0,3909600000.0,131100000.0,0.29,647500000.0,0.16561796603233067,8351400000.0,3535100000.0,3102000000.0,2969900000.0,4816300000.0,2295400000.0,3368600000.0,1783560000.0,3259560000.0,19.860112359550563,1.0444796121081519,0.1817779055008741,0.4294362252835846,0.015298790377113966,19.860112359550563,0.014653050833074029,0.4562001227747084,8.607915057915058,0.5045288676416508,0.0,1.4211466411083036,0.0,0.4681370788131331,0.20226270244789388,0.00620255286538784,15.025779275484414,0.16561796603233067,0.035714285714285546,-0.23565063895906221,0.20987281464597837,0.427086184734659,-0.032426778242677826,0.021696252465483234,-0.10876954452753229,-0.6081506817709895,0.14345208573436888,0.1637009878052301,Auto & Truck Dealerships,Consumer Cyclical,AN
2008Q1,2008,Q1,2008-04-25,2008-03-31,50700000.0,3999400000.0,147100000.0,0.28,669200000.0,0.16732509876481472,8523200000.0,3501000000.0,3269700000.0,2990800000.0,5022200000.0,2377100000.0,3316800000.0,2694600000.0,4358800000.0,19.45,1.09325264143373,0.19929134597334336,0.48517566409597257,0.016817380172828335,19.45,0.014481576692373608,0.6737510626593989,13.28698224852071,0.7696658097686376,0.0,1.4009507382945605,0.0,0.4692369063262624,0.22582586598903304,0.005948470058194106,15.831962397179788,0.16732509876481472,-0.034482758620689495,-0.5578594594594595,0.4469457837179227,0.4477572153585892,-0.0014920919128618322,-0.019342359767891684,-0.004062288422477996,-0.2319501718213058,0.2719728396664958,0.19020104571534338,Auto & Truck Dealerships,Consumer Cyclical,AN
2007Q4,2007,Q4,2008-02-28,2007-12-31,51700000.0,4203100000.0,147700000.0,0.29,670200000.0,0.1594537365278009,8479600000.0,3473500000.0,3238400000.0,2901800000.0,5006100000.0,2325700000.0,3266100000.0,2818800000.0,4561800000.0,19.29722222222222,1.1159969673995451,0.20942025567243738,0.5112422628472723,0.01713741570771528,19.29722222222222,0.014884122642867426,0.6706478551545288,13.630560928433269,0.8115157621995106,0.0,1.5190695274540997,0.0,0.4956719656587575,0.2573919636087945,0.006096985706872966,49.27972027972028,0.1594537365278009,-0.21621621621621626,0.050495382031905865,0.5007195603260669,0.433152609414693,-0.07787561915244909,-0.2829403606102635,-0.20719269994632314,-0.5304679989012498,0.32196531345129364,0.1972778676966944,Auto & Truck Dealerships,Consumer Cyclical,AN
2007Q3,2007,Q3,2007-10-25,2007-09-30,72100000.0,4601800000.0,186300000.0,0.37,726800000.0,0.15793819809639706,8343000000.0,3476800000.0,3111600000.0,2832800000.0,4866200000.0,2230100000.0,3214400000.0,3474892000.0,5178192000.0,17.72972972972973,1.0984185258401582,0.2075632266570778,0.49807294063506674,0.022318815977334074,17.72972972972973,0.020737459733087896,0.7551158242426876,12.04886269070735,0.9994512195121951,0.0,1.7375902425900185,0.0,0.5515761716408966,0.246469923750353,0.008641975308641974,35.31394308943089,0.15793819809639706,0.0,0.09473868839750962,0.4354580354614501,0.4011430400077449,0.0015157778696431032,-0.06727037516170763,0.008116883116883116,0.05685101911517,0.2227269996180673,0.14491033703287529,Auto & Truck Dealerships,Consumer Cyclical,AN
2007Q2,2007,Q2,2007-07-27,2007-06-30,77300000.0,4559300000.0,184800000.0,0.37,725700000.0,0.15916917070602943,8452400000.0,3738100000.0,3228000000.0,2889100000.0,4714300000.0,2346600000.0,3142300000.0,4640592000.0,6137992000.0,18.075918762088975,1.1173029663216918,0.18084804315933936,0.4089243198416308,0.02199611835147989,18.075918762088975,0.020678954549102485,1.017829930033119,15.008382923673999,1.241430673336722,0.0,1.6336827750788374,0.0,0.5394089252756613,0.24360527499913467,0.009145331503478302,-26.79325635103926,0.15916917070602943,0.0,0.1541430477446957,0.4088111340200778,0.4633691084012013,-0.010094120856636203,-0.003865979381443299,-0.013874066168623266,0.08444063617672322,0.1808080088667246,0.1829256657433686,Auto & Truck Dealerships,Consumer Cyclical,AN
2007Q1,2007,Q1,2007-04-27,2007-03-31,77600000.0,4395300000.0,187400000.0,0.37,733100000.0,0.166791800332173,8365900000.0,3830700000.0,3146800000.0,2818200000.0,4535200000.0,2258200000.0,3065000000.0,4420044000.0,5751744000.0,18.407976934166268,1.1165992477467888,0.1642979237141252,0.3588117054324275,0.02310064905325682,18.407976934166268,0.020257394209935522,1.0056296498532524,14.239832474226803,1.1538475996554154,0.0,1.6217341245239572,0.0,0.5253828040019604,0.24881129799162585,0.009275750367563562,68.74096423017107,0.166791800332173,0.027777777777777804,0.30697168178414347,0.42890945219666515,0.5158400683169456,0.042668183757644716,0.031914893617021274,0.05756207674943566,0.150301671205083,0.185722545836703,0.24229856364549313,Auto & Truck Dealerships,Consumer Cyclical,AN
