Year,Date,FillingDate,NetIncome,Revenue,OperatingIncome,EPSDiluted,GrossProfit,GrossProfitRatio,TotalAssets,CommonStockEquity,CurrentAssets,CurrentLiability,TotalLiability,Inventory,RetainedEarnings,EnterpriseValue,bookValuePerShare,currentRatio,debtToAssets,debtToEquity,roic,shareholdersEquityPerShare,roe,priceToSalesRatio,peRatio,pbRatio,payoutRatio,inventoryTurnover,dividendYield,assetTurnover,quickRatio,returnOnAssets,priceToFreeCashFlowsRatio,grossProfitMargin,epsdilutedGrowth,fiveYNetIncomeGrowthPerShare,fiveYRevenueGrowthPerShare,fiveYShareholdersEquityGrowthPerShare,grossProfitGrowth,netIncomeGrowth,operatingIncomeGrowth,threeYNetIncomeGrowthPerShare,threeYRevenueGrowthPerShare,threeYShareholdersEquityGrowthPerShare,Industry,Sector,Price,MarketCap,AvgVolume,Symbol
2022,2022-12-31,2023-03-28,339738177000.0,0.0,-341379000.0,6502.21,0.0,0.0,666628000.0,436167000.0,486005000.0,52496000.0,230461000.0,0.0,-892040000.0,271407279.2,8.347754490846057,9.257943462359037,0.13160713321372638,0.2011454328273345,568.0335520646468,8.347754490846057,778.9176553934617,0.0,0.0011011634974423259,0.8577156896326408,0.0,0.0,0.0,0.0,9.123228436452301,509.6368244358173,-1.473896191819464,0.0,1304.0480961923847,4906.274783107658,0.0,3.5594056421384273,0.0,1316.3921805489413,-0.27832885853263983,5299.40891033937,0.0,2.9982969370886305,Biotechnology,Healthcare,7.48,391624376,632944,KOD
2021,2021-12-31,2022-03-01,-258279000.0,0.0,-267051000.0,-4.99,0.0,0.0,904220000.0,-558217000.0,734811000.0,64683000.0,240900000.0,0.0,-558217000.0,3739150468.04,-10.778695936454977,11.360187375353648,0.08846962022516644,-0.14330627694964504,0.6487237360082907,-10.778695936454977,0.4626856580863714,0.0,-16.999695941365733,-7.865515503899021,0.0,0.0,0.0,0.0,11.309153873506176,-0.2856373448939417,-17.87962791585223,0.0,-0.769503546099291,-6.730559170136341,0.0,-5.967400686539215,0.0,-1.0039026131214699,-0.9635092311425147,-0.8022367388644904,0.0,-2.859054753063432,Biotechnology,Healthcare,7.48,391624376,632944,KOD
2020,2020-12-31,2021-03-01,-128888000.0,0.0,-136007000.0,-2.82,0.0,0.0,1067347000.0,-291227000.0,972005000.0,31422000.0,206596000.0,0.0,-291227000.0,5852940448.95,-6.366752368646258,30.933899815415952,0.07251812203528937,-0.2657789284647371,0.9654307925916565,-6.366752368646258,0.44256885522290174,0.0,-52.13778201966048,-23.074558502302327,-0.048476196387561295,0.0,0.0009297709743249444,0.0,30.837438737190503,-0.1207554806450011,-74.3141845149625,0.0,-1.292682926829268,-3.3677468253699443,0.0,-3.115499229763101,0.0,-1.774529642226719,-1.764931896726977,-1.1256949048659954,0.0,-0.9520341610765192,Biotechnology,Healthcare,7.48,391624376,632944,KOD
2019,2019-12-31,2020-03-16,-46454000.0,0.0,-49190000.0,-1.23,0.0,0.0,358866000.0,-158131000.0,339230000.0,11711000.0,13507000.0,0.0,-158131000.0,2513705671.2000003,-4.177434462271715,28.966783366066092,0.0053919847519687016,-0.012236689833113051,0.3127420323954053,-4.177434462271715,0.29376909018472025,0.0,-58.629346691350584,-17.223489835642603,-0.04923149782580617,0.0,0.0008397074264699107,0.0,28.73204679361284,-0.12944664582323206,-68.80649953768032,0.0,0.555956678700361,-0.9022797876954493,0.0,-1.700313647587428,0.0,-0.12091306131312887,-0.8650944111625085,-0.9022797876954493,0.0,-1.700313647587428,Biotechnology,Healthcare,7.48,391624376,632944,KOD
2018,2018-12-31,2019-03-27,-41443000.0,0.0,-26374000.0,-2.77,0.0,0.0,92189000.0,86833000.0,90449000.0,4826000.0,5356000.0,0.0,-110766000.0,18079256.5,5.797944314815563,18.7420223787816,0.0,0.0,-0.30373245194799214,5.797944314815563,-0.47727246553729574,0.0,-2.5657712158868806,1.2245719542109565,0.0,0.0,0.0,0.0,18.28719436386241,-0.4495438718285262,-3.5908839828447925,0.0,-1.2892561983471076,-3.2894249148461054,0.0,4.747818979004264,0.0,-0.4834979954180985,-0.033423455193762,-3.2894249148461054,0.0,4.747818979004264,Biotechnology,Healthcare,7.48,391624376,632944,KOD
2017,2017-12-31,2017-12-31,-27936000.0,0.0,-25521000.0,-1.21,0.0,0.0,3244000.0,-68738000.0,1595000.0,9158000.0,71982000.0,0.0,-69323000.0,222755390.4,-3.2615988467820074,0.1741646647739681,3.091553637484587,-0.14590183013762403,0.43589874974379994,-3.2615988467820074,0.4064127556809916,0.0,-7.664711855670104,-3.1150366667636535,0.0,0.0,0.0,0.0,0.15232583533522603,-8.611590628853268,-11.986195163457232,0.0,-0.8756171322899113,-1.0547383424458499,0.0,-1.1083131186051893,0.0,-0.6306327340649078,-0.4880181913591044,-1.0547383424458499,0.0,-1.1083131186051893,Biotechnology,Healthcare,7.48,391624376,632944,KOD
2016,2016-12-31,2016-12-31,-17132000.0,0.0,-17151000.0,-0.645121,0.0,0.0,12114000.0,-41083000.0,10190000.0,2508000.0,53197000.0,0.0,-41387000.0,260374479.68,-1.547018238419825,4.062998405103668,0.006769027571404986,-0.0019959593992649027,0.420202861622893,-1.547018238419825,0.4170094686366624,0.0,-15.748977333644643,-6.567472669473991,0.0,0.0,0.0,0.0,3.83652312599681,-1.4142314677232954,-16.04301817576406,0.0,0.0,0.0,0.0,0.0,0.0,0.0,0.0,0.0,0.0,0.0,Biotechnology,Healthcare,7.48,391624376,632944,KOD
TTM,,,,,,,,,,,,,,,,161762376.0,7.501050439776541,6.253706228785285,0.1354808584270084,0.22097777053239154,0.21098860505561715,7.501050439776541,0.25056824926300036,0.0,3.3979510256200562,0.9971936677475312,0.0,0.0,0.0,0.0,6.109707273202008,0.17992509846423899,-1.5550461441941543,0.0,,,,,,,,,,,Biotechnology,Healthcare,7.48,391624376,632944,KOD
