Quarters,Year,Quarter,FillingDate,Date,NetIncome,Revenue,OperatingIncome,EPSDiluted,GrossProfit,GrossProfitRatio,TotalAssets,CommonStockEquity,CurrentAssets,CurrentLiability,TotalLiability,Inventory,RetainedEarnings,MarketCap,EnterpriseValue,bookValuePerShare,currentRatio,debtToAssets,debtToEquity,roic,shareholdersEquityPerShare,roe,priceToSalesRatio,peRatio,pbRatio,payoutRatio,inventoryTurnover,dividendYield,assetTurnover,quickRatio,returnOnAssets,priceToFreeCashFlowsRatio,grossProfitMargin,epsdilutedGrowth,fiveYNetIncomeGrowthPerShare,fiveYRevenueGrowthPerShare,fiveYShareholdersEquityGrowthPerShare,grossProfitGrowth,netIncomeGrowth,operatingIncomeGrowth,threeYNetIncomeGrowthPerShare,threeYRevenueGrowthPerShare,threeYShareholdersEquityGrowthPerShare,Industry,Sector,Symbol
2023Q1,2023,Q1,2023-03-07,2023-03-31,432105000.0,1865722000.0,496521000.0,1.79,592974000.0,0.3178254853,69684403000.0,16045416000.0,5375921000.0,4011587000.0,53560780000.0,59163000.0,8104773000.0,13459685975.449999,58799938975.45,67.0323024865248,1.3400983201909868,0.6662796407970949,2.893617653789718,0.006819855726519373,67.0323024865248,0.026930121350546475,7.21419695723693,7.787277383650965,0.8388492997283461,0.0,21.51256697598161,0.0,0.026773882241625864,1.1303885469765458,0.0062008854406056975,-35.670482849279416,0.317825485254502,-0.12254901960784313,0.0011865593682680467,-0.05892694162802848,0.14828614238695348,0.13146998324664075,-0.1270729504835285,0.14274634175531303,-0.16334867910171227,-0.19235008943712512,-0.08341733529775279,Rental & Leasing Services,Industrials,AER
2022Q4,2022,Q4,2022-12-31,2022-12-31,495007000.0,1798969000.0,434498000.0,2.04,524074000.0,0.2913190833,69726918000.0,16117507000.0,5608144000.0,3862940000.0,53531868000.0,55868000.0,7674922000.0,14046317995.68,59117345995.68,66.9195306933171,1.4517812857564445,0.66929926545728,2.8954958729039175,0.0069075839312850995,66.9195306933171,0.030712380022543187,7.807982236314245,7.093999678630807,0.8714944560396344,0.0,22.819771604496314,0.0,0.025800208177851773,1.3201978285968718,0.007099223860719041,23.18428996324203,0.29131908331939016,0.12087912087912087,0.1362318454200231,-0.1295093740848349,0.14807992536760514,-0.0666220228289114,0.1251284219331024,-0.09627192252653999,-0.14872550604941515,-0.2375948898571078,-0.07827657960444905,Rental & Leasing Services,Industrials,AER
2022Q3,2022,Q3,2022-09-30,2022-09-30,439956000.0,1694640000.0,480784000.0,1.82,561481000.0,0.3313275976,69811154000.0,15567684000.0,5237583000.0,3992576000.0,54166636000.0,42958000.0,7181003000.0,10195141302.42,56570645302.42,64.63667782256036,1.3118305074217749,0.6800352562571877,3.049525285842133,0.0065498603410520636,64.63667782256036,0.02826085113238424,6.016110384754284,5.793273249154461,0.6548913314543127,0.0,26.378299734624516,0.0,0.024274630956537403,1.2588932558829187,0.006302087485905189,-143.23846946189727,0.33132759760185054,0.3000000000000001,0.08820866392994557,-0.1252698690664303,0.19776516760493593,0.22757334534348075,0.29465079187584237,0.24255424725791613,-0.0999176527899468,-0.2152249486143929,-0.061736356447019976,Rental & Leasing Services,Industrials,AER
2022Q2,2022,Q2,2022-06-30,2022-06-30,339826000.0,1631360000.0,386932000.0,1.4,457391000.0,0.2803740437,69747591000.0,15034429000.0,5570198000.0,3938680000.0,54636240000.0,53441000.0,6741794000.0,9840643403.0,56704907403.0,62.54769104552218,1.4142296403871348,0.6895330908274667,3.1988758602006104,0.0052574723547929554,62.54769104552218,0.022603186326530925,6.032171564216359,7.239472114405607,0.654540548430539,0.0,21.96757171460115,0.0,0.02338948165249177,1.34035565214742,0.004872225622817568,20.20919130116914,0.2803740437426442,1.1676646706586826,-0.18460658780733974,-0.12380357077670286,0.19762690941915959,-0.19297518182235224,1.1697463091244398,-0.8798021948186574,-0.42027208235036395,-0.28004416550769196,-0.0567737663425258,Rental & Leasing Services,Industrials,AER
2022Q1,2022,Q1,2022-03-31,2022-03-31,-2001964000.0,1790016000.0,3219127000.0,-8.35,566762000.0,0.3166239855,70208185000.0,14653130000.0,5753256000.0,3825519000.0,55478407000.0,51940000.0,6408091000.0,12049373728.800001,59943502728.8,61.14503483604488,1.503915155041708,0.6990613843670791,3.3494434977373433,0.04422904981358822,61.14503483604488,-0.1366236428667459,6.731433534001932,-1.5046941064874293,0.8223071609137433,0.0,23.55128994994224,0.0,0.02549583072116164,1.4051170573195428,-0.028514681016180665,43.378647699552154,0.3166239854839286,-15.910714285714285,-6.43477420454663,0.02612868005831949,0.2194442902011018,0.5972685665328944,-28.747633369831874,5.729380457345689,-5.928194986414925,-0.14364727753562415,-0.05151257028098995,Rental & Leasing Services,Industrials,AER
2021Q4,2021,Q4,2021-12-31,2021-12-31,72149000.0,1442181000.0,478369000.0,0.56,354832000.0,0.2460384654,74569768000.0,16570743000.0,6305930000.0,4613955000.0,57922408000.0,48584000.0,8410261000.0,8382340290.940001,57205414290.94,129.3264135591939,1.3667081711893592,0.677913708944354,3.050669966941132,0.005564997967524105,129.3264135591939,0.004353999093462496,5.812266484539736,29.045240720384204,0.5058518070638112,0.0,22.38080438004281,0.0,0.01934002262149991,1.2499092427212664,0.000967536870974307,11.047609138408456,0.24603846535212986,-0.8328358208955223,-0.7376252270624344,0.3974132501437074,1.577767503306797,0.2768885306310456,-0.8337277983780458,1.2813043955153058,-0.6656131431429546,0.27490872317660475,1.0238778703160538,Rental & Leasing Services,Industrials,AER
2021Q3,2021,Q3,2021-09-30,2021-09-30,433921000.0,1011986000.0,209691000.0,3.35,277888000.0,0.2745966841438518,41499328000.0,9854952000.0,3386871000.0,2372958000.0,31569374000.0,0.0,8322581000.0,7407262186.17,33675713186.17,76.91300251038864,1.4272781060600315,0.6645814843074086,2.79856106858765,0.004902042100428372,76.91300251038864,0.04403075732890429,7.319530296041645,4.26763292521565,0.7516284387960489,0.0,0.0,0.0,0.024385599689710637,1.252106864091147,0.010456097024028919,15.597125754181828,0.2745966841438518,0.7447916666666667,1.7273720344101546,0.17054351662921088,0.6698553367810974,-0.05913581668099975,0.7374144648069477,-0.056648506633435756,0.8732269296442013,-0.013724765991077434,0.26314391902330986,Rental & Leasing Services,Industrials,AER
2021Q2,2021,Q2,2021-06-30,2021-06-30,249751000.0,1039413000.0,222283000.0,1.92,295354000.0,0.2841546141908943,41824093000.0,9383537000.0,3753431000.0,2525323000.0,32372594000.0,0.0,7888710000.0,6567347074.5,33304734074.5,73.16971743976008,1.486317195859698,0.672825230184908,2.9989016934659074,0.005086444574101502,73.16971743976008,0.026615869900656862,6.318323009717985,6.573894673594901,0.699879701492092,0.0,0.0,0.0,0.024852015320451778,1.3905322210267756,0.005971462429561832,18.194718005086607,0.2841546141908943,0.09090909090909087,0.5745336824145337,0.23325308064496406,0.6523435876063213,-0.20910553953347633,0.0952790264225414,-0.2967775204687243,0.11278594901972547,-0.01441290785492331,0.22609028215481933,Rental & Leasing Services,Industrials,AER
2021Q1,2021,Q1,2021-03-12,2021-03-31,228025000.0,1095350000.0,316092000.0,1.76,373443000.0,0.34093486100333226,42064963000.0,9139325000.0,3693302000.0,2534876000.0,32857729000.0,0.0,7625705000.0,7511887950.6,34660711950.6,71.46591563005416,1.4569951350677508,0.6798136967337877,3.128933263671004,0.0071118519265136095,71.46591563005416,0.024949873212737266,6.857979596110832,8.23581619405767,0.8219302793805888,0.0,0.0,0.0,0.026039485640341583,1.3499070565976403,0.005420782136430264,24.276220294473138,0.34093486100333226,7.0,0.5667977008191812,0.27386283775650083,0.6691514999648076,0.6390365295400781,7.007058079921343,0.9262509369458308,-0.011082941392038895,0.034143973221180575,0.22423544361292364,Rental & Leasing Services,Industrials,AER
2020Q4,2020,Q4,2021-03-02,2020-12-31,28478000.0,1031617000.0,164097000.0,0.22,227843000.0,0.2208600672536416,42048039000.0,8864470000.0,3371617000.0,2642994000.0,33115553000.0,0.0,7399703000.0,5828938590.2,33371670590.2,69.31665797256866,1.275680913388377,0.6847288169610003,3.2479667707150006,0.0034094796966116668,69.31665797256866,0.003212600414914823,5.65029326794731,51.1705403311328,0.6575619963968518,0.0,0.0,0.0,0.024534247601891733,1.1824086622973795,0.0006772729639068305,17.15453247652962,0.2208600672536416,1.033033033033033,-0.8347836682691121,0.09541493726342269,0.6274637922010838,-0.09607274487322412,1.0335063281756476,-0.14148717438958675,-0.8768895484375417,-0.05986822552616764,0.18920534390157914,Rental & Leasing Services,Industrials,AER
2020Q3,2020,Q3,2020-09-30,2020-09-30,-849929000.0,1026556000.0,191141000.0,-6.66,252059000.0,0.24553848012188326,44421118000.0,8811373000.0,5485572000.0,2739982000.0,35541629000.0,0.0,7380699000.0,3213989706.9500003,31105810706.95,69.06011098605333,2.002046728774131,0.7009335964934517,3.533643848694182,0.0042469653221968474,69.06011098605333,-0.09645817967302031,3.13084693572489,-0.9453700564841299,0.3647546990633582,0.0,0.0,0.0,0.023109638978469654,1.898057724466803,-0.01913344459272727,5.80436955739283,0.24553848012188326,-4.46875,-5.4708470749084155,0.14751348486830496,0.6902457290537428,-0.36369465502399473,-4.4541394207127505,-0.44308831756095285,-4.9683891091970445,0.0002485853025098534,0.2797346366888054,Rental & Leasing Services,Industrials,AER
2020Q2,2020,Q2,2020-07-02,2020-06-30,246061000.0,1197279000.0,343216000.0,1.92,396129000.0,0.3308577198798275,45193774000.0,9633977000.0,4705992000.0,2917524000.0,35490711000.0,0.0,8232470000.0,3924717288.8,32275023288.8,75.60455180982615,1.6130088390018384,0.6800264346146441,3.1900596191998383,0.007345634840627656,75.60455180982615,0.025540957799670895,3.2780306752227344,3.9875450485855137,0.4073828792408369,0.0,0.0,0.0,0.026492122565378144,1.4737568568416233,0.005444577388026944,-23.988688068358936,0.3308577198798275,-0.10280373831775709,0.30528428249221773,0.3862621398722362,1.0393344814956067,-0.010827413132233779,-0.11112837037251105,0.021838091466918345,0.11370808808889368,0.21301180901755412,0.44763210613359733,Rental & Leasing Services,Industrials,AER
2020Q1,2020,Q1,2020-05-05,2020-03-31,276824000.0,1238177000.0,335881000.0,2.14,400465000.0,0.3234311411050278,47144828000.0,9382926000.0,6748642000.0,3016202000.0,37692842000.0,0.0,7986142000.0,2923951188.5499997,31039930188.55,73.13284995227387,2.2374635385826283,0.6959374419607597,3.496761138263267,0.0068779450831178935,73.13284995227387,0.029502950358981837,2.361496933435203,2.640622912527454,0.31162466682035006,0.0,0.0,0.0,0.02626326264251086,2.065042062832662,0.005871778766485265,13.489597466967464,0.3234311411050278,-0.10460251046025104,0.469286675161736,0.506580219662705,0.893641782641714,-0.08588835221825553,-0.10632170920525055,-0.08419901734639902,0.40369384055556823,0.32577876414239265,0.45852294531463755,Rental & Leasing Services,Industrials,AER
2019Q4,2019,Q4,2020-02-14,2019-12-31,309758000.0,1256952000.0,366762000.0,2.39,438092000.0,0.34853518670561806,43749244000.0,9314897000.0,3241270000.0,3074572000.0,34367039000.0,3157000.0,7734609000.0,7886585325.15,37302464325.15,72.60261507144851,1.0542182781863623,0.6980069187024123,3.2783266417223937,0.00816859887941781,72.60261507144851,0.033254044569682305,6.274372708862391,6.365118354610696,0.8466637178221079,0.0,259.3791574279379,0.0,0.028730827897277492,0.8855118696195763,0.007080305204816797,-14.388454560323579,0.34853518670561806,0.1890547263681594,0.8519515485447088,0.6171541876338937,0.9580933161047298,0.037196275400645386,0.1460209404713456,0.025422946914605404,0.12497596993908568,0.21633368754114402,0.4471340899019887,Rental & Leasing Services,Industrials,AER
2019Q3,2019,Q3,2019-10-01,2019-09-30,270290000.0,1194085000.0,357669000.0,2.01,422381000.0,0.3537277496995608,43549014000.0,9174916000.0,3540256000.0,3159781000.0,34309023000.0,6431000.0,7424094000.0,7291755234.0,35589701234.0,68.88967537716448,1.1204118260094609,0.6736057215899308,3.197289762652868,0.00806958252591095,68.88967537716448,0.02945967025747157,6.106562961598211,6.7443812516186314,0.794748991053433,0.0,119.99751205100296,0.0,0.02741933491307059,0.8141342706978744,0.006206569912237278,-13.692614216610457,0.3537277496995608,-0.16942148760330586,0.26234232314069555,0.5358093914041167,0.9313952481047556,-0.09067208039647102,-0.18454715501116273,-0.10572689427560601,0.6344456433663512,0.3287861458700201,0.4956611798133559,Rental & Leasing Services,Industrials,AER
2019Q2,2019,Q2,2019-07-30,2019-06-30,331460000.0,1281276000.0,399955000.0,2.42,464498000.0,0.3625276677312304,43067924000.0,9013009000.0,2017352000.0,3150248000.0,33989749000.0,57220000.0,7157186000.0,7018763794.88,35309990794.88,66.31250151195002,0.6403787892254832,0.6750757477885398,3.225794071657978,0.009122896811087773,66.31250151195002,0.03677573161194003,5.477948384953749,5.293824137814518,0.778737022772306,0.0,14.274344634743096,0.0,0.029750122155876378,0.40148648614331317,0.007696214937130473,-36.508524290663196,0.3625276677312304,0.44047619047619047,1.898395083765165,0.9568526757898126,0.5150052762162182,0.3148228873578315,0.41537068825634327,0.3964665421343901,0.9716809709094945,0.43439101228384924,0.497491591950097,Rental & Leasing Services,Industrials,AER
2019Q1,2019,Q1,2019-04-04,2019-03-31,234186000.0,1205027000.0,286405000.0,1.68,353278000.0,0.29317019452676163,44716954000.0,8906178000.0,4601796000.0,3252546000.0,35747173000.0,20256000.0,6825312000.0,6581630643.84,35049444643.84,64.4658357297989,1.414828875594688,0.6891333877526631,3.460064013991187,0.006263920394551616,64.4658357297989,0.026294780993597926,5.4618117634210686,7.02607184443135,0.7389960815784279,0.0,42.04921998420221,0.0,0.026947877532087716,1.144298343513051,0.005237074063676162,-18.809549465260968,0.29317019452676163,0.005988023952095814,2.5210623891367057,2.8067695345396677,1.9503491332669867,0.023383139342885117,0.006636806767479647,0.043616885601326365,0.48951470613234654,0.2972388274264925,0.5056582631906759,Rental & Leasing Services,Industrials,AER
2018Q4,2018,Q4,2018-12-31,2018-12-31,232642000.0,1219685000.0,274435000.0,1.67,345206000.0,0.2830288148169404,43208915000.0,8828048000.0,3032875000.0,3215846000.0,34328301000.0,30971000.0,6591674000.0,5470876857.6,33774445857.6,63.900305179480995,0.94310330780765,0.6829050671603302,3.342481486280999,0.006381297034809418,63.900305179480995,0.026352597992217532,4.4854834302299365,5.879072628330224,0.6197153501657445,0.0,28.235413774175843,0.0,0.028227623859566942,0.8105978955459932,0.0053841203834903055,-3.736723342103322,0.2830288148169404,-0.06703910614525145,1.914572841145081,2.6764661516604793,1.9924658148547072,-0.08408884077697208,-0.11660863258540882,-0.12460366573311472,0.2493525799599889,0.1988400877255351,0.500294965625143,Rental & Leasing Services,Industrials,AER
2018Q3,2018,Q3,2018-09-30,2018-09-30,263351000.0,1166517000.0,313498000.0,1.79,376899000.0,0.323097734537945,42149536000.0,8869852000.0,3397495000.0,3244070000.0,33225944000.0,54995000.0,6359681000.0,8295893572.35,35507392572.35,60.89013401565471,1.0472939856414936,0.6734941993192998,3.2004443817100894,0.007320420404381467,60.89013401565471,0.02969057431848919,7.111678245880686,7.875319983928294,0.9352910930588245,0.0,14.357996181471043,0.0,0.027675678327751935,0.8199311358879432,0.006248016585520657,-15.761173311199773,0.323097734537945,0.05294117647058828,1.4532277752418514,2.310714719940317,1.930727347748164,-0.03046992365155475,0.0358362177470107,0.03303764432962514,0.21335814466750813,0.14212357219408414,0.4902856003555355,Rental & Leasing Services,Industrials,AER
2018Q2,2018,Q2,2018-06-30,2018-06-30,254240000.0,1194652000.0,303472000.0,1.7,388744000.0,0.32540354848106395,42019387000.0,8669467000.0,3576861000.0,3204782000.0,33295571000.0,37120000.0,6095973000.0,7866506958.0,34813517958.0,59.677267249167286,1.116101188786008,0.6793414906314554,3.2926491328705674,0.007095013567741821,59.677267249167286,0.02932590896303083,6.584768583654487,7.7353159986626805,0.9073806911082308,0.0,21.710883620689657,0.0,0.02843097163697319,0.9458515431002795,0.006050540432681705,-10.836050837721793,0.32540354848106395,-0.011627906976744196,1.6220424375449738,2.8546245949506663,1.9780095908144875,-0.0019307001869082097,-0.04204612677515741,-0.0007968022547528267,0.18298815317576064,0.21329275291289224,0.609716689661508,Rental & Leasing Services,Industrials,AER
2018Q1,2018,Q1,2018-03-31,2018-03-31,265399000.0,1219126000.0,303714000.0,1.72,389496000.0,0.31948789542672373,42493720000.0,8592625000.0,4573215000.0,3414460000.0,33845441000.0,37034000.0,5846544000.0,7465709554.08,34203831554.08,58.375957012930684,1.3393669862877293,0.6798719198978108,3.3622189959412867,0.007048860709290628,58.375957012930684,0.03088683609490697,6.123821126019788,7.032533613615725,0.868850852222691,0.0,22.40184695145002,0.0,0.028689556951003583,1.0564013050379855,0.006245605232961482,-19.06239194088539,0.31948789542672373,-0.0057803468208092535,2.0303923632718166,2.9091672057058826,2.0176024840444167,-0.08337059507391945,-0.0031999879812657983,-0.49395000716468446,0.22782375177706674,0.2929807827793834,0.5115389510120558,Rental & Leasing Services,Industrials,AER
2017Q4,2017,Q4,2017-12-31,2017-12-31,266251000.0,1263009000.0,600166000.0,1.73,424922000.0,0.33643624075521233,42040144000.0,8579710000.0,4244529000.0,3476901000.0,33401330000.0,38972000.0,5580257000.0,7743907327.29,34504977327.29,58.28821601587542,1.2207793664530568,0.6760380982519946,3.3125524056174394,0.01367141124496247,58.28821601587542,0.031032633970145843,6.131316029648245,7.271247175869761,0.902583808460892,0.0,21.504849635635843,0.0,0.030042927540876167,0.9233256857184027,0.0063332561372767895,-6.003429164494687,0.33643624075521233,0.06790123456790115,18.32461133479237,4.80038085316281,2.272884463721289,-0.006151298555497343,0.001519671089009844,-0.03792878474320605,0.38749773971140355,0.41635829248000966,0.5720338182865018,Rental & Leasing Services,Industrials,AER
2017Q3,2017,Q3,2017-09-30,2017-09-30,265847000.0,1273908000.0,623827000.0,1.62,427552000.0,0.33562235263457013,41006730000.0,8546475000.0,3427990000.0,3596361000.0,32404135000.0,42267000.0,5313120000.0,8094416737.26,33927817737.260002,53.96439934199168,0.9531829535466545,0.6654428187763326,3.1928524918168018,0.01541347969321271,53.96439934199168,0.031106040794596602,6.354004164555055,7.611912808175378,0.9471058813440629,0.0,20.024037665318097,0.0,0.031065827487341713,0.7933930993023225,0.006483009008521284,-14.509685598901523,0.33562235263457013,-0.029940119760478938,2.7209280276335157,2.8369307194329862,2.127305715343147,0.024366168162498623,-0.06021281108597285,0.026424600216859422,0.04411229101206036,0.3778705585130873,0.5129492755673387,Rental & Leasing Services,Industrials,AER
2017Q2,2017,Q2,2017-06-30,2017-06-30,282880000.0,1263750000.0,607767000.0,1.67,417382000.0,0.33027260138476755,41019489000.0,8520758000.0,3835953000.0,3714843000.0,32442242000.0,46892000.0,5047251000.0,7575079200.76,33154965200.760002,52.226357435353016,1.032601646960585,0.6626354121573772,3.1899704228191905,0.01481027989928406,52.226357435353016,0.03319892432105219,5.99412795312364,6.694604780083428,0.8890147098133757,0.0,18.04930478546447,0.0,0.03080852616179592,0.761323426050576,0.006896234129098976,-45.11365664405548,0.33027260138476755,0.12837837837837834,7.130761304447679,3.254485201583467,2.135408663195435,0.06966719460376526,0.08311349182342738,0.025950634206288382,1.060699192943819,0.6079128539996802,0.19318688434420367,Rental & Leasing Services,Industrials,AER
2017Q1,2017,Q1,2017-03-31,2017-03-31,261173000.0,1236826000.0,592394000.0,1.48,390198000.0,0.3154833420384112,41442898000.0,8519654000.0,3637342000.0,3816771000.0,32865915000.0,59386000.0,4767381000.0,7810830781.57,33395704781.57,50.141720558600746,0.9529893200299415,0.6640583870365436,3.23023728428408,0.014300476185815538,50.141720558600746,0.030655352905176667,6.315222013096426,7.476682870712133,0.9168014078470792,0.0,14.256356717071364,0.0,0.02984410018816734,0.8010451766689697,0.0063019965447397045,-112.62751483857478,0.3154833420384112,-0.2850241545893719,2.307816237675483,2.9582135242362515,1.9939925629702338,-0.27612287793647583,-0.2837707390648567,-0.13730452992523423,2.192861627715997,2.176928506191068,1.2947904128729217,Rental & Leasing Services,Industrials,AER
2016Q4,2016,Q4,2016-12-31,2016-12-31,364650000.0,1368557000.0,686678000.0,2.07,539039000.0,0.393873985519054,41620453000.0,8524447000.0,3668805000.0,3831308000.0,33038189000.0,52673000.0,4509007000.0,7070016724.41,32751568724.41,50.16992936457307,0.9575855034364243,0.6659465960161461,3.2514717963523028,0.016225097145430894,50.16992936457307,0.04277696840627902,5.166037457270687,4.847125136713287,0.8293812753378607,0.0,15.748447971446472,0.0,0.032881838167402935,0.8298889047813436,0.00876131742247015,-14.459205961207699,0.393873985519054,0.6967213114754097,2.930468695117621,5.725822767540523,2.0821334387929253,0.40530274392230986,0.6161629592203061,0.2536248023747887,2.7145143205643696,2.3541679719535,1.349469194794535,Rental & Leasing Services,Industrials,AER
2016Q3,2016,Q3,2016-09-30,2016-09-30,225627000.0,1226060000.0,547754000.0,1.22,383575000.0,0.3128517364566171,41797800000.0,8369518000.0,4266595000.0,3964032000.0,33370773000.0,61424000.0,4146969000.0,6994029216.06,32763894216.06,46.0596800311159,1.0763270831315186,0.669841092114896,3.345220596932822,0.01257570612140083,46.0596800311159,0.02695818325499748,5.704475487382347,7.749548165844514,0.835654958393064,0.0,13.715892810627768,0.0,0.02933312279593663,0.8669811444509025,0.005398059227997646,-275.0847282619469,0.3128517364566171,0.0,26.80161892475638,1.9502895787302241,2.0329991815456894,0.05277097719762425,-0.032777046636344544,-0.013158985187133597,0.6849378358196815,1.7895382689819734,1.2169168466769378,Rental & Leasing Services,Industrials,AER
2016Q2,2016,Q2,2016-06-30,2016-06-30,233273000.0,1239496000.0,555058000.0,1.22,364348000.0,0.2939485081032936,42922807000.0,8351710000.0,5082003000.0,4011280000.0,34507980000.0,146689000.0,3924226000.0,6335113367.4800005,32889690367.48,44.28238653787369,1.2669280130033307,0.6788728658868932,3.4890015338176252,0.012806371859041668,44.28238653787369,0.02793116619231271,5.111039783492646,6.789377004068195,0.7585408697715798,0.0,5.966009721246992,0.0,0.028877328549365377,0.9137247960750683,0.005434709803578317,-69.52494916022827,0.2939485081032936,0.07964601769911513,4.983828057460922,1.696887881124293,1.8599135990083737,-0.08785756129801073,0.04569212838443608,-0.05016650295872164,0.8531022961408483,2.080526053793835,1.2097756464507397,Rental & Leasing Services,Industrials,AER
2016Q1,2016,Q1,2016-03-31,2016-03-31,223080000.0,1318018000.0,584374000.0,1.13,399442000.0,0.30306262888670715,43717710000.0,8392850000.0,4605704000.0,4122784000.0,35258454000.0,200186000.0,3690953000.0,7597837914.0,34481402914.0,42.81571542880376,1.1171344411931354,0.6819386697061671,3.55216606992857,0.013230647124198426,42.81571542880376,0.026579767301929617,5.7645934380258845,8.5147009077461,0.9052750750936809,0.0,4.58861259029103,0.0,0.030148376939231263,0.9669609176711659,0.005102737540461292,51.830533556177095,0.30306262888670715,-0.15671641791044788,1.3558551146463018,1.7750466023708993,1.7948166622631394,-0.14204770005326736,-0.15566842916024815,-0.014295377069034443,0.9126953663181588,2.1735298230494218,1.2132538093633,Rental & Leasing Services,Industrials,AER
2015Q4,2015,Q4,2015-12-31,2015-12-31,264209000.0,1443547000.0,592849000.0,1.34,465576000.0,0.32252223169733996,43914479000.0,8348963000.0,4106013000.0,4377592000.0,35488670000.0,260269000.0,3472132000.0,8460337573.999999,35864082574.0,42.591828036198876,0.9379615551198011,0.6787475037561074,3.5701251760248547,0.01316784896255058,42.591828036198876,0.03164572654112852,5.860798140968045,8.005345743331983,1.0133399290426848,0.0,3.7575393150932306,0.0,0.03287177789357355,0.7664583634107518,0.006016443915912107,132.96981696161944,0.32252223169733996,-0.09459459459459453,1.5304518838019683,1.5715578074960241,1.6194491002949767,0.04078402618189622,-0.10107615415236273,-0.06058622940844642,13.399675884163896,3.9781340007386086,1.391531973172717,Rental & Leasing Services,Industrials,AER
2015Q3,2015,Q3,2015-09-30,2015-09-30,293917000.0,1383110000.0,631084000.0,1.48,447332000.0,0.323424745681833,43202087000.0,8059825000.0,2951549000.0,4376290000.0,35065799000.0,304079000.0,3220402000.0,7543381478.400001,35563097478.4,40.85803016625017,0.6744409077094983,0.6786988785981566,3.637945985179579,0.014257541373875051,40.85803016625017,0.03646692080783392,5.453927365430082,6.416251423361017,0.9359237301554315,0.0,3.077417381667264,0.0,0.03201488853999113,0.5148022640181523,0.00680330559030632,29.185650031339232,0.323424745681833,0.013698630136986314,2.428848637679843,0.7536209504929059,1.7578578995567242,-0.005252460562071098,-0.04914771164864174,0.033711546053008745,2.3027500188584202,2.344522373483954,1.3677749185498673,Rental & Leasing Services,Industrials,AER
2015Q2,2015,Q2,2015-06-30,2015-06-30,309109000.0,1416198000.0,610503000.0,1.46,449694000.0,0.31753610723924197,44056479000.0,7746243000.0,3111660000.0,4248767000.0,36234139000.0,292358000.0,2931090000.0,9567583903.07,38681646903.07,37.07314935134098,0.7323677669309708,0.6964335030041778,3.9609405488570393,0.01343953577891916,37.07314935134098,0.03990437687018081,6.755823622876179,7.738034077841473,1.2351257123059527,0.0,3.305892091203251,0.0,0.03214505634914674,0.5696382032716786,0.007016198457439143,-77.72457190379866,0.31753610723924197,0.006896551724137937,2.615147461982257,0.36427021959142936,1.5774414946554023,-0.021666343959465074,-0.00765983402622835,-0.18038216423691336,5.937411833224593,2.722774100493584,1.2256860205503823,Rental & Leasing Services,Industrials,AER
2015Q1,2015,Q1,2015-03-31,2015-03-31,311495000.0,1358765000.0,744863000.0,1.45,459653000.0,0.3382873418140738,44083750000.0,8192083000.0,3140995000.0,4281360000.0,35815111000.0,311174000.0,2621981000.0,9258996532.5,37921609532.5,38.62021350746196,0.7336442158566436,0.6863443105452689,3.6933989804546656,0.016757633826932315,38.62021350746196,0.03802390674020271,6.814273647393037,7.4310956295446156,1.1302371487813296,0.0,2.889418781774827,0.0,0.030822355176227067,0.5641298559336285,0.00706598236311566,-22.99754732270596,0.3382873418140738,0.043165467625899324,2.630222964492454,0.4963323151187687,0.9717326075338356,0.0948289824695122,0.12660494050417737,0.16060237772480096,2.1601465915449483,2.4831968227675967,1.3060363851401597,Rental & Leasing Services,Industrials,AER
2014Q4,2014,Q4,2014-12-31,2014-12-31,276490000.0,1284854000.0,641790000.0,1.39,419840000.0,0.32676086154535844,43867380000.0,7863777000.0,3295277000.0,4254537000.0,35924832000.0,315532000.0,2310486000.0,8233184381.82,37145207381.82,37.07822016157953,0.7745324579384314,0.6930523774157472,3.866130995321968,0.015113386546240323,37.07822016157953,0.03515994922033013,6.4078754331776215,7.444378080418821,1.0469758211378577,0.0,2.7414461924622544,0.0,0.029289508514071277,0.5284417552368214,0.006302861032502967,-75.41756175637549,0.32676086154535844,-0.1257861635220127,1.5683437217585277,0.8700346255994581,1.506356483552003,-0.13790554414784395,-0.18904808693484287,0.6320235576531857,1.387580191328322,4.058790850710644,1.2778589417673731,Rental & Leasing Services,Industrials,AER
2014Q3,2014,Q3,2014-09-30,2014-09-30,340945000.0,1238025000.0,393248000.0,1.59,487000000.0,0.3933684699420448,43865284000.0,7564190000.0,3400995000.0,4285076000.0,36220729000.0,273901000.0,2033996000.0,8673667253.6,37756983253.6,35.66834672745763,0.793683705959941,0.7027792182993732,4.075467432732387,0.00848025683638826,35.66834672745763,0.04507356372592439,7.006051778922074,6.360019397263487,1.1466749584026843,0.0,2.7419578606868904,0.0,0.0282233440002349,0.5653264959594649,0.007772547420415652,69.12059714709211,0.3933684699420448,0.9156626506024098,2.8563091837966557,1.3360294030259872,1.4987788108883062,0.5191595023894788,1.4652388630595585,0.1444203223309334,34.40721678288102,1.5525979593973407,1.3487368205420402,Rental & Leasing Services,Industrials,AER
2014Q2,2014,Q2,2014-06-30,2014-06-30,138301000.0,791838000.0,343622000.0,0.83,320572000.0,0.4048454355562628,43938330000.0,7194613000.0,3576537000.0,4274910000.0,36664652000.0,270744000.0,1689925000.0,7528208700.2,37137442700.2,43.77047562340373,0.8366344554622203,0.7132876693310829,4.356129926654845,0.007041300375866205,43.77047562340373,0.019222854655281667,9.50725868195262,13.60837719936949,1.0463674279909148,0.0,1.7406332180953226,0.0,0.01802157706039351,0.5764771656011471,0.003147616215727817,-32.17581965371777,0.4048454355562628,0.7659574468085106,0.26421552976987706,0.39009701479387154,2.1600007924876445,2.3808835781858066,1.5278463197528833,5.287455170899509,3.070597545578069,0.9768436253181827,1.8268525763256576,Rental & Leasing Services,Industrials,AER
2014Q1,2014,Q1,2014-03-31,2014-03-31,54711000.0,260392000.0,54652000.0,0.47,94819000.0,0.3641394512888261,9499487000.0,2483164000.0,703593000.0,647323000.0,7013471000.0,0.0,1554750000.0,4794670019.57,10678942019.57,21.850239689570046,1.0869272372524998,0.6531308480131611,2.498589702492465,0.00575592351925256,21.850239689570046,0.022032777537045477,18.413276980744413,21.90907687471441,1.9308712672904407,0.0,0.0,0.0,0.02741116441340464,0.6744700868036514,0.005759363637215357,-148.59821544567035,0.3641394512888261,-0.17543859649122803,0.36671619353826446,-0.0536105700266836,0.594822189004824,-0.13273454006640387,-0.16628316291544123,-0.19320932979037497,-0.003402822509166371,-0.05434301502866936,0.42628502986011907,Rental & Leasing Services,Industrials,AER
2013Q4,2013,Q4,2013-12-31,2013-12-31,65623000.0,272747000.0,67740000.0,0.57,109331000.0,0.4008513384198543,9451141000.0,2425372000.0,714567000.0,609823000.0,7021909000.0,0.0,1500039000.0,4355820688.7,10389858688.7,21.353729376715883,1.1717613143485897,0.6697130007900634,2.6097241990094715,0.007049721144212929,21.353729376715883,0.027056880346602502,15.97018734834847,16.59410834882587,1.7959392162109566,0.0,0.0,0.0,0.028858631989513224,0.7145073242563826,0.006943394453643216,-49.084647329870066,0.4008513384198543,-0.21917808219178087,3.5862716761424545,-0.3510820517845622,0.6373269483321344,-0.07276674780130776,-0.21548632364192807,-0.5595349563046192,0.08469637295135778,-0.1614538362776903,0.31328026484896493,Rental & Leasing Services,Industrials,AER
2013Q3,2013,Q3,2013-09-30,2013-09-30,83648000.0,274554000.0,153792000.0,0.73,117911000.0,0.42946378490205933,9286867000.0,2358302000.0,731723000.0,574469000.0,6924942000.0,0.0,1434416000.0,2208872977.5,8122323977.5,20.776458124785947,1.27373800849132,0.6710065945813588,2.6423880402085906,0.016382231253395614,20.776458124785947,0.03546958786448894,8.045313408291266,6.6016909474823064,0.9366370284636998,0.0,0.0,0.0,0.029563683855922562,0.7853356752061469,0.00900712802283052,-18.339418962339344,0.42946378490205933,0.10606060606060598,0.22083125992892924,-0.3187671857033645,0.5682846685216262,0.1667309842570329,0.10515398538757283,0.1901839541236834,0.6958969172566016,-0.39503944203097974,0.4023808522120219,Rental & Leasing Services,Industrials,AER
2013Q2,2013,Q2,2013-06-30,2013-06-30,75689000.0,241929000.0,129217000.0,0.66,101061000.0,0.4177299951638704,8972557000.0,2272453000.0,549119000.0,559009000.0,6698352000.0,0.0,1350768000.0,1984495520.0,7851498520.0,20.039313316262866,0.9823079771524251,0.6713729430752015,2.650849984576139,0.014183927952845097,20.039313316262866,0.03330717951042332,8.202801317741983,6.554768592529958,0.8732834166427204,0.0,0.0,0.0,0.026963216839971035,0.5256892107282709,0.008435610941228905,-2.423953428720096,0.4177299951638704,0.11864406779661028,-0.17257314476906374,-0.4557741089730107,0.5877538511278404,0.1480290809951153,0.12214974054855449,-0.0012907314660236197,0.6310478267898264,-0.5705783715972096,0.3931958457656154,Rental & Leasing Services,Industrials,AER
2013Q1,2013,Q1,2013-03-31,2013-03-31,67450000.0,240185000.0,129384000.0,0.59,88030000.0,0.3665091491974936,8649373000.0,2193034000.0,792009000.0,549498000.0,6455357000.0,0.0,1275079000.0,1754867521.8,7173016521.8,19.345144803397318,1.441331906576548,0.6698249688156587,2.6418040030387124,0.014904170161784386,19.345144803397318,0.030756477099762248,7.30631605554052,6.504327360266864,0.8002007820216194,0.0,0.0,0.0,0.027769064879038054,0.9026365883042341,0.007798253121931497,-6.4188223655237495,0.3665091491974936,5.555555555555555,-0.005503346238329314,-0.38828905486200954,0.6403182882254524,1.1614210479990612,5.047700170357751,1.5740984784952678,0.4708570527276593,-0.5050790037130182,-0.012344848923417319,Rental & Leasing Services,Industrials,AER
2012Q4,2012,Q4,2012-12-31,2012-12-31,11153000.0,176263000.0,-225369000.0,0.09,-545344000.0,-3.0939221504229475,8581418000.0,2122038000.0,928410000.0,538641000.0,6458512000.0,0.0,1207629000.0,1634771957.0,7004137957.0,17.809432829657965,1.7236155435624099,0.6863396002851743,2.7755238124859214,-0.028626641261050377,17.809432829657965,0.005255796550297403,9.274617798403522,36.64422032188649,0.770378267024436,0.0,0.0,0.0,0.020540078574426746,1.1953731706275608,0.0012996686561591569,-6.971279256804875,-3.0939221504229475,-0.7999999999999999,-0.8235688018287998,-0.5344624253246465,0.5935427182064438,-3.0264498556368515,-0.8074113726235085,-2.7463154958389513,-0.8155941639909717,-0.5433680793997686,0.20385464152483224,Rental & Leasing Services,Industrials,AER
2012Q3,2012,Q3,2012-09-30,2012-09-30,57911000.0,269113000.0,129054000.0,0.45,269113000.0,1.0,9133814000.0,2215120000.0,639126000.0,618423000.0,6915755000.0,6506000.0,1196476000.0,1640556165.06,7462101165.059999,17.255875905330342,1.0334770860721545,0.6712638334873033,2.76788571273791,0.01525833129683251,17.255875905330342,0.0261435046408321,6.096160962346672,7.0822303407815435,0.7406172871266568,0.0,0.0,0.0,0.029463376416467426,0.521182103511674,0.006340286763010502,-94.12795714384072,1.0,1.142857142857143,-0.2107426350413481,-0.46923075182843443,0.6162752178795399,0.06556195680148878,0.9577093404550218,0.07699369095703842,0.0821009669745075,-0.16111434539373953,0.20887624551335449,Rental & Leasing Services,Industrials,AER
2012Q2,2012,Q2,2012-06-30,2012-06-30,29581000.0,252555000.0,119828000.0,0.21,252555000.0,1.0,9289079000.0,2310606000.0,783611000.0,581458000.0,6974266000.0,7167000.0,1138565000.0,1564730016.0,7315466016.0,16.656953860083682,1.3476656955446482,0.6701403874377643,2.6940928050909587,0.013170263151032749,16.656953860083682,0.01280226918825624,6.195601021559661,13.224113586423718,0.6771946476378923,0.0,0.0,0.0,0.027188378955545538,0.8351574834295856,0.00318449224083464,-23.093600802880925,1.0,-0.5434782608695652,-0.4692425343332293,-0.37221328895741035,0.6546753094225575,-0.018357574297063875,-0.544977695739117,-0.08907218062260062,-0.6795911447457261,-0.47463564861813307,0.2025454749719582,Rental & Leasing Services,Industrials,AER
2012Q1,2012,Q1,2012-03-31,2012-03-31,65010000.0,257278000.0,131545000.0,0.46,257278000.0,1.0,9255899000.0,2342958000.0,747704000.0,663134000.0,6907433000.0,8864000.0,1108984000.0,1554282822.84,7410605822.84,16.74744325645783,1.1275307856330696,0.6785961039548941,2.680806484794008,0.013760290253676524,16.74744325645783,0.027746976258217176,6.041258183132642,5.977091304568527,0.6633848420842371,0.0,0.0,0.0,0.027796111431207277,0.6562595191921995,0.007023628931128138,-14.042905492722328,1.0,-0.16363636363636366,-0.34724381836046786,-0.49467240869713586,0.7499697253790414,1.6234941437915467,-0.14895009687385452,1.8679000046184195,0.319219502167068,-0.24041198393402027,0.22237533747730356,Rental & Leasing Services,Industrials,AER
2011Q4,2011,Q4,2011-12-31,2011-12-31,76388000.0,167537000.0,-151567000.0,0.55,-412639000.0,-2.462972358344724,9107632000.0,2277236000.0,737598000.0,565073000.0,6824315000.0,13953000.0,1043974000.0,1579464722.76,7279548722.76,16.27766297627316,1.3053145345822574,0.6709938434051793,2.683588789216401,-0.016676607141985014,16.27766297627316,0.03354417372639463,9.42755763061294,5.16921742538095,0.6935885093859396,0.0,41.5807353257364,0.0,0.01839523160356062,0.8524898552930329,0.008387251483151713,17.35904429990768,-2.462972358344724,12.000000000000002,3.7080335612723965,-0.4845064633495192,0.8963995974493227,-2.59247524293951,11.76645525017618,-2.132796209239232,3.444172418885956,-0.6763846040019985,0.2481124854931194,Rental & Leasing Services,Industrials,AER
2011Q3,2011,Q3,2011-09-30,2011-09-30,-7095000.0,337175000.0,133799000.0,-0.05,259118000.0,0.7684970712538,9553384000.0,2238909000.0,514791000.0,506947000.0,7308466000.0,16470000.0,967586000.0,1462512176.96,7388886176.96,15.186182809202995,1.015473017889444,0.6490591187374024,2.7695234598637106,0.01497578615920027,15.186182809202995,-0.003168954164729339,4.337546309661155,-51.53319862438337,0.6532253776102557,0.0,4.739344262295082,0.0,0.035293776529866275,0.5674952213939525,-0.0007426687757971416,5582.107545648855,0.7684970712538,-1.2380952380952381,-1.1074300265383894,-0.109507243998315,1.2011651862884936,-0.08968972204266322,-1.2300434472472603,0.146314716289271,-1.0797246400314815,-0.35588525978367314,0.14630980554993459,Rental & Leasing Services,Industrials,AER
2011Q2,2011,Q2,2011-06-30,2011-06-30,30842000.0,363613000.0,116721000.0,0.21,284648000.0,0.7828322969750806,9571037000.0,2310360000.0,728778000.0,541368000.0,7254815000.0,132796000.0,974681000.0,1941238284.44,8116410284.440001,15.483819704632984,1.3461785698452808,0.6811417613368332,2.8217390363406567,0.012149219619085536,15.483819704632984,0.013349434720130195,5.338748296788069,15.735346965501588,0.8402319484582489,0.0,0.5946338745142926,0.0,0.03799097213812881,0.7480235255870313,0.0032224303385307153,561.538410309517,0.7828322969750806,-0.5625000000000001,-0.5385739773062803,-0.05114315703985109,0.0,0.03637628023316355,-0.572167737102748,-0.15902819306449173,-0.7437582446231472,-0.3783567911029004,0.22681321351708494,Rental & Leasing Services,Industrials,AER
2011Q1,2011,Q1,2011-03-31,2011-03-31,72089000.0,361583000.0,138793000.0,0.48,274657000.0,0.7595959987056914,9789055000.0,2286194000.0,716545000.0,668111000.0,7496374000.0,124985000.0,943839000.0,1875851594.82,8405145594.82,15.319686620922452,1.072493941874928,0.6999392689079794,2.9970090027355507,0.013797061382238055,15.319686620922452,0.03153231965441253,5.187886584325037,6.505332279612701,0.8205128675956634,0.0,0.695491458975077,0.0,0.03693747762169076,0.5709021405125795,0.007364245067578025,-6.619422253816349,0.7595959987056914,-0.09433962264150951,0.07836778113937634,-0.05657441923651973,0.0,1.7257878686982395,-0.004859126737620961,0.07523124835375962,-0.192578045380161,-0.30045033268176496,0.29899064543413484,Rental & Leasing Services,Industrials,AER
2010Q4,2010,Q4,2010-12-31,2010-12-31,72441000.0,389466000.0,129082000.0,0.53,-378426000.0,-0.9716534947851674,9600607000.0,2211350000.0,890126000.0,607686000.0,7383210000.0,121085000.0,871750000.0,1920329996.9599998,8082042996.96,16.259841823764624,1.4647795078379295,0.6839320680452808,2.9693006534469895,0.013380910882877775,16.259841823764624,0.03275872204761797,4.930674300092948,6.627220762275506,0.8683971315983448,0.0,6.341759920716852,0.0,0.04056680999440973,0.8903249375499847,0.00754546040682636,-35.73105829413515,-0.9716534947851674,0.2325581395348838,0.9995702396302741,0.47674695753434254,2.0312906917995495,-2.3746599003948607,0.3963722579898994,-0.09567179027308775,0.003991455353353213,-0.09879201534677162,0.4548892592637563,Rental & Leasing Services,Industrials,AER
2010Q3,2010,Q3,2010-09-30,2010-09-30,51878000.0,477340000.0,142738000.0,0.43,275287000.0,0.5767105208027821,9338580000.0,1768726000.0,698815000.0,516126000.0,7358060000.0,119097000.0,799309000.0,1412341644.35,7827187644.35,14.815132488449589,1.35396201702685,0.7175190446513281,3.7883815808666803,0.015029128698493066,14.815132488449589,0.029330716006888573,2.958774970356559,6.806072151730985,0.7985078776192582,0.0,1.6965414745963374,0.0,0.05111483758772747,0.669921685789904,0.005555234307571387,-4.116785965359738,0.5767105208027821,0.04878048780487809,-0.9846500405061807,-0.9761211726579958,0.0,-0.00395109613972118,0.0618769829086071,0.014282871923142516,-0.23976819846874545,0.012288103177653767,0.38766247636762347,Rental & Leasing Services,Industrials,AER
2010Q2,2010,Q2,2010-06-30,2010-06-30,48855000.0,593126000.0,140728000.0,0.41,276379000.0,0.46597013113571145,9098359000.0,1717219000.0,679766000.0,492181000.0,7176905000.0,125057000.0,747431000.0,1239231299.1000001,7372842299.1,14.38370160029474,1.3811301127024407,0.702749473833688,3.7233847284475656,0.01599990834059151,14.38370160029474,0.028450069560143464,2.0893221661164745,6.341373959164876,0.7216501209804923,0.0,2.5328210336086743,0.0,0.06519043708871017,0.6262878900241984,0.00536964962582813,-2.2124942405544665,0.46597013113571145,0.024999999999999883,-0.9855445030442472,-0.9703290037582151,0.0,0.32939710819728907,0.42024477455739995,0.40361656077637365,0.018515333499008035,0.7130829911418263,0.42885404474488137,Rental & Leasing Services,Industrials,AER
2010Q1,2010,Q1,2010-03-31,2010-03-31,34399000.0,364036000.0,100261000.0,0.4,207898000.0,0.5710918700348318,8709529000.0,1665614000.0,590090000.0,472339000.0,6849744000.0,97988000.0,698576000.0,979625744.64,6836261744.64,19.586942651299246,1.2492934100296609,0.6983780638424879,3.651832897658161,0.011645954405579634,19.586942651299246,0.020652444083683254,2.6910133740619058,7.11958010872409,0.5881469203789113,0.8430477630163667,1.5934400130628241,0.02960314197403737,0.04179743818523367,0.587749476541213,0.003949582118619732,-1.7821551661130173,0.5710918700348318,-0.2156862745098039,-0.9857104966038471,-0.974433174352649,0.0,2.1206231134109528,-0.20306273746640718,5.118325501922255,-0.43176900077638464,0.17631320442560247,1.0466739983902975,Rental & Leasing Services,Industrials,AER
2009Q4,2009,Q4,2009-12-31,2009-12-31,43164000.0,275486000.0,16387000.0,0.51,-185520000.0,-0.6734280507902398,6769501000.0,1258009000.0,701076000.0,356992000.0,5356169000.0,102538000.0,664177000.0,770434830.4200001,5434481830.42,14.793673767042252,1.9638423269989242,0.7159558732615594,3.852646523196575,0.0025767534864285365,14.793673767042252,0.03431136025258961,2.7966387780867272,4.462253442799556,0.6124239416570152,0.0,4.495952719967232,0.0,0.04069517088482593,1.261260756543564,0.006376245457383048,-1.8970433424766822,-0.6734280507902398,0.21428571428571436,0.9054930532821913,0.6705886491382375,1.7579558321417723,-2.075247628044999,0.21753356651246755,-0.7761247045643948,3.5174384696139036,0.3945057225729052,0.7235101265770758,Rental & Leasing Services,Industrials,AER
2009Q3,2009,Q3,2009-09-30,2009-09-30,35452000.0,212510000.0,73197000.0,0.42,172537000.0,0.8119006164415792,6417628000.0,1213844000.0,481925000.0,309940000.0,5082873000.0,108444000.0,621012000.0,771285199.99,5161176199.99,14.274311344419345,1.554897722139769,0.7157267451463376,3.784067804429564,0.012357484738711615,14.274311344419345,0.029206388959372043,3.629406616112183,5.438939975107187,0.6354071857586312,0.0,0.36860499428276344,0.0,0.033113480556990836,0.8143963347744725,0.005524159393470609,-2.8440244104426706,0.8119006164415792,-0.37313432835820903,-0.9852730755428817,-0.9850750856554886,0.0,-0.08806600457719121,-0.3735953070888402,-0.12557789485001614,-0.06933339249908868,-0.026951463503163634,1.0689937415041406,Rental & Leasing Services,Industrials,AER
2009Q2,2009,Q2,2009-06-30,2009-06-30,56596000.0,294695000.0,83709000.0,0.67,189199000.0,0.6420163219599926,6130827000.0,1177882000.0,385851000.0,311722000.0,4835768000.0,0.0,585560000.0,613966829.54,4732509829.54,13.851412862762716,1.2378048389269927,0.7074030958629236,3.6820038000410906,0.0149826618984418,13.851412862762716,0.04804895566788524,2.083397511121668,2.712059286610361,0.5212464657240709,0.0,0.0,0.0,0.048067740290176186,0.8265922841506214,0.009231381019232805,-1.8569716706993962,0.6420163219599926,0.9142857142857145,-0.9764897603358044,-0.9793031027586664,0.0,0.09962977385401349,0.8894304600387261,1.3377178284182305,0.4857273868363302,0.34936021110976045,0.0,Rental & Leasing Services,Industrials,AER
2009Q1,2009,Q1,2009-03-31,2009-03-31,29954000.0,205881000.0,35808000.0,0.35,172057000.0,0.8357109203860482,5790078000.0,1165069000.0,460840000.0,312501000.0,4629075000.0,94148000.0,528964000.0,276370110.25,4235280110.25,13.700737198298382,1.4746832810135007,0.7139784645388196,3.548279973117472,0.006406419251716342,13.700737198298382,0.025710065240771147,1.342377928269243,2.306621071058957,0.23721351289065282,0.0,0.35926413731571566,0.0,0.03555755207442801,0.7095593294101459,0.0051733327253967905,-0.8246333960428832,0.8357109203860482,2.590909090909091,-0.987556970123307,-0.9855406508391964,0.0,1.592160601325725,2.576775280307417,1.2348727838013343,-0.21366389594148993,-0.05730457040842704,0.0,Rental & Leasing Services,Industrials,AER
2008Q4,2008,Q4,2008-12-31,2008-12-31,-18997000.0,314683000.0,-152457000.0,-0.22,-290558000.0,-0.9233355472014694,5410826000.0,1109037000.0,682077000.0,350031000.0,4284771000.0,102879000.0,499011000.0,255961240.57,3852885240.57,13.041823686141544,1.9486188366173283,0.7005375889004747,3.4178183414980743,-0.014486932228990385,13.041823686141544,-0.017129275218049533,0.8133939252199832,-3.368442919539927,0.23079594330035877,0.0,5.8830373545621555,0.0,0.058158033542383365,1.3095211566975495,-0.0035109242100928766,-0.6428634877862557,-0.9233355472014694,-1.3666666666666667,-1.838630607293156,0.9082851683089812,1.4313618282627667,-2.504826914710696,-1.3700882507646452,-2.453355576739752,-1.838630607293156,0.9082851683089812,1.4313618282627667,Rental & Leasing Services,Industrials,AER
2008Q3,2008,Q3,2008-09-30,2008-09-30,51331000.0,301934000.0,104900000.0,0.6,193084000.0,0.639490749634026,5269507000.0,1126560000.0,1037064000.0,410515000.0,4111622000.0,89746000.0,518009000.0,902242113.77,4328811113.77,13.247887033398902,2.526251172307955,0.6837476447037645,3.1982433248118167,0.02057765501456353,13.247887033398902,0.04556437295838659,2.9882097205680713,4.3942360063606785,0.8008824330439568,0.0,1.2128674258462773,0.0,0.057298339294359034,0.9603010852222209,0.00974113897182412,-6.495015684421184,0.639490749634026,-0.25925925925925936,-0.9786768656406313,-0.978794696307488,0.0,0.13512051734273955,-0.251691060703248,0.07910708774817406,-0.9786768656406313,-0.978794696307488,0.0,Rental & Leasing Services,Industrials,AER
2008Q2,2008,Q2,2008-06-30,2008-06-30,68596000.0,333353000.0,97210000.0,0.81,170100000.0,0.5102698940762495,5217726000.0,1073266000.0,1016604000.0,439698000.0,4111850000.0,88627000.0,466678000.0,1074016766.91,4478148766.91,12.621171286738306,2.3120505437823233,0.6861230352072915,3.335614842918717,0.01901790463243949,12.621171286738306,0.06391332623972062,3.2218602109775527,3.9142835111012304,1.0006995161590884,0.0,1.8420233111805657,0.0,0.0638885598822169,0.9460970939144595,0.013146723304366692,-1.532295792544085,0.5102698940762495,0.35000000000000014,-0.9715049049401872,-0.9765880901064141,0.0,-0.0595663279409976,0.3482978221558299,-0.07276872156354029,-0.9715049049401872,-0.9765880901064141,0.0,Rental & Leasing Services,Industrials,AER
2008Q1,2008,Q1,2008-03-31,2008-03-31,50876000.0,294533000.0,104839000.0,0.6,180874000.0,0.6141043618202374,4594650000.0,1002886000.0,956163000.0,427526000.0,3561185000.0,83469000.0,398082000.0,1494949704.06,4342241704.059999,11.793531134939366,2.236502575281971,0.6626102097004124,3.035700967009211,0.02376028708383774,11.793531134939366,0.05072959439058876,5.07566114513484,7.346045797920434,1.49064769481277,0.0,1.3616911667804814,0.0,0.06410346816406037,1.0787086633327563,0.011072878238821238,-8.56385703926904,0.6141043618202374,0.1320754716981131,-0.9788658747410484,-0.9793144802756012,0.0,1.7742429820130643,0.12769588828549264,0.03320193160540061,-0.9788658747410484,-0.9793144802756012,0.0,Rental & Leasing Services,Industrials,AER
2007Q4,2007,Q4,2007-12-31,2007-12-31,45115000.0,270216000.0,101470000.0,0.53,-233614000.0,-0.8645454007164639,4394227000.0,950373000.0,846051000.0,415721000.0,3413072000.0,90726000.0,347205000.0,1774721292.5900002,4425729292.59,11.175999630372475,2.0351413568234467,0.658305544979811,3.043798592763052,0.02456220473141243,11.175999630372475,0.04747083513525742,6.567787594331943,9.834430303612988,1.867394478367967,0.0,5.5533143751515555,0.0,0.06149340942104265,1.2464970497040082,0.01026687970375677,-7.0388298738760895,-0.8645454007164639,-0.0701754385964911,0.9916207742291279,0.6386305743868582,1.083519877886464,-2.296998095703396,-0.07182240875612064,-0.12762006293309489,0.9916207742291279,0.6386305743868582,1.083519877886464,Rental & Leasing Services,Industrials,AER
2007Q3,2007,Q3,2007-09-30,2007-09-30,48606000.0,335874000.0,116314000.0,0.57,180119000.0,0.5362695534635012,4253206000.0,907882000.0,842329000.0,444879000.0,3313089000.0,75861000.0,302090000.0,2195654229.7400002,4705303229.74,10.676322766347342,1.8933889889160873,0.6540115856132998,3.0638849542121114,0.026481023467577993,10.676322766347342,0.05353779455920483,6.537136633797198,11.293123429926347,2.4184356884925577,0.0,2.0531630218425807,0.0,0.07896960551640339,1.0798936339993572,0.011428085072766285,-49.274107489676844,0.5362695534635012,0.4249999999999998,-0.9798088432200527,-0.9764110362780648,0.0,0.03688885562802586,0.4226423930223029,0.07119899063389297,-0.9798088432200527,-0.9764110362780648,0.0,Rental & Leasing Services,Industrials,AER
2007Q2,2007,Q2,2007-06-30,2007-06-30,34166000.0,246616000.0,108583000.0,0.4,173711000.0,0.704378466928342,4411287000.0,856033000.0,900160000.0,462677000.0,3521921000.0,83064000.0,253484000.0,2721182624.0,5448712624.0,10.066599631499043,1.9455473256721212,0.6750079965325312,3.478433658515501,0.024339761403710657,10.066599631499043,0.0399120127378267,11.03408790994907,19.91148088743195,3.1788291152327073,0.0,0.8776967157854185,0.0,0.05590568013371155,0.9786546554075521,0.007745131976223719,-17.22474616567815,0.704378466928342,-0.4366197183098591,-0.9858072858794453,-0.9826797671827865,0.0,-0.06219767642739915,-0.4356178865817599,-0.10104480577540816,-0.9858072858794453,-0.9826797671827865,0.0,Rental & Leasing Services,Industrials,AER
2007Q1,2007,Q1,2007-03-31,2007-03-31,60537000.0,309472000.0,120788000.0,0.71,185232000.0,0.5985420328818116,4030054000.0,813815000.0,661100000.0,368768000.0,3184554000.0,72115000.0,219117000.0,2475425818.27,5001309818.27,9.570133136349176,1.792726049982645,0.6615263716069313,3.2759128303115572,0.029764492837407754,9.570133136349176,0.07438668493453672,7.9988684542381865,10.222780358582355,3.0417549667553434,0.0,1.722803854953893,0.0,0.07679103059164964,0.9190195461645262,0.015021386810201551,-11.165856931428623,0.5985420328818116,8.546768707482993,-0.9748526507429603,-0.9782652906120904,0.0,2.370353108285061,4.5306777090866674,2.551230411901332,-0.9748526507429603,-0.9782652906120904,0.0,Rental & Leasing Services,Industrials,AER
