Quarters,Year,Quarter,FillingDate,Date,NetIncome,Revenue,OperatingIncome,EPSDiluted,GrossProfit,GrossProfitRatio,TotalAssets,CommonStockEquity,CurrentAssets,CurrentLiability,TotalLiability,Inventory,RetainedEarnings,MarketCap,EnterpriseValue,bookValuePerShare,currentRatio,debtToAssets,debtToEquity,roic,shareholdersEquityPerShare,roe,priceToSalesRatio,peRatio,pbRatio,payoutRatio,inventoryTurnover,dividendYield,assetTurnover,quickRatio,returnOnAssets,priceToFreeCashFlowsRatio,grossProfitMargin,epsdilutedGrowth,fiveYNetIncomeGrowthPerShare,fiveYRevenueGrowthPerShare,fiveYShareholdersEquityGrowthPerShare,grossProfitGrowth,netIncomeGrowth,operatingIncomeGrowth,threeYNetIncomeGrowthPerShare,threeYRevenueGrowthPerShare,threeYShareholdersEquityGrowthPerShare,Industry,Sector,Symbol
2023Q1,2023,Q1,2023-03-31,2023-03-31,177000000.0,1331000000.0,462000000.0,0.61,930000000.0,0.6987227648,64797000000.0,0.0,3508000000.0,4827000000.0,37885000000.0,46000000.0,0.0,9102888892.390001,33419888892.39,0.0,0.726745390511705,0.3892464157291233,0.0,0.01610848198034219,0.0,0.0,6.839135155815177,12.85718770111582,0.0,1.3728813559322033,8.717391304347826,0.02669482214631309,0.020541074432458294,0.47462191837580275,0.0027316079448122597,100.0317460702198,0.6987227648384673,1.7727272727272727,1.0731702922555115,0.5727386718487816,0.0,0.13138686131386862,1.95,0.2692307692307692,0.3710290665592195,0.5620952641588094,0.0,Utilities—Renewable,Utilities,BEP
2022Q4,2022,Q4,2022-12-31,2022-12-31,60000000.0,1196000000.0,364000000.0,0.22,822000000.0,0.6872909699,64085000000.0,0.0,4745000000.0,6120000000.0,37799000000.0,42000000.0,0.0,6977590725.0,33460590725.0,0.0,0.7753267973856209,0.4288210969805727,0.0,-0.06490727532097004,0.0,0.0,5.83410595735786,29.0732946875,0.0,3.816666666666667,8.904761904761905,0.03281935112352122,0.018662713583521885,0.795751633986928,0.0009362565342903956,-16.077397983870966,0.6872909698996655,1.7857142857142856,3.0339342390796458,0.7895731899603863,0.0,0.08015768725361366,1.7792207792207793,0.2638888888888889,4.84982391153359,0.6061499995854392,0.0,Utilities—Renewable,Utilities,BEP
2022Q3,2022,Q3,2022-09-30,2022-09-30,-77000000.0,1105000000.0,288000000.0,-0.28,761000000.0,0.6886877828,57388000000.0,0.0,3573000000.0,4526000000.0,35417000000.0,99000000.0,0.0,8613760000.0,32582760000.0,0.0,0.7894387980556783,0.43240747194535445,0.0,0.010499602287792129,0.0,0.0,7.7952579185520365,-27.966753246753246,0.0,-2.961038961038961,3.474747474747475,0.026469277063674863,0.019254896494040566,0.4489615554573575,-0.001341743918589252,-47.06972677595628,0.6886877828054299,-1.6829268292682926,-1.3649259351153706,0.7862222544788,0.0,-0.1618942731277533,-1.6311475409836065,-0.4049586776859504,-76.10246846293605,0.6787682091585617,0.0,Utilities—Renewable,Utilities,BEP
2022Q2,2022,Q2,2022-06-30,2022-06-30,122000000.0,1274000000.0,484000000.0,0.41,908000000.0,0.7127158556,57030000000.0,0.0,3156000000.0,4327000000.0,34029000000.0,76000000.0,0.0,10440000000.0,33059000000.0,0.0,0.7293737000231107,0.4110468174644924,0.0,0.013673912117186965,0.0,0.0,8.194662480376767,21.39344262295082,0.0,1.8688524590163935,4.815789473684211,0.021839080459770118,0.02233911976152902,0.41992142361913565,0.002139224969314396,-949.0909090909091,0.7127158555729984,2.4166666666666665,0.19844137043137264,0.5574876509614447,0.0,0.15521628498727735,2.696969696969697,0.375,0.0012195937614679678,0.44807382368487947,0.0,Utilities—Renewable,Utilities,BEP
2022Q1,2022,Q1,2022-03-31,2022-03-31,33000000.0,1136000000.0,352000000.0,0.12,786000000.0,0.6919014085,58381000000.0,0.0,2922000000.0,5054000000.0,33923000000.0,68000000.0,0.0,11294250000.0,32789250000.0,0.0,0.5781559161060547,0.380757438207636,0.0,0.010650607623766553,0.0,0.0,9.94212147887324,85.5625,0.0,6.96969696969697,5.147058823529412,0.02036434468866901,0.019458385433617102,0.35001978630787495,0.0005652523937582433,-75.8003355704698,0.6919014084507042,0.0,0.11291680444444442,0.5279255282180744,0.0,0.09776536312849161,0.0,1.9090909090909092,-0.7895862321568627,0.3433093172187327,0.0,Utilities—Renewable,Utilities,BEP
2021Q4,2021,Q4,2021-12-31,2021-12-31,33000000.0,1091000000.0,121000000.0,0.12,716000000.0,0.6562786434,55867000000.0,0.0,3077000000.0,3222000000.0,31871000000.0,31000000.0,0.0,9845265844.35,31074265844.35,0.0,0.9549968963376785,0.39366710222492707,0.0,-0.0021951416616777086,0.0,0.0,9.024075017736022,74.58534730568182,0.0,6.424242424242424,12.096774193548388,0.021533192028701038,0.019528523099504178,0.6018001241464929,0.0005906885997100256,-11.26460622923341,0.6562786434463794,1.2142857142857142,31.039549055995625,0.7392744265823502,0.0,0.06231454005934718,1.2142857142857142,-0.6502890173410405,-0.8767128091609964,0.3638753255088246,0.0,Utilities—Renewable,Utilities,BEP
2021Q3,2021,Q3,2021-09-30,2021-09-30,-154000000.0,966000000.0,346000000.0,-0.56,674000000.0,0.6977225673,49887000000.0,0.0,2341000000.0,3174000000.0,29620000000.0,44000000.0,0.0,10194190469.16,29971190469.16,0.0,0.7375551354757404,0.4072002726161124,0.0,0.23817484511751402,0.0,0.0,10.552992204099379,-16.549010501883114,0.0,-1.3831168831168832,6.636363636363637,0.020894253510799,0.019363762102351315,0.4514807813484562,-0.003086976567041514,-145.63129241657143,0.6977225672877847,-2.3658536585365852,-6.340436918728432,0.5083562383155131,0.0,-0.05337078651685393,-2.4,0.5175438596491229,-9.871935064374155,0.4036660143661832,0.0,Utilities—Renewable,Utilities,BEP
2021Q2,2021,Q2,2021-05-04,2021-06-30,110000000.0,1019000000.0,228000000.0,0.41,712000000.0,0.6987242395,51121000000.0,0.0,2989000000.0,3484000000.0,29390000000.0,45000000.0,0.0,10384230760.33,29260230760.33,0.0,0.8579219288174512,0.379609162575067,0.0,0.01152192289316035,0.0,0.0,10.190609185799804,23.600524455295453,0.0,2.1272727272727274,6.822222222222222,0.022534167951460637,0.019933099900236693,0.46383467278989665,0.0021517575947262377,-42.5583227882377,0.6987242394504416,3.05,6.376105712728392,0.509160253793452,0.0,0.13195548489666137,3.0,0.3902439024390244,1.4550334083265368,0.3924002095091321,0.0,Utilities—Renewable,Utilities,BEP
2021Q1,2021,Q1,2021-05-04,2021-03-31,-55000000.0,1020000000.0,164000000.0,-0.2,629000000.0,0.6166666667,50901000000.0,0.0,3172000000.0,3939000000.0,29467000000.0,32000000.0,0.0,11715000000.0,30365000000.0,0.0,0.8052805280528053,0.37343077739140684,0.0,0.0065793696642916745,0.0,0.0,11.485294117647058,-53.25,0.0,-4.3090909090909095,12.21875,0.02023047375160051,0.020038899039311605,0.3196242701193196,-0.0010805288697668023,188.9516129032258,0.6166666666666667,-9.989010989010989,-1.5439672784810128,0.18243548152144587,0.0,0.05714285714285714,-10.0,2.4166666666666665,-1.6767410875000002,0.26612570766937976,0.0,Utilities—Renewable,Utilities,BEP
2020Q4,2020,Q4,2020-12-31,2020-12-31,-5000000.0,952000000.0,48000000.0,-0.0182,595000000.0,0.625,49722000000.0,0.0,1742000000.0,2876000000.0,27955000000.0,26000000.0,0.0,11859254953.5,29948254953.5,0.0,0.605702364394993,0.37247093841760187,0.0,8.274224343181727e-05,0.0,0.0,12.457200581407562,-592.962747675,0.0,-122.0,13.73076923076923,0.05143662079884469,0.01914645428582921,0.4822670375521558,-0.00010055910864406098,133.25005565730336,0.625,0.9521052631578948,0.6091021601861373,0.8986466505244756,0.0,0.015358361774744027,0.957983193277311,-0.625,0.8301842619373514,0.427175919766698,0.0,Utilities—Renewable,Utilities,BEP
2020Q3,2020,Q3,2020-09-30,2020-09-30,-119000000.0,867000000.0,128000000.0,-0.38,586000000.0,0.675893887,44123000000.0,0.0,2095000000.0,3391000000.0,26304000000.0,0.0,0.0,10987716830.9212,28638716830.9212,0.0,0.6178118549100561,0.41096480293724363,0.0,0.005575202646464366,0.0,0.0,12.673260473957555,-23.083438720422688,0.0,-1.8739495798319328,0.0,0.020295390155345303,0.01964961584661061,0.4385137127690947,-0.0026970060965936134,154.75657508339717,0.6758938869665513,-10.245742092457423,-4.020607081844063,0.763194553496937,0.0,0.45409429280397023,-11.818181818181818,-0.015384615384615385,-2.2069766614538673,0.22974293033193402,0.0,Utilities—Renewable,Utilities,BEP
2020Q2,2020,Q2,2020-07-02,2020-06-30,11000000.0,651000000.0,130000000.0,0.0411,403000000.0,0.619047619,33325000000.0,0.0,1410000000.0,2171000000.0,17151000000.0,0.0,0.0,8553562504.5619,19225562504.5619,0.0,0.649470290188853,0.32711177794448615,0.0,-0.06550018321729571,0.0,0.0,13.139112910233333,194.39914783095227,0.0,18.272727272727273,0.0,0.023498980675338493,0.01953488372093023,0.4311377245508982,0.0003300825206301575,41.92922796353873,0.6190476190476191,-0.9086666666666667,-0.7476160001346048,0.14143895135629803,0.0,-0.24105461393596986,-0.9083333333333333,-0.3564356435643564,-0.8789770682308201,-0.10863783715592022,0.0,Utilities—Renewable,Utilities,BEP
2020Q1,2020,Q1,2020-04-01,2020-03-31,120000000.0,792000000.0,202000000.0,0.45,531000000.0,0.6704545455,32663000000.0,0.0,1564000000.0,1589000000.0,16306000000.0,0.0,0.0,7606440346.0689,17598440346.0689,0.0,0.9842668344870988,0.3149128983865536,0.0,0.017051953588296618,0.0,0.0,9.60409134604659,15.846750720976873,0.0,1.6666666666666667,0.0,0.026293507988051523,0.024247619630774882,0.6664568911264946,0.0036738817622386185,25.186888563142052,0.6704545454545454,11.096774193548388,0.8848031537314989,0.43860485611342975,0.0,0.1568627450980392,11.0,0.5419847328244275,3.144548436608601,0.09092840680007776,0.0,Utilities—Renewable,Utilities,BEP
2019Q4,2019,Q4,2020-01-02,2019-12-31,10000000.0,726000000.0,131000000.0,0.0372,459000000.0,0.632231405,35691000000.0,0.0,1474000000.0,1678000000.0,17560000000.0,0.0,0.0,8345743762.89,19130743762.89,0.0,0.8784266984505363,0.3120394497212182,0.0,0.11623779946761313,0.0,0.0,11.495514824917356,208.64359407224998,0.0,19.0,0.0,0.022766095556977176,0.020341262503152054,0.6549463647199046,0.0002801826791067776,65.7145178180315,0.6322314049586777,9.054054054054053,-0.7415430041260478,0.4256943992988153,0.0,0.13895781637717122,9.0,-0.015037593984962405,10.327275263561553,0.18591976205703786,0.0,Utilities—Renewable,Utilities,BEP
2019Q3,2019,Q3,2019-10-02,2019-09-30,1000000.0,642000000.0,133000000.0,0.0037,403000000.0,0.6277258567,33435000000.0,0.0,1942000000.0,1598000000.0,17037000000.0,0.0,0.0,7268764124.839999,17684764124.84,0.0,1.2152690863579474,0.3177807686556004,0.0,-0.0010431372549019598,0.0,0.0,11.322062499750778,1817.19103121,0.0,188.0,0.0,0.025864094194161004,0.019201435621354866,0.5575719649561952,2.990877822640945e-05,33.966187499252335,0.6277258566978193,-0.9909756097560976,1.032032108347597,0.5032612250845896,0.0,-0.2467289719626168,-0.9908256880733946,-0.41409691629955947,1.049045365180209,0.03147476632446103,0.0,Utilities—Renewable,Utilities,BEP
2019Q2,2019,Q2,2019-07-02,2019-06-30,109000000.0,787000000.0,227000000.0,0.41,535000000.0,0.6797966963,34406000000.0,0.0,1788000000.0,1893000000.0,17156000000.0,0.0,0.0,6243844120.1226,16435844120.1226,0.0,0.9445324881141046,0.30558623495901877,0.0,0.017053176854601042,0.0,0.0,7.933728233955018,14.320743394776606,0.0,1.7339449541284404,0.0,0.030269813974197826,0.02287391733999884,0.5055467511885895,0.003168052083938848,18.694144072223352,0.6797966963151207,-0.2807017543859649,0.14489535942877366,0.2556487950813308,0.0,-0.06304728546409807,-0.2875816993464052,-0.0992063492063492,6.344524129958701,0.16934681408882346,0.0,Utilities—Renewable,Utilities,BEP
2019Q1,2019,Q1,2019-04-01,2019-03-31,153000000.0,825000000.0,252000000.0,0.57,571000000.0,0.6921212121,34481000000.0,0.0,2006000000.0,2052000000.0,16883000000.0,0.0,0.0,5721474910.8918,15637474910.8918,0.0,0.9775828460038987,0.29271192830834375,0.0,0.019391235117468455,0.0,0.0,6.935121104111273,9.34881521387549,0.0,1.2156862745098038,0.0,0.03250909999551294,0.0239262202372321,0.38011695906432746,0.0044372262985412254,16.927440564768638,0.6921212121212121,-0.4123711340206186,-0.08979340105359684,0.2781189476626883,-1.0,0.13293650793650794,-0.41379310344827586,0.6688741721854304,0.5511359852266087,-0.019653538166984584,0.0,Utilities—Renewable,Utilities,BEP
2018Q4,2018,Q4,2019-01-02,2018-12-31,261000000.0,780000000.0,151000000.0,0.97,504000000.0,0.6461538462,34103000000.0,0.0,1961000000.0,1689000000.0,16897000000.0,0.0,0.0,4631478124.6602,15176478124.6602,0.0,1.1610420367081113,0.3142832008914172,0.0,0.020428251539466317,0.0,0.0,5.937792467513077,4.436281728601724,0.0,0.6781609195402298,0.0,0.03821674101353681,0.022871888103685893,0.46832445233866193,0.007653285634694895,22.703324140491176,0.6461538461538462,14.445859872611466,7.088386430951444,0.4761642341299467,0.0,0.20863309352517986,14.352941176470589,0.013422818791946308,21.90740371594859,0.5939259225154327,0.0,Utilities—Renewable,Utilities,BEP
2018Q3,2018,Q3,2018-10-01,2018-09-30,17000000.0,674000000.0,149000000.0,0.0628,417000000.0,0.618694362,29941000000.0,0.0,1964000000.0,2067000000.0,16587000000.0,0.0,0.0,5525269476.5772,16604269476.5772,0.0,0.9501693275278181,0.38048161384055307,0.0,0.018529084737827717,0.0,0.0,8.197729193734718,81.25396289084118,0.0,10.411764705882353,0.0,0.03203463663633799,0.022510938178417556,0.39477503628447025,0.0005677833071707692,31.216211732074576,0.6186943620178041,-0.6305882352941177,-0.5791407193155551,0.1918451898374619,0.0,-0.14549180327868852,-0.6222222222222222,-0.2474747474747475,-0.4996575473131061,0.5893230850054278,0.0,Utilities—Renewable,Utilities,BEP
2018Q2,2018,Q2,2018-07-03,2018-06-30,45000000.0,735000000.0,198000000.0,0.17,488000000.0,0.6639455782,30091000000.0,0.0,1833000000.0,2359000000.0,16365000000.0,0.0,0.0,5416944941.2988,16153944941.298801,0.0,0.7770241627808393,0.3646937622544947,0.0,0.014498555026165743,0.0,0.0,7.369993117413334,30.094138562771114,0.0,3.933333333333333,0.0,0.03267524442616199,0.024425908078827555,0.29376854599406527,0.0014954637599282178,24.511063082800003,0.6639455782312925,-0.4333333333333333,-0.5746639198196856,0.11958298791264609,0.0,-0.09124767225325885,-0.4375,-0.05714285714285714,0.022781709993089025,0.2766161809593506,0.0,Utilities—Renewable,Utilities,BEP
2018Q1,2018,Q1,2018-04-02,2018-03-31,80000000.0,793000000.0,210000000.0,0.3,537000000.0,0.6771752837,30836000000.0,0.0,1314000000.0,2030000000.0,16363000000.0,0.0,0.0,5572746298.4145,16611746298.414501,0.0,0.6472906403940887,0.3710922298612012,0.0,0.015293192344664861,0.0,0.0,7.027422822716898,17.414832182545315,0.0,2.1875,0.0,0.03140282916697449,0.025716694772344013,0.45270935960591135,0.002594370216629913,22.470751203284276,0.6771752837326608,3.727272727272727,-0.3068858501525346,0.33636611185550375,0.0,0.3594936708860759,3.7586206896551726,0.25,0.2464581024344939,0.428869190384304,0.0,Utilities—Renewable,Utilities,BEP
2017Q4,2017,Q4,2018-01-02,2017-12-31,-29000000.0,657000000.0,168000000.0,-0.11,395000000.0,0.601217656,30904000000.0,0.0,1666000000.0,2514000000.0,16622000000.0,0.0,0.0,6301813006.8,17268813006.8,0.0,0.6626889419252188,0.3807274139269997,0.0,-0.027604963454020054,0.0,0.0,9.591800619178082,-54.325974196551726,0.0,-5.655172413793103,0.0,0.026024256800865887,0.021259383898524463,0.5461416070007955,-0.0009383898524462853,86.32620557260275,0.6012176560121766,0.0833333333333333,0.6663034415285151,0.5863508073045783,0.0,0.0821917808219178,0.09375,0.09803921568627451,-1.7433514247986357,0.2795671457804102,0.0,Utilities—Renewable,Utilities,BEP
2017Q3,2017,Q3,2017-10-02,2017-09-30,-32000000.0,608000000.0,153000000.0,-0.12,365000000.0,0.6003289474,28025000000.0,0.0,804000000.0,1386000000.0,15038000000.0,0.0,0.0,6044197201.6605,15897197201.6605,0.0,0.5800865800865801,0.3566815343443354,0.0,0.023323615160349854,0.0,0.0,9.941113818520558,-47.22029063797265,0.0,-5.1875,0.0,0.027464358700009895,0.02169491525423729,0.4054834054834055,-0.0011418376449598574,61.67548164959693,0.600328947368421,-1.352941176470588,0.6002962075012006,0.9396881012604076,1.0,-0.17607223476297967,-1.3764705882352941,-0.2193877551020408,-0.017237102970577765,0.412829309681358,0.0,Utilities—Renewable,Utilities,BEP
2017Q2,2017,Q2,2017-07-05,2017-06-30,85000000.0,683000000.0,196000000.0,0.34,443000000.0,0.6486090776,27220000000.0,0.0,774000000.0,1512000000.0,14820000000.0,0.0,0.0,5333841611.816899,15151841611.816898,0.0,0.5119047619047619,0.36708302718589275,0.0,0.01718900893911005,0.0,0.0,7.809431349658711,15.687769446520294,0.0,1.8470588235294119,0.0,0.029434694808367228,0.02509184423218222,0.37103174603174605,0.0031227038941954444,31.561192969330765,0.6486090775988287,2.0909090909090913,23.545821160331972,0.5891430188345448,0.0,-0.0022522522522522522,2.1481481481481484,-0.01507537688442211,-0.04351460576326318,0.16743920940644771,0.0,Utilities—Renewable,Utilities,BEP
2017Q1,2017,Q1,2017-04-03,2017-03-31,27000000.0,677000000.0,199000000.0,0.11,444000000.0,0.6558345643,27828000000.0,0.0,1030000000.0,1733000000.0,14955000000.0,0.0,0.0,4963052489.42,14646052489.42,0.0,0.5943450663589152,0.3600330602271094,0.0,0.01117252220780517,0.0,0.0,7.330949024254062,45.95418971685185,0.0,5.7407407407407405,0.0,0.03123077991426076,0.024328014948972257,0.4241200230813618,0.0009702457956015524,21.300654461030042,0.6558345642540621,28.5,1.202670579403732,0.2383181029519479,0.0,0.4185303514376997,28.0,2.015151515151515,-0.8279116648835179,0.12368637031113455,-1.0,Utilities—Renewable,Utilities,BEP
2016Q4,2016,Q4,2017-01-03,2016-12-31,-1000000.0,571000000.0,66000000.0,-0.004,313000000.0,0.5481611208,27737000000.0,0.0,907000000.0,1733000000.0,15065000000.0,0.0,0.0,4958044363.8,14917044363.8,0.0,0.5233698788228506,0.3670908894256769,0.0,9.00281542591498e-05,0.0,0.0,8.683089954115587,-1239.5110909500002,0.0,-146.0,0.0,0.029447094315247523,0.020586220571799402,0.4021927293710329,-3.6052925694920145e-05,-206.585181825,0.5481611208406305,0.9473684210526315,0.9907480269522844,0.5559157139764452,1.0,0.02622950819672131,0.9473684210526315,-0.40540540540540543,-1.033196052298704,0.15755394580519405,0.0,Utilities—Renewable,Utilities,BEP
2016Q3,2016,Q3,2016-10-03,2016-09-30,-19000000.0,580000000.0,111000000.0,-0.076,305000000.0,0.525862069,28063000000.0,0.0,969000000.0,1869000000.0,15727000000.0,0.0,0.0,5129313781.6493,15302313781.6493,0.0,0.5184590690208668,0.3707729038235399,0.0,0.00375353729510385,0.0,0.0,8.843644451119482,-67.49097081117499,0.0,-7.684210526315789,0.0,0.028463846474421493,0.02066778320208103,0.35045478865703583,-0.0006770480704129993,76.55692211416866,0.5258620689655172,0.0,0.9506949513866584,0.26910996210684884,0.0,-0.1643835616438356,0.0,-0.30625,-1.5086667525123851,0.109122994199938,0.0,Utilities—Renewable,Utilities,BEP
2016Q2,2016,Q2,2016-07-05,2016-06-30,-19000000.0,627000000.0,160000000.0,-0.076,365000000.0,0.5821371611,28169000000.0,0.0,953000000.0,1755000000.0,15325000000.0,0.0,0.0,4965153180.18,14803153180.18,0.0,0.543019943019943,0.3567041783520892,0.0,0.037818471337579616,0.0,0.0,7.918904593588517,-65.33096289710527,0.0,-7.052631578947368,0.0,0.026988089820653257,0.022258511129255566,0.3578347578347578,-0.0006745003372501686,93.68213547509434,0.5821371610845295,-1.2054054054054055,0.6020801678226624,0.17594219061362487,0.0,-0.1531322505800464,-1.240506329113924,-0.1794871794871795,-1.1942324690783255,0.03296358555291311,0.0,Utilities—Renewable,Utilities,BEP
2016Q1,2016,Q1,2016-04-01,2016-03-31,79000000.0,674000000.0,195000000.0,0.37,431000000.0,0.6394658754,27478000000.0,0.0,1602000000.0,2395000000.0,15271000000.0,0.0,0.0,4290186426.4024997,14044186426.4025,0.0,0.6688935281837161,0.36443700414877356,0.0,0.012713605910403122,0.0,0.0,6.365261760241097,13.576539324058544,0.0,1.6835443037974684,0.0,0.031000983822403735,0.024528713880195067,0.302713987473904,0.002875027294562923,25.68973908025449,0.6394658753709199,8.956989247311828,1.2033553138133832,0.6261628754189142,0.0,0.724,8.9,2.75,-0.1377076488144234,0.4309512151151895,0.0,Utilities—Renewable,Utilities,BEP
2015Q4,2015,Q4,2016-01-04,2015-12-31,-10000000.0,392000000.0,52000000.0,-0.0465,250000000.0,0.637755102,19507000000.0,0.0,600000000.0,1245000000.0,10744000000.0,0.0,0.0,3750139520.0975,11025139520.0975,0.0,0.4819277108433735,0.37617265596965194,0.0,0.0014462039926354843,0.0,0.0,9.566682449228315,-93.75348800243749,0.0,-12.2,0.0,0.032532122964008585,0.02009535038704055,0.26586345381526105,-0.0005126364894653202,-55.97223164324627,0.6377551020408163,-1.3576923076923075,-1.219286797210683,11.81753979879667,-1.0,0.28205128205128205,-1.3703703703703705,-0.34177215189873417,0.855033920390083,0.1924291820503597,0.0,Utilities—Renewable,Utilities,BEP
2015Q3,2015,Q3,2015-10-02,2015-09-30,27000000.0,337000000.0,79000000.0,0.13,195000000.0,0.5786350148,18697000000.0,0.0,585000000.0,1025000000.0,10864000000.0,0.0,0.0,3939324164.9999995,11449324165.0,0.0,0.5707317073170731,0.40733807562710594,0.0,0.03500853466386555,0.0,0.0,11.68938921364985,36.47522375,0.0,4.518518518518518,0.0,0.03096977930477067,0.01802428197036958,0.3326829268292683,0.0014440819382788683,49.24155206249999,0.5786350148367952,-0.1875,1.8698491062322122,11.810805487668892,-1.0,-0.39814814814814814,-0.22857142857142856,-0.3524590163934426,1.424365268075745,0.3528386444043667,1.0,Utilities—Renewable,Utilities,BEP
2015Q2,2015,Q2,2015-07-02,2015-06-30,35000000.0,458000000.0,122000000.0,0.16,324000000.0,0.7074235808,19982000000.0,0.0,881000000.0,1110000000.0,11332000000.0,0.0,0.0,4256119170.0,12033119170.0,0.0,0.7936936936936937,0.3948553698328496,0.0,0.015917393573398938,0.0,0.0,9.292836615720525,30.400851214285716,0.0,3.5428571428571427,0.0,0.029134522565541793,0.022920628565709138,0.34684684684684686,0.0017515764187768991,45.2778635106383,0.7074235807860262,-0.3333333333333333,2.741234164342323,16.193465246717825,-1.0,0.05537459283387622,-0.3137254901960784,0.025210084033613446,11.81115037966837,0.24097916638799863,0.0,Utilities—Renewable,Utilities,BEP
2015Q1,2015,Q1,2015-04-02,2015-03-31,51000000.0,441000000.0,119000000.0,0.24,307000000.0,0.6961451247,19685000000.0,0.0,722000000.0,880000000.0,11130000000.0,0.0,0.0,4528564830.0,12166564830.0,0.0,0.8204545454545454,0.39796799593599186,0.0,0.015494000510594843,0.0,0.0,10.268854489795919,22.198847205882352,0.0,2.2549019607843137,0.0,0.0253943587686256,0.02240284480568961,0.5193181818181818,0.0025908051816103633,23.104922602040816,0.6961451247165533,0.7142857142857141,1.3287599917858588,1.951725463562211,-1.0,0.13703703703703704,0.6451612903225806,0.19,1.445658227678219,-0.06095381965084413,0.0,Utilities—Renewable,Utilities,BEP
2014Q4,2014,Q4,2015-04-02,2014-12-31,31000000.0,408000000.0,100000000.0,0.14,270000000.0,0.6617647059,19849000000.0,0.0,694000000.0,687000000.0,10968000000.0,0.0,0.0,4435362000.0,11963362000.0,0.0,1.01018922852984,0.38682049473525115,0.0,0.044861219646319936,0.0,0.0,10.870985294117647,35.769048387096774,0.0,3.4193548387096775,0.0,0.023898838471358146,0.020555191697314727,0.5007278020378457,0.001561791526021462,-1108.8405,0.6617647058823529,2.166666666666667,0.019768855759860735,13.28806840465302,-1.0,0.2857142857142857,2.24,0.4925373134328358,1.3338880383380365,0.29424033243537584,1.0,Utilities—Renewable,Utilities,BEP
2014Q3,2014,Q3,2014-10-06,2014-09-30,-25000000.0,342000000.0,67000000.0,-0.12,210000000.0,0.6140350877,18555000000.0,0.0,683000000.0,947000000.0,10285000000.0,0.0,0.0,4366343835.0,11492343835.0,0.0,0.7212249208025343,0.39461061708434386,0.0,0.004867290067241249,0.0,0.0,12.767087236842105,-43.66343835000001,0.0,-4.28,0.0,0.02450562851745733,0.01843168957154406,0.44350580781414994,-0.0013473457289140394,39.69403486363636,0.6140350877192983,-1.342857142857143,0.9446868627670115,11.296277188826368,-1.0,-0.4,-1.3472222222222223,-0.541095890410959,0.9245074945355349,-0.12919000386606394,0.0,Utilities—Renewable,Utilities,BEP
2014Q2,2014,Q2,2014-08-06,2014-06-30,72000000.0,474000000.0,146000000.0,0.35,350000000.0,0.7383966245,18529000000.0,0.0,719000000.0,968000000.0,10026000000.0,0.0,0.0,4008932235.0,10835932235.0,0.0,0.7427685950413223,0.38059258459711803,0.0,0.015690957399170074,0.0,0.0,8.457662943037974,13.919903593749998,0.0,1.4305555555555556,0.0,0.02569262685479142,0.025581520859193695,0.5578512396694215,0.003885800636839549,25.372988829113925,0.7383966244725738,-0.4444444444444445,0.8553399622739739,14.980039765972679,-1.0,0.0,-0.424,-0.020134228187919462,2.857542811529934,0.09511852321540858,0.0,Utilities—Renewable,Utilities,BEP
2014Q1,2014,Q1,2014-05-02,2014-03-31,125000000.0,480000000.0,149000000.0,0.63,350000000.0,0.7291666667,17288000000.0,2709000000.0,698000000.0,1047000000.0,14579000000.0,0.0,0.0,3875626650.0,10459626650.0,13.578947368421053,0.6666666666666666,0.35608514576584915,2.272425249169435,0.015562657976645567,13.578947368421053,0.04614248800295312,8.0742221875,7.7512533,1.430648449612403,1.312,0.0,0.042315737507894365,0.027764923646459973,0.4804202483285578,0.007230448866265618,15.5025066,0.7291666666666666,4.25,2.681770116318258,19.019322888895932,2.1281589477004745,0.32575757575757575,4.208333333333333,0.6021505376344086,1.3465496134702954,0.24730411374972078,0.0,Utilities—Renewable,Utilities,BEP
2013Q4,2013,Q4,2013-12-31,2013-12-31,24000000.0,393000000.0,93000000.0,0.12,264000000.0,0.6717557252,16977000000.0,0.0,604000000.0,898000000.0,9441000000.0,0.0,0.0,3479280000.0000005,9899280000.0,0.0,0.6726057906458798,0.3901160393473523,0.0,0.03744526649554583,0.0,0.0,8.853129770992368,36.24250000000001,0.0,4.0,0.0,0.027591915568738357,0.02314896624845379,0.39643652561247217,0.0014136773281498499,158.14909090909094,0.6717557251908397,-0.2,4.095574556596455,0.0,-1.0,0.047619047619047616,-0.14285714285714285,-0.10576923076923077,-0.43317277951545785,12.68051406780429,-1.0,Utilities—Renewable,Utilities,BEP
2013Q3,2013,Q3,2013-11-01,2013-09-30,28000000.0,392000000.0,104000000.0,0.15,252000000.0,0.6428571429,17612000000.0,0.0,585000000.0,997000000.0,9733000000.0,0.0,0.0,3333768750.0,9802768750.0,0.0,0.5867602808425276,0.37781058369293663,0.0,0.019892340902259747,0.0,0.0,8.50451211734694,29.765792410714283,0.0,3.392857142857143,0.0,0.02849627767372887,0.022257551669316374,0.3731193580742227,0.001589825119236884,19.72644230769231,0.6428571428571429,-0.6153846153846154,-0.1490102522747645,0.0,-1.0,-0.27793696275071633,-0.6410256410256411,-0.2876712328767123,2.034128164102557,15.416186662127412,-1.0,Utilities—Renewable,Utilities,BEP
2013Q2,2013,Q2,2013-08-09,2013-06-30,78000000.0,484000000.0,146000000.0,0.39,349000000.0,0.7210743802,17691000000.0,0.0,697000000.0,948000000.0,9927000000.0,0.0,0.0,3844803645.0,10536803645.0,0.0,0.7352320675105485,0.39132892431179694,0.0,0.017134912610140114,0.0,0.0,7.943809183884298,12.32308860576923,0.0,1.2307692307692308,0.0,0.024968765342501646,0.027358543892374652,0.49050632911392406,0.0044090215363744275,23.58775242331288,0.7210743801652892,-0.09302325581395345,0.279579407267175,0.0,-1.0,0.12218649517684887,-0.08235294117647059,0.06569343065693431,7.996335026335967,18.324507239044337,-1.0,Utilities—Renewable,Utilities,BEP
2013Q1,2013,Q1,2013-06-06,2013-03-31,85000000.0,437000000.0,137000000.0,0.43,311000000.0,0.7116704805,18292000000.0,0.0,749000000.0,711000000.0,10386000000.0,0.0,0.0,3113748122.3999996,10116748122.4,0.0,1.0534458509142053,0.39525475617756395,0.0,0.018097191788272956,0.0,0.0,7.125281744622424,9.158082712941175,0.0,1.0705882352941176,0.0,0.029225228381626275,0.023890225235075443,0.7257383966244726,0.004646840148698885,18.75751880963855,0.7116704805491991,2.34375,0.6779817053258359,0.0,-1.0,0.7570621468926554,2.328125,0.3979591836734694,3.1879130025343887,2.1560434943241864,-1.0,Utilities—Renewable,Utilities,BEP
2012Q4,2012,Q4,2012-12-31,2012-12-31,-64000000.0,305000000.0,98000000.0,-0.32,177000000.0,0.5803278689,16925000000.0,0.0,522000000.0,959000000.0,9095000000.0,0.0,0.0,3111623450.1,8936623450.1,0.0,0.5443169968717414,0.3615361890694239,0.0,0.013486895863617206,0.0,0.0,10.202044098688525,-12.154779101953126,0.0,-0.90625,0.0,0.018639787535389613,0.018020679468242245,0.45255474452554745,-0.0037813884785819793,-10.303388907615894,0.580327868852459,-0.06666666666666674,-6.218581597140451,1.6788078061921357,-1.0,0.5391304347826087,-0.0847457627118644,15.333333333333334,-3.2716645187071767,10.911684441610031,-1.0,Utilities—Renewable,Utilities,BEP
2012Q3,2012,Q3,2012-09-30,2012-09-30,-59000000.0,231000000.0,6000000.0,-0.3,115000000.0,0.4978354978,15933000000.0,-353000000.0,433000000.0,1068000000.0,8982000000.0,0.0,0.0,3208985048.2096043,8806985048.209604,-1.7709617301491394,0.4054307116104869,0.36716249293918285,-16.572237960339944,0.0006639047728001591,-1.7709617301491394,0.1671388101983003,13.891710165409542,-13.597394272074594,-9.090609201726924,-1.5593220338983051,0.0,0.028669500984845588,0.014498211259649783,0.4054307116104869,-0.0037030063390447497,3208.9850482096044,0.49783549783549785,-18.86754966887417,-13.629055841359055,1.5289558356951094,-1.3624278093436717,-0.4700460829493088,-18.666666666666668,-0.9347826086956522,0.8592293179823451,8.499598612542357,-1.2209120347104685,Utilities—Renewable,Utilities,BEP
2012Q2,2012,Q2,2012-06-30,2012-06-30,-3000000.0,342000000.0,92000000.0,-0.0151,217000000.0,0.634502924,15875000000.0,0.0,618000000.0,1150000000.0,8847000000.0,0.0,0.0,2975295194.2988997,8496295194.2989,0.0,0.5373913043478261,0.3699527559055118,0.0,0.0039162268006129744,0.0,0.0,8.699693550581578,-247.94126619157498,0.0,-29.666666666666668,0.0,0.029912998270066445,0.021543307086614172,0.5373913043478261,-0.0001889763779527559,-90.16046043329999,0.6345029239766082,0.9715094339622642,0.9428934761394977,2.195845833454048,-1.0,-0.31761006289308175,0.9716981132075472,-0.4860335195530726,-1.078711064131969,11.270218840232092,-1.0,Utilities—Renewable,Utilities,BEP
2012Q1,2012,Q1,2012-03-31,2012-03-31,-106000000.0,435000000.0,179000000.0,-0.53,318000000.0,0.7310344828,16568000000.0,0.0,683000000.0,1270000000.0,9153000000.0,0.0,0.0,2734051423.73553,8354051423.73553,0.0,0.5377952755905512,0.36117817479478515,0.0,-0.072063381137579,0.0,0.0,6.285175686748345,-6.448234489942288,0.0,-0.8773584905660378,0.0,0.0340154538399041,0.026255432158377594,0.5377952755905512,-0.0063978754225012075,14.314405359871884,0.7310344827586207,-0.2325581395348838,-3.9797673984957807,2.786434071869713,-1.0,0.838150289017341,-0.23255813953488372,-0.5788235294117647,-4.126204560439315,17.35126506203837,-1.0,Utilities—Renewable,Utilities,BEP
2011Q4,2011,Q4,2011-12-31,2011-12-31,-86000000.0,292000000.0,425000000.0,-0.43,173000000.0,0.5924657534,15708000000.0,-457000000.0,678000000.0,1078000000.0,8508000000.0,0.0,0.0,2832795904.679874,8126795904.679874,-2.2937082238313513,0.6289424860853432,0.35134963076139547,-12.076586433260394,0.08494666139865666,-2.2937082238313513,0.18818380743982493,9.701355837944774,-8.234871815929866,-6.19867812840235,-0.5232558139534884,0.0,0.015885366088555296,0.01858925388337153,0.5213358070500927,-0.005474917239623122,-236.0663253899895,0.5924657534246576,0.7207792207792209,-6.886862360627678,1.688533404205667,-1.4635279494645352,-0.08947368421052632,0.6446280991735537,3.6729559748427674,-10.106912476435115,0.0,-1.628571351721392,Utilities—Renewable,Utilities,BEP
2011Q3,2011,Q3,2011-09-30,2011-09-30,-242000000.0,287000000.0,-159000000.0,-1.54,190000000.0,0.6620209059,,,,,,,,2065081663.770624,,,0.0,0.0,0.0,0.0,,0.0,7.195406493974299,-2.133348826209322,0.0,-0.22727272727272727,0.0,0.026633329308428284,0.0,0.0,0.0,25.494835355192887,0.662020905923345,-7.105263157894737,-23.80694869055415,2.9221516351997554,0.0,-0.1810344827586207,-7.066666666666666,-2.347457627118644,-9.779429360091873,0.0,0.0,Utilities—Renewable,Utilities,BEP
2011Q2,2011,Q2,2011-06-30,2011-06-30,-30000000.0,335000000.0,118000000.0,-0.19,232000000.0,0.6925373134,,,,,,,,2004811756.683072,,,0.0,0.0,0.0,0.0,,0.0,5.984512706516633,-16.7067646390256,0.0,-0.8,0.0,0.01197119875219986,0.0,0.0,0.0,-334.13529278051203,0.6925373134328359,0.8950276243093923,-1.8387525700665215,2.533988719874885,0.0,0.07906976744186046,0.8943661971830986,0.16831683168316833,-1.6245877876841301,0.0,0.0,Utilities—Renewable,Utilities,BEP
2011Q1,2011,Q1,2011-03-31,2011-03-31,-284000000.0,303000000.0,101000000.0,-1.81,215000000.0,0.7095709571,,,,,,,,2004811756.683072,,,0.0,0.0,0.0,0.0,,0.0,6.616540451099248,-1.7647990815872114,0.0,-0.09507042253521127,0.0,0.013467598596224841,0.0,0.0,0.0,26.73082342244096,0.7095709570957096,-9.619047619047619,-10.483841471731957,2.338546930292148,0.0,9.11585203454042,-9.518910401103,0.9013866897407301,-8.11518554789088,0.0,0.0,Utilities—Renewable,Utilities,BEP
2010Q4,2010,Q4,2010-12-31,2010-12-31,33337596.785057,-26491365.180757,53119126.448588,0.21,-26491365.180757,1.0,3740001599.744041,794872820.348744,74488081.906895,330047192.449208,2909334506.478963,0.0,-555211166.213406,1743642106.944192,3339586755.800375,5.060355188784785,0.22568918509542601,0.43391434529219913,2.041635220125787,0.027721511469584903,5.060355188784785,0.041940793459802034,-65.81926205187614,13.075643380852135,2.193611433561388,1.1328320394046794,0.0,0.021659202656589525,-0.007083249692345058,0.18176310209027488,0.008913792119056465,67.8654509647082,1.0,2.4999999999999996,1.1742619697521,0.9055862199088848,-0.008346264317154838,-0.16314002525551524,2.4699885625137425,24.82970203029117,2.449899058606232,0.9251742769463045,0.07737278171883734,Utilities—Renewable,Utilities,BEP
2010Q3,2010,Q3,2010-09-30,2010-09-30,-22678813.72359,-22775731.730956,-2229114.169412002,-0.14,-22775731.730956,1.0,3396103896.103896,773793370.808296,59313820.50785,130839309.943788,2622310525.2956,0.0,-537507268.850552,1703153538.9,3198889146.575906,4.927051071686061,0.45333333333332904,0.44584914814074933,1.956788577154309,-0.0008412665140754995,4.927051071686061,-0.02930861723446915,-74.77931155051022,-18.774720314497948,2.2010443655273306,-1.5814645620641192,0.0,0.02105843037303335,-0.006706429611027197,0.341481481481478,-0.006677891612682333,-36.69966704098535,1.0,-4.693931398416886,-4.375283203911758,-1.3866651798134826,-0.047912160080021374,-0.0348232248965947,-4.320241325838503,-1.104897734195408,-7.161221100606815,-1.3164675553937843,0.008322368595276838,Utilities—Renewable,Utilities,BEP
2010Q2,2010,Q2,2010-06-30,2010-06-30,6830471.492268,-22009297.030642,21250355.753724,0.0379,-22009297.030642,1.0,3322929513.328906,812067166.303007,66881700.02846,115074471.112798,2510862347.025899,0.0,-472820415.520349,1575940054.95,2974953431.290006,5.170755595689315,0.5812036273701523,0.43189539498101476,1.7672897196261692,0.09186085781828825,5.170755595689315,0.00841121495327068,-71.60337982425924,57.68050041398835,1.9406523503770978,4.819222363917956,0.0,0.020887571750111,-0.006623461900819291,0.474031327287711,0.002055557141633511,-29.54178241176049,1.0,-0.621,-0.29504710007222973,-1.2871065575027218,0.010065399423465415,-1.2017650844697527,-0.5728231509682129,-0.6284285993937143,1.1650223402213966,-1.2610318340091058,0.07105069093847545,Utilities—Renewable,Utilities,BEP
2010Q1,2010,Q1,2010-03-31,2010-03-31,15989797.920345,109083774.769472,57190504.218167,0.1,109083774.769472,1.0,3479988228.369629,861487149.303512,134588973.906219,129684127.918383,2577202275.848538,0.0,-462625073.57269,1744999982.55,3157007045.528223,5.485432341951684,1.0378214826021184,0.41736434108527143,1.685948531086313,0.02968676431439883,5.485432341951684,0.018560692325210307,15.996879336434116,27.283021199562935,2.0255670487491115,2.1656441717791797,0.0,0.01984424814922873,0.031346018322762445,0.4780635400907666,0.004594785059901253,29.796532365351574,1.0,-0.28571428571428575,-0.1747223167889342,0.503933939067972,0.04121250591316439,5.499726161624295,-0.2795804408825719,0.20187302651112676,-0.4297575265845261,0.20459592066605356,0.10038472500431955,Utilities—Renewable,Utilities,BEP
2009Q4,2009,Q4,2009-12-31,2009-12-31,22195119.105225,-24242314.054528,47584481.019749,0.14,-24242314.054528,1.0,3367685034.85818,858572247.15882,83963327.284882,108983860.185274,2472551809.76029,0.0,-433891700.888167,1072133235.0,2653740531.342279,5.4668719971908315,0.7704198322773962,0.4791366482120226,1.8793774492191968,,5.4668719971908315,0.0258511956083753,-44.22569696063095,12.076227547114252,1.248739682126803,1.221671491877724,0.0,0.0252908345572218,-0.007198509897333345,0.6590078603538447,0.006590616068749933,56.17781086672819,1.0,1.0666666666666667,1.1857641252117022,0.9138465508804697,0.0246634950731289,-0.4806359346829017,1.0996244312607606,1.231322917431905,0.9274494552899482,0.9274802456654158,0.10478217783522013,Utilities—Renewable,Utilities,BEP
2009Q3,2009,Q3,2009-09-30,2009-09-30,-222787912.807559,-16372906.726541,-205705865.84339002,-2.1,-16372906.726541,1.0,3864817101.693329,849390027.130695,84503695.387782,85669379.736177,3015427074.562634,0.0,0.0,813843269.4,2359187080.7948923,8.016592362069341,0.9863932206351349,0.41088784278678125,1.8695844205336858,,8.016592362069341,-0.26229165129257964,-49.70670651172368,-0.913248904691461,0.958150253010652,-0.12081567593933108,0.0,0.033073041565855575,-0.00423639885037959,0.8920412353121033,-0.05764513738824713,-2.723324536483482,1.0,-13.352941176470587,-21.28667277071736,-1.394387009815743,0.5187596754255259,-0.21909479631722117,-15.493198889047493,-8.133893683561087,-32.127391877938734,-1.3317168708308953,0.5442227460473106,Utilities—Renewable,Utilities,BEP
2009Q2,2009,Q2,2009-06-30,2009-06-30,15371893.707739,-13430380.292002,28835005.814202998,0.17,-13430380.292002,1.0,1381310995.305568,375048021.01727,44169860.889789,55103148.283733,1006262974.288298,0.0,0.0,555767100.3,1355128829.917985,4.665298615731488,0.8015850684674651,0.5948075401291943,2.1906906562060775,0.024047905783025486,4.665298615731488,0.040986467988938305,-41.38133755087843,9.038689553587636,1.4818558402002826,1.1122806474275229,0.0,0.03076443329625246,-0.009722922888216775,0.6859876195835793,0.011128481391939178,19.579076003433595,1.0,0.13333333333333347,0.06395993683826551,-1.3583485290827273,-0.0858219563365239,-0.2511835026347418,0.12359422198332018,0.18102960983471028,-0.16025157714505459,-1.2768330114045299,-0.12343753197856748,Utilities—Renewable,Utilities,BEP
2009Q1,2009,Q1,2009-03-31,2009-03-31,13681001.02954,-10734141.126158,24415142.155698,0.15,-10734141.126158,1.0,1329371188.722579,348967292.310129,34690742.060664,100468836.619941,943349964.362081,0.0,0.0,555855530.4,1301779344.44926,4.340875126694891,0.3452885812930634,0.5762860293447445,2.195329077412226,,4.340875126694891,0.039204250171909025,-51.78388506980191,10.157435285616115,1.5928585361690815,0.9480752532561657,0.0,0.0233345137477452,-0.008074600395449119,0.29747284450820544,0.010291332583103718,33.61649400048298,1.0,5.155124653739612,-0.16582627532157834,-1.2637886670358869,-0.15541548577210512,0.0,5.37908496173643,2.4390886391957873,-0.10732569052169291,-1.2310954382567836,-0.15061323941177454,Utilities—Renewable,Utilities,BEP
2008Q4,2008,Q4,2008-12-31,2008-12-31,-3124168.895803999,0.0,-16965697.241097,-0.0361,0.0,0.0,924129005.751849,293353327.855382,20610517.666393,100751027.115859,643894001.643385,0.0,-152069843.878389,493062120.3,1034223172.0666391,3.649081711328159,0.20456880943448708,0.5935714190447814,1.8698835610107236,,3.649081711328159,-0.010649849853907772,0.0,-39.455462936256474,1.6807790247502183,0.0,0.0,0.0,0.0,0.1721826218865649,-0.003380663171872038,-18.568436585867527,0.0,-1.2005555555555556,-1.171012725950816,1.0,-0.2894051414296323,0.0,-1.2458552775124945,-1.5388343313859556,-1.398126695509111,1.0,-0.28490681466976026,Utilities—Renewable,Utilities,BEP
2008Q3,2008,Q3,2008-09-30,2008-09-30,12707349.329303,0.0,31485924.806348,0.18,0.0,0.0,1049456829.775175,333268467.787644,31523710.561118,116138295.86246,716188361.987531,0.0,0.0,605866213.8,1192583576.354318,4.6022656915464415,0.2714325221238895,0.5800072910243894,1.8264332564243582,0.030028562333169726,4.6022656915464415,0.0381294678541266,0.0,11.919602548481128,1.817952408825107,0.0,0.0,0.0,0.0,0.2529769651223267,0.01210850124442498,17.40880278144619,0.0,-0.41935483870967744,1.0087089715457764,-1.0,-0.06120512048911223,0.0,-0.42611970770889307,-0.23390848251534213,3.101665657333459,-1.0,-0.11067266459188176,Utilities—Renewable,Utilities,BEP
2008Q2,2008,Q2,2008-06-30,2008-06-30,22142857.142857,0.0,41099430.143447,0.31,0.0,0.0,1065467675.378267,344266064.059737,29160935.350757,46083709.962665,737158577.323639,0.0,0.0,717383773.8000001,1311934766.1364121,4.754136825195916,0.6327818522940516,0.5701016107034739,1.7644052124180203,0.04108558562725327,4.754136825195916,0.06431902372757477,0.0,8.099494220322633,2.0838062437531444,0.0,0.0,0.0,0.0,0.563768548524637,0.02078228899341854,23.138117731945695,0.0,0.24,1.5890612599207317,-1.0,-0.04556774091416575,0.0,0.2033602353296044,0.12479775183862155,3.956310198115834,-1.0,-0.07131771703567366,Utilities—Renewable,Utilities,BEP
2008Q1,2008,Q1,2008-03-31,2008-03-31,18400854.949966,0.0,36539395.705819,0.25,0.0,0.0,1072380258.428058,333642281.161955,27144661.420383,55153988.147285,738737977.266103,0.0,0.0,750209040.0,1339929238.1929479,4.60742786149025,0.4921613528271975,0.5612071378808325,1.8038105166298808,,4.60742786149025,0.05515144808950022,0.0,10.192584013621962,2.248543072500566,0.0,0.0,0.0,0.0,0.4274440725735354,0.01715889005355132,27.894020332767166,0.0,3.032258064516129,33.49349537476592,-1.0,-0.01567110722619756,1.0,3.1305150477527364,2.188476025685328,1.0597311217704513,-1.0,-0.1254451407982291,Utilities—Renewable,Utilities,BEP
2007Q4,2007,Q4,2007-12-31,2007-12-31,4454857.260471,-163214714.25527,-30744747.825054996,0.062,-174179263.472931,1.067178681,1105430677.572452,340124204.786428,19323437.34222,57580531.152176,765306472.786024,0.0,-185869938.402504,743814883.8,1377722790.4949408,4.696939884365288,0.3355897723685683,0.5782985051721563,1.8795160691753914,0.004548589530024886,4.696939884365288,0.013097736643789614,-4.557278350753741,41.74179105580132,2.186891945155914,3.588903927601852,0.0,0.02149466899254591,-0.14764807741150515,0.2781031882431471,0.0040299743356625095,-115.88118968682295,1.0671786809644643,2.084577114427861,1.7437820383212375,-1.2381891502136617,0.030436041600170882,-8.688980559178612,1.6247966102050544,-10.910190143089203,-0.04853019597753756,-0.2579787584048302,-0.11964596198060301,Utilities—Renewable,Utilities,BEP
2007Q3,2007,Q3,2007-09-30,2007-09-30,1697219.983884,33183924.254633,3102336.8251410006,0.0201,22653102.336825,0.6826529064,1090430096.696213,353842667.203868,25992143.432716,41479653.505238,752689363.4166,0.0,-170184327.15552,842413786.2,1447130748.327316,4.886384776477863,0.6266239285107275,0.5695168666674667,1.755069101467426,0.001740986648647234,4.886384776477863,0.004796538521755318,25.386201455133378,124.08730073284015,2.380758072102819,10.159833526836167,0.0,0.020469124291595076,0.03043195923807836,0.5513464947427309,0.0015564683963018263,81.16945628345451,0.6826529063590865,1.0773076923076923,-0.7613350190126603,0.4214068982838471,0.05646882698880325,-0.17813886924268374,1.0889294483581669,-0.6591559964534297,-0.7738731384455141,0.16955157139227353,-0.07426449768838089,Utilities—Renewable,Utilities,BEP
2007Q2,2007,Q2,2007-06-30,2007-06-30,-19085016.439643003,38877407.233443,9101925.786754003,-0.26,27563175.199624002,0.7089766824,1041428839.830907,349596054.485674,34632221.700329,34468764.678253,706687646.782527,0.0,-146132456.552372,899381880.0,1464907478.87271,4.8277412445890855,1.00474217813147,0.5647054260279394,1.682228701178304,-0.020353083317805023,4.8277412445890855,-0.05459162423248996,23.133792708952477,-11.781256291346734,2.572631665775437,0.0,0.0,0.0,0.037330834087286636,0.8481957919982468,-0.018325799814360593,83.36119525080632,0.7089766823728331,-2.4444444444444446,-3.3466322503064245,0.4673005992831147,-0.19496988371224303,-0.12737035758587356,-2.4761297328040834,-0.3752242301797089,-2.466477263208885,0.15159429038453387,-0.053990878223787356,Utilities—Renewable,Utilities,BEP
2007Q1,2007,Q1,2007-03-31,2007-03-31,12929091.539528,41754507.628294,14568307.905685998,0.18,31586338.418863,0.7564773293,1001155513.1761439,360984743.411928,39906380.027739,34654126.213592,640170769.764216,0.0,-104157420.249653,1052899559.9999999,1578926779.1400828,4.985013166127103,1.1515621482352358,0.5518735718868542,1.5305668152303369,0.014153418693520011,4.985013166127103,0.03581617166788214,25.21642859192827,20.359117204425758,2.9167425472009825,0.0,0.0,0.0,0.04170631543128474,0.914750981814561,0.0129141690470352,80.81336875688764,0.7564773293472925,1.4657534246575343,0.9616537916727845,1.3133893761214763,0.12182409486837142,1.1924228795294383,1.4350558780447233,1.223561378429207,-0.12483178935215655,0.13913997528965427,-0.03008844980556192,Utilities—Renewable,Utilities,BEP
