Quarters,Year,Quarter,FillingDate,Date,NetIncome,Revenue,OperatingIncome,EPSDiluted,GrossProfit,GrossProfitRatio,TotalAssets,CommonStockEquity,CurrentAssets,CurrentLiability,TotalLiability,Inventory,RetainedEarnings,MarketCap,EnterpriseValue,bookValuePerShare,currentRatio,debtToAssets,debtToEquity,roic,shareholdersEquityPerShare,roe,priceToSalesRatio,peRatio,pbRatio,payoutRatio,inventoryTurnover,dividendYield,assetTurnover,quickRatio,returnOnAssets,priceToFreeCashFlowsRatio,grossProfitMargin,epsdilutedGrowth,fiveYNetIncomeGrowthPerShare,fiveYRevenueGrowthPerShare,fiveYShareholdersEquityGrowthPerShare,grossProfitGrowth,netIncomeGrowth,operatingIncomeGrowth,threeYNetIncomeGrowthPerShare,threeYRevenueGrowthPerShare,threeYShareholdersEquityGrowthPerShare,Industry,Sector,Symbol
2023Q1,2023,Q1,2023-04-28,2023-03-31,54121000.0,560157000.0,72819000.0,3.58,189452000.0,0.3382123226,1431185000.0,880053000.0,262221000.0,283460000.0,551132000.0,10663000.0,2246354000.0,8047966500.0,8155665500.0,58.803487905920086,0.9250723206096099,0.11581521606221418,0.18834433835234923,0.04652478256211693,58.803487905920086,0.06149743254099469,14.36734076339312,37.17580283069418,9.144865706951741,0.1050424049814305,34.76554440588952,0.000706389620284826,0.3913938449606445,0.7474423199040429,0.03781551651254031,185.12988820390137,0.338212322616695,-0.13317191283292976,0.2939337461947558,0.372117501347408,0.8674807139932684,-0.03872460473706643,-0.12885104465119274,-0.10461470360396916,0.03465084036671833,0.16037936208139583,0.3755488583304708,Medical Care Facilities,Healthcare,CHE
2022Q4,2022,Q4,2023-02-27,2022-12-31,62126000.0,546654000.0,81327000.0,4.13,197084000.0,0.3605278659,1442012000.0,798715000.0,272612000.0,297205000.0,643297000.0,10272000.0,2197918000.0,7612042590.0,7784925590.0,53.558304834707975,0.9172524015410238,0.17129469102892347,0.3092579956555217,0.051301298473720836,53.558304834707975,0.07778243804110352,13.924790800030733,30.63146907092039,9.530361380467376,0.09055789846441104,34.03134735202492,0.0007390920286482527,0.37909115874209093,0.7184737807237429,0.043082859227246376,92.89776165486941,0.36052786588957547,0.09259259259259262,0.22383490471453887,0.3714083282686605,0.588450151717263,0.09772861455513596,0.09236368751428621,0.005812731117899502,0.017779477582768426,0.12440885819567835,0.18098226287309138,Medical Care Facilities,Healthcare,CHE
2022Q3,2022,Q3,2022-11-02,2022-09-30,56873000.0,526472000.0,80857000.0,3.78,179538000.0,0.341020985,1356195000.0,721416000.0,198869000.0,298150000.0,634779000.0,10469000.0,2141418000.0,6499505280.0,6737981280.0,48.456206340677056,0.6670098943484823,0.1815793451531675,0.3413522849507081,0.054025726115693826,48.456206340677056,0.0788352351486521,12.345395918491391,28.570258646457898,9.009372234605276,0.09967823044326833,33.139172795873534,0.0008722202315066048,0.38819786240179327,0.4341539493543518,0.04193570983523756,168.55126371204065,0.3410209849716604,-0.140909090909091,0.7221892763594948,0.3533456988552957,0.6205424145150252,-0.07676880910385823,-0.1442006741302516,-0.12052687680828385,0.03493478968944552,0.17502828447772914,0.15090516562154235,Medical Care Facilities,Healthcare,CHE
2022Q2,2022,Q2,2022-07-29,2022-06-30,66456000.0,531288000.0,91938000.0,4.4,194467000.0,0.3660293475,1312964000.0,684960000.0,203146000.0,285068000.0,628004000.0,10696000.0,2090214000.0,7008931480.0,7258542480.0,45.8719528529333,0.7126229531199574,0.19745476646732127,0.3784907147862649,0.06529822173797176,45.8719528529333,0.09702172389628591,13.192339145623466,26.366812176477666,10.232614284045784,0.08125677139761647,31.49037023186238,0.0007704455401524342,0.4046478045094915,0.5128425498477556,0.05061524916143931,160.68528576996263,0.366029347547846,0.042654028436019106,4.2902530877324825,0.37244048947970626,0.6209170619411059,0.0024227178770805735,0.03564026243201546,0.02868843287757066,0.397401360967171,0.19667509093579605,0.18119153245882286,Medical Care Facilities,Healthcare,CHE
2022Q1,2022,Q1,2022-04-29,2022-03-31,64169000.0,530549000.0,89374000.0,4.22,193997000.0,0.3656533138,1305757000.0,666705000.0,184751000.0,279651000.0,639052000.0,10540000.0,2029158000.0,7591158300.0,7840975300.0,44.48852262111304,0.6606484511051275,0.20522731258572613,0.40194238831267204,0.06253902574008538,44.48852262111304,0.09624796574196984,14.308119136969442,29.574865978899467,11.38608275024186,0.08293724384048372,31.930929791271346,0.0007010787800328179,0.4063152638660945,0.48445741298976225,0.04914314072220176,85.83302201467644,0.36565331383152166,-0.12266112266112264,1.3270546657557687,0.4147617663673266,0.44126235087573684,-0.052054727583679454,-0.1401139028475712,-0.07530108016388694,0.5294044383439903,0.22246215835952296,0.20707112106467146,Medical Care Facilities,Healthcare,CHE
2021Q4,2021,Q4,2022-02-28,2021-12-31,74625000.0,540978000.0,96652000.0,4.81,204650000.0,0.3782963448,1342723000.0,623273000.0,230286000.0,302399000.0,719450000.0,10109000.0,1970311000.0,8076324639.999999,8366971639.999999,40.827525219441895,0.7615302960657939,0.24095960224111748,0.5191015814899731,0.06913169242240928,40.827525219441895,0.11973084025780036,14.929118448439676,27.056363953098824,12.957924761701534,0.07449246231155779,33.270155307152045,0.0006883081411150408,0.4028962042059308,0.5625415427961071,0.055577360334186574,163.59763890858264,0.37829634476817914,0.0571428571428571,1.4610896600130512,0.4233525175591333,0.2624539900024143,0.04145992682045567,0.0364151493687763,0.04073479847957876,0.44198421742249755,0.24131153684921858,0.10648452341109399,Medical Care Facilities,Healthcare,CHE
2021Q3,2021,Q3,2021-11-01,2021-09-30,72003000.0,538667000.0,92869000.0,4.55,196503000.0,0.364794947527879,1318133000.0,779719000.0,200564000.0,286086000.0,538414000.0,8394000.0,1901245000.0,7249825440.0,7360428440.0,50.02367357413229,0.7010619184441043,0.10571467370895046,0.17871310048876582,0.06621061224467197,50.02367357413229,0.0923448062699511,13.45882602795419,25.17195616849298,9.29799766326074,0.0776773190005972,40.76292589945199,0.0007714668506556483,0.4086590655115986,0.5136077962570695,0.05462498852543712,70.99319858989425,0.364794947527879,0.29629629629629634,1.783467438656726,0.4229917130213602,0.6598509591492288,0.0810946122148072,0.2738933512614557,0.2952621375472461,0.44886067394038465,0.25069425458595934,0.4152535127520269,Medical Care Facilities,Healthcare,CHE
2021Q2,2021,Q2,2021-07-30,2021-06-30,56522000.0,532256000.0,71699000.0,3.51,181763000.0,0.34149544580051705,1383796000.0,870774000.0,269086000.0,267402000.0,513022000.0,7411000.0,1834835000.0,7510860500.0,7554273500.0,55.011308358076946,1.0062976342734908,0.09794290487904286,0.1556465856812445,0.04725595192210249,55.011308358076946,0.06491006851375902,14.111368401671376,33.22096042249036,8.625499268466905,0.09601571069671987,47.2936175954662,0.0007225536940807248,0.38463472939652954,0.80571199916231,0.040845615972296495,797.9242005736747,0.34149544580051705,-0.12468827930174564,1.3594319351358788,0.41621217207770644,0.9596755144954942,-0.02741763739585953,-0.1357492354740061,-0.10867592396912022,0.041596155894529564,0.22038696565688964,0.585407257705038,Medical Care Facilities,Healthcare,CHE
2021Q1,2021,Q1,2021-04-30,2021-03-31,65400000.0,527360000.0,80441000.0,4.01,186887000.0,0.3543822057038835,1458133000.0,928884000.0,346974000.0,290215000.0,529249000.0,6777000.0,1783740000.0,7361718200.0,7288272200.0,58.01898813241724,1.1955756938821218,0.09375687951647758,0.1471766119343212,0.05230132299125694,58.01898813241724,0.07040706912811504,13.959568795509709,28.141124617737006,7.925336425215635,0.08313455657492355,50.23948649845064,0.0007385504106908085,0.3616679685597953,1.0850714125734369,0.044851875651946704,82.69549324885983,0.3543822057038835,-0.4238505747126437,1.7496099961678537,0.4107646043703594,1.000898231664916,-0.05726896690879742,-0.42506505380125187,-0.438453322536283,0.46163315009637323,0.2075444631719999,0.842566576255511,Medical Care Facilities,Healthcare,CHE
2020Q4,2020,Q4,2021-02-26,2020-12-31,113752000.0,533289000.0,143249000.0,6.96,198240000.0,0.3717309001310734,1434911000.0,901200000.0,329403000.0,299108000.0,533711000.0,7095000.0,1723777000.0,8507379530.0,8480114530.0,56.42020910286108,1.101284485871324,0.09436822214060663,0.15025521526853083,0.09533140282219091,56.42020910286108,0.12622281402574345,15.952662683835594,18.69720868644068,9.440057179316467,0.04782333497433012,47.223255813953486,0.0006394448467729287,0.3716530154134995,0.9679714350669324,0.07927460309385043,120.303460744386,0.3717309001310734,0.6811594202898552,3.0020316033448444,0.4088053605399313,0.8488571852498096,0.048572652692045255,0.6796904993945837,0.9277735909996232,1.092122019920935,0.24909481076211665,0.6733294675017703,Medical Care Facilities,Healthcare,CHE
2020Q3,2020,Q3,2020-11-04,2020-09-30,67722000.0,528297000.0,74308000.0,4.14,189057000.0,0.3578612030732713,1366954000.0,801408000.0,270596000.0,329163000.0,565546000.0,7546000.0,1615465000.0,7656779000.0,7676566000.0,50.27653701380176,0.8220729547367109,0.0969688811766892,0.16539889793962625,0.057821340291342394,50.27653701380176,0.08450377335888835,14.493322884665254,28.26547872183338,9.554158431161156,0.07975251764566905,44.95626822157434,0.0007053879967020074,0.3864775259445453,0.6793108581462679,0.04954226696728639,67.06413187236689,0.3578612030732713,-0.17365269461077848,1.4850662542018784,0.44722036985373,0.7354798367864296,0.2600775813804687,-0.17513793985456938,-0.19892194911599828,0.9153694741430433,0.2684099963935387,0.681420541116631,Medical Care Facilities,Healthcare,CHE
2020Q2,2020,Q2,2020-07-31,2020-06-30,82101000.0,502199000.0,92760000.0,5.01,150036000.0,0.2987580620431343,1291192000.0,750696000.0,189307000.0,318516000.0,540496000.0,7467000.0,1553144000.0,7178327980.0,7298488980.0,47.17204976750031,0.594340629670095,0.1088428366966338,0.187208936773341,0.07409120789769885,47.17204976750031,0.10936650788068672,14.293791863384833,21.858223346853265,9.562230223685754,0.062216050961620445,47.16258202758805,0.0007115863212480298,0.3889421557754385,0.4799225156664029,0.06358543113650023,40.75307411066072,0.2987580620431343,0.48224852071005914,2.228346057929769,0.39474686323230446,0.6665289517231242,-0.08544189987382127,0.46894848902327746,0.16880662273351563,4.814013117189415,0.21724496382742384,0.6668568822438272,Medical Care Facilities,Healthcare,CHE
2020Q1,2020,Q1,2020-05-01,2020-03-31,55891000.0,515798000.0,79363000.0,3.38,164053000.0,0.318056681103843,1277559000.0,683601000.0,198815000.0,246737000.0,593958000.0,7313000.0,1476151000.0,6927301200.0,7094602200.0,42.74910887374148,0.8057770014225674,0.15361482326843615,0.28708559525220123,0.06407708278016658,42.74910887374148,0.081759681451607,13.43025990794846,30.985763360827324,10.13354456766447,0.09178579735556709,48.098591549295776,0.0007405481372745853,0.4037371268176264,0.6632406165269092,0.04374827307388543,99.77532731279436,0.318056681103843,-0.1464646464646465,1.4093013287084881,0.4484719151554492,0.517302624932248,-0.062388194480165055,-0.1477432143946325,0.024673346072406135,0.899473763685814,0.28898413820954066,0.3849118272129757,Medical Care Facilities,Healthcare,CHE
2019Q4,2019,Q4,2020-02-26,2019-12-31,65580000.0,522324000.0,77452000.0,3.96,174969000.0,0.334981735474533,1268317000.0,726608000.0,190671000.0,262220000.0,541709000.0,7462000.0,1425752000.0,7037823720.0,7160945720.0,45.35064286605917,0.7271413317062009,0.10193035337380166,0.17792262127584613,0.06499569890476803,45.35064286605917,0.09025499306366018,13.474057711305626,26.829154162854525,9.68586049148922,0.07824031716986886,46.54985258643795,0.000729060602273795,0.4118244886727845,0.5719815422164595,0.05170631632312742,139.81968252706864,0.334981735474533,0.11235955056179772,1.3186344150178304,0.4502214308506131,0.6958413099490128,0.14786459358394016,0.11252481042292228,0.19289058649581076,1.0607392102937279,0.3094272722358274,0.40231620035022936,Medical Care Facilities,Healthcare,CHE
2019Q3,2019,Q3,2019-11-04,2019-09-30,58947000.0,480613000.0,64928000.0,3.56,152430000.0,0.3171574634893355,1232585000.0,672380000.0,167795000.0,251501000.0,560205000.0,7354000.0,1365303000.0,6668592900.0,6823287900.0,42.10269254852849,0.6671742855893217,0.13285980277222262,0.24355424016181326,0.060078712555588956,42.10269254852849,0.08766917516880336,13.875182111178848,28.282155580436662,9.917893006930605,0.08634875396542657,44.626461789502315,0.0007632794618486909,0.3899228045124677,0.49123462729770456,0.04782388232860208,56.85220338116064,0.3171574634893355,0.15584415584415584,1.558177539261955,0.4308036162026837,0.6589647327189238,0.016559184245099935,0.1619980681661377,-0.009156391161030399,1.2241029196880462,0.23918210594054778,0.39702244190194524,Medical Care Facilities,Healthcare,CHE
2019Q2,2019,Q2,2019-07-31,2019-06-30,50729000.0,473584000.0,65528000.0,3.08,149947000.0,0.3166217608702997,1094072000.0,618569000.0,180178000.0,223669000.0,475503000.0,6336000.0,1311446000.0,5806393120.0,5919684120.0,38.83532144650929,0.8055564248957164,0.10658713503316053,0.18852221821656112,0.06177830805243018,38.83532144650929,0.08201025269614222,12.260534815365384,28.61476236472235,9.386815569483762,0.09398963117743303,51.07907196969697,0.0008211638277774758,0.43286365065553273,0.6234033326030876,0.046367149511183904,278.13724468288945,0.3166217608702997,0.1407407407407407,1.2532053539866312,0.42282096064381264,0.5059385724841257,0.07041539658630955,0.1357154051089171,0.32454721862871927,1.1044492939747854,0.2522672140202014,0.38343607537761926,Medical Care Facilities,Healthcare,CHE
2019Q1,2019,Q1,2019-05-02,2019-03-31,44667000.0,462034000.0,49472000.0,2.7,140083000.0,0.30318764419934463,1069831000.0,588010000.0,159155000.0,217100000.0,481821000.0,6315000.0,1265485000.0,5170691400.0,5292622400.0,36.85658768960762,0.7330953477660065,0.12216789380752661,0.22227343072396727,0.053232401820347004,36.85658768960762,0.0759629938266356,11.191149136210756,28.94022096850024,8.793543307086615,0.10743949672017374,50.981947743467934,0.0009281157254907922,0.43187568877701243,0.5911699677567941,0.04175145420164493,86.58369028282456,0.30318764419934463,-0.17177914110429437,1.382783628478683,0.4152842891076288,0.4472103442558175,-0.03025205430139907,-0.17782727138860258,-0.26578709131654327,0.8845248931257074,0.24034656652802938,0.2710714803406606,Medical Care Facilities,Healthcare,CHE
2018Q4,2018,Q4,2019-02-27,2018-12-31,54328000.0,457508000.0,67381000.0,3.26,144453000.0,0.31573874118048206,975529000.0,591334000.0,159840000.0,191670000.0,384195000.0,5705000.0,1225617000.0,4539845280.0,4624214280.0,36.89841507550231,0.8339333228987322,0.09143756874475285,0.15084537672449072,0.08564661575045585,36.89841507550231,0.09187362810188489,9.922985565279733,20.890909291709615,7.677294523906963,0.08857311147106464,54.873794916739705,0.001059948016554432,0.46898452019365905,0.6486930662075442,0.05569080980678175,112.89777379886601,0.31573874118048206,0.06535947712418291,1.5884031251172406,0.4324539086217115,0.43782903718212995,0.04043532436851317,0.060079221057971866,0.09184450601980133,0.9050507224600612,0.20461541277922382,0.20913943640830798,Medical Care Facilities,Healthcare,CHE
2018Q3,2018,Q3,2018-11-02,2018-09-30,51249000.0,444151000.0,61713000.0,3.06,138839000.0,0.3125941402811206,979124000.0,568153000.0,205870000.0,180198000.0,410971000.0,5763000.0,1175949000.0,5128570440.0,5191111440.0,35.34608684832649,1.142465510161045,0.13277174290488233,0.22881160532462205,0.07198579628381072,35.34608684832649,0.0902028150867812,11.546907335568308,25.017904934730435,9.02674181074464,0.09432379168374017,52.97796286656256,0.0009425628557809182,0.45362078756112606,0.9792450526642915,0.05234168501640242,52.93188605635257,0.3125941402811206,-0.06422018348623852,2.3258574971893125,0.47396420752636764,0.5058401723648432,0.020334822740901877,-0.06770842808026051,0.06143685179133486,0.8649102895984647,0.20656721235046993,0.22010036247590198,Medical Care Facilities,Healthcare,CHE
2018Q2,2018,Q2,2018-07-30,2018-06-30,54971000.0,441813000.0,58141000.0,3.27,136072000.0,0.3079855051797933,928214000.0,556391000.0,173441000.0,166416000.0,371823000.0,5696000.0,1129289000.0,5160223350.0,5250955350.0,34.69853445587777,1.0422134890875878,0.11139672532411707,0.1858405330064649,0.08401808353462717,34.69853445587777,0.09879922572435572,11.679654853976682,23.46793468374234,9.274455104413981,0.08155209110258137,53.676439606741575,0.0008687608454002286,0.475981831775862,0.7924358234785117,0.0592223345047586,115.65080683117058,0.3079855051797933,0.22932330827067662,3.366434297441488,0.4352036305276412,0.3414052988883177,0.010635769459298871,0.2216863721219664,0.030923630689575685,1.1452388932574218,0.2177788573807411,0.22585540670998366,Medical Care Facilities,Healthcare,CHE
2018Q1,2018,Q1,2018-04-27,2018-03-31,44996000.0,439176000.0,56397000.0,2.66,134640000.0,0.3065741297338652,912656000.0,506959000.0,161499000.0,177297000.0,405697000.0,5274000.0,1078690000.0,4393046000.0,4521860000.0,31.488136645962733,0.9108952774158615,0.15613769043319717,0.2810878197250665,0.06951524196341258,31.488136645962733,0.08875668446560767,10.002928211013352,24.40798070939639,8.665485769066137,0.10074228820339585,57.74288964732651,0.001031858077516147,0.48120650058729686,0.7051331945831006,0.04930225627180449,83.60540489104577,0.3065741297338652,-0.18153846153846148,1.323591142753428,0.37803286071922265,0.20727912860057202,-0.01624970773906944,-0.17517231265581465,-0.0023880280195287627,0.9265172206658623,0.2249511541470675,0.11761469761283085,Medical Care Facilities,Healthcare,CHE
2017Q4,2017,Q4,2018-02-26,2017-12-31,54552000.0,428357000.0,56532000.0,3.25,136864000.0,0.319509194433615,920026000.0,540354000.0,176046000.0,193522000.0,379672000.0,5334000.0,1038955000.0,3894638520.0,3984717520.0,33.71733433171097,0.9096950217546326,0.10999689139219979,0.18728463192647782,0.08268072060489474,33.71733433171097,0.10095603992937963,9.092038930144716,17.8482847558293,7.207568593921762,0.08234345211907905,54.648106486689166,0.001153380468285411,0.4655922767400052,0.644743233327477,0.05929397647457789,-91.53732390062754,0.319509194433615,0.5258215962441315,1.371321098353545,0.3508860855297193,0.38561432706828946,0.057706129199285916,0.5394079634280554,0.04694705261403411,0.9282490755341835,0.1890272135449626,0.26082553206475106,Medical Care Facilities,Healthcare,CHE
2017Q3,2017,Q3,2017-10-27,2017-09-30,35437000.0,417444000.0,53997000.0,2.13,129397000.0,0.30997451155125,895459000.0,477702000.0,135311000.0,269374000.0,417757000.0,5658000.0,988895000.0,3227950800.0,3291579800.0,29.901226840260392,0.5023164819173342,0.09213152137618807,0.17270180991496792,0.06293700889224603,29.901226840260392,0.07418223076311173,7.732655877195504,22.772460987103873,6.757247823957195,0.12650619409092193,50.90968540120184,0.00138880679346166,0.46617879768922976,0.4096683421562586,0.03957411785464215,47.08831089262009,0.30997451155125,2.5777777777777775,1.0175547562168392,0.3980811828659222,0.19447408141445785,0.0014705085637775042,2.6363594384927964,2.3863869775084727,0.5373147248837463,0.24228031314778933,0.17819259981637958,Medical Care Facilities,Healthcare,CHE
2017Q2,2017,Q2,2017-07-31,2017-06-30,-21656000.0,415059000.0,-38948000.0,-1.35,129207000.0,0.3112979118631327,910274000.0,453083000.0,156492000.0,268600000.0,457191000.0,5618000.0,957941000.0,3274525300.0,3385772300.0,28.3,0.5826209977661951,0.13732129007309887,0.2758876408958182,-0.03798053372030585,28.3,-0.04779698200991871,7.889300798199774,-37.80159424639823,7.227208480565371,-0.19140192094569633,50.881452474190105,0.0012658323330102229,0.45597149869160275,0.4901675353685778,-0.023790638862584233,263.5432837022133,0.3112979118631327,-1.7584269662921348,-2.207940768898728,0.39063967400305344,0.20158544625596453,0.0702677181007919,-1.7256399946387884,-1.9395474501857481,-1.95695745714484,0.2406034473008512,0.09740463098784212,Medical Care Facilities,Healthcare,CHE
2017Q1,2017,Q1,2017-04-28,2017-03-31,29844000.0,405864000.0,41454000.0,1.78,120724000.0,0.29744939191453296,886231000.0,500644000.0,175973000.0,164383000.0,385587000.0,5433000.0,983742000.0,2963049110.0,3062875110.0,30.867747703310933,1.070506074229087,0.1657299282015637,0.29337213668794593,0.04451342462104574,30.867747703310933,0.05961122074767699,7.30059603709617,24.8211458752178,5.918475223911601,0.14244069159630077,52.48297441560832,0.0014346707874848554,0.45796637671216645,0.9537178418692931,0.033675193036578496,49.577504099320684,0.29744939191453296,-0.08247422680412367,0.7062330951846421,0.34413968478689616,0.3469474791737011,-0.02949522883120433,-0.07285097393519525,-0.21964534467828772,0.5660310480180053,0.22291365789258,0.21205262289396487,Medical Care Facilities,Healthcare,CHE
2016Q4,2016,Q4,2017-02-27,2016-12-31,32189000.0,403476000.0,53122000.0,1.94,124393000.0,0.3083033439411514,880059000.0,524099000.0,169900000.0,171832000.0,355960000.0,5755000.0,958149000.0,2599604460.0,2693044460.0,32.33981241515488,0.9887564597979421,0.12357126056321224,0.20749896489022113,0.05163837501440118,32.33981241515488,0.06141778557104669,6.443021294946911,20.190161701202275,4.960140088036802,0.13122495262356706,48.49400521285838,0.0016248625762089975,0.45846471657013904,0.857413054611481,0.036575956839257365,-859.6575595238095,0.3083033439411514,0.19753086419753074,0.46489521712560766,0.34757370229842194,0.48204466154481745,0.12117279110221814,0.19978381601997838,0.23911268689790302,0.5165788209139599,0.24924889712222303,0.26019291756530366,Medical Care Facilities,Healthcare,CHE
2016Q3,2016,Q3,2016-11-01,2016-09-30,26829000.0,392607000.0,42871000.0,1.62,110949000.0,0.28259557267190855,842476000.0,487202000.0,132959000.0,167457000.0,355274000.0,6101000.0,930184000.0,2280537620.0,2369877620.0,30.13744896696771,0.7939889046143189,0.1313093785460951,0.22706187577226694,0.04423573106504048,30.13744896696771,0.05506750793305446,5.808703410789925,21.25067669313057,4.680887229526972,0.15565246561556526,46.165874446812,0.0018311471660791983,0.4660156491104791,0.6407077637841356,0.03184541755492144,50.47670694997787,0.28259557267190855,0.09459459459459468,0.5676177959061495,0.4705061673216434,0.4614367104344951,-0.028076107714140548,0.07811934900542496,0.11750905820712666,0.7311875353328536,0.29549494136154725,0.28393792336319124,Medical Care Facilities,Healthcare,CHE
2016Q2,2016,Q2,2016-07-29,2016-06-30,24885000.0,390409000.0,38363000.0,1.48,114154000.0,0.2923959232497202,852955000.0,461582000.0,146967000.0,167451000.0,391373000.0,6120000.0,907531000.0,2241345330.0,2371371330.0,28.071641427963268,0.8776716770876256,0.1729282318527941,0.31955318881585504,0.03859687529119107,28.071641427963268,0.05391241426225459,5.741018598444196,22.517031645569624,4.855790152128982,0.1590516375326502,45.13970588235294,0.0017659036949919716,0.45771347843672877,0.6952839935264644,0.029175044404452757,38.834710733778046,0.2923959232497202,0.020689655172413814,0.5752564005223388,0.5038910069095586,0.21130497523459313,0.01965092805973882,0.0018115942028985507,-0.1358322258013651,0.9276085533355993,0.23675240072945522,0.08521726206750765,Medical Care Facilities,Healthcare,CHE
2016Q1,2016,Q1,2016-05-02,2016-03-31,24840000.0,390389000.0,44393000.0,1.45,111954000.0,0.2867754982850439,882919000.0,484821000.0,179941000.0,191557000.0,398098000.0,6102000.0,886604000.0,2264724000.0,2394364000.0,28.99647129186603,0.9393600860318339,0.16408639977166647,0.2988216269509778,0.04310428025105295,28.99647129186603,0.051235404406987324,5.801198291960071,22.793115942028983,4.671258051940819,0.1642914653784219,45.630121271714195,0.0018019855841153274,0.4421572080791103,0.8262553704641439,0.028133951132550097,-532.8762352941177,0.2867754982850439,-0.1569767441860465,0.7280965206130726,0.4855803757495715,0.3161461251002204,-0.0869543942063026,-0.17003575127802467,-0.09695071095831892,0.23517075012531935,0.17952771559167913,0.11174678220357448,Medical Care Facilities,Healthcare,CHE
2015Q4,2015,Q4,2016-02-26,2015-12-31,29929000.0,398589000.0,49159000.0,1.72,122616000.0,0.3076251477085419,852325000.0,513253000.0,150808000.0,171336000.0,339072000.0,6314000.0,865845000.0,2519486200.0,2596009200.0,30.516261371068435,0.8801886351963394,0.10706010031384741,0.177787562858863,0.049742824954865844,30.516261371068435,0.05831237226085381,6.321012872909187,21.045526078385514,4.908858204433291,0.13575461926559523,43.708108964206524,0.0016126303847189161,0.46764907752324525,0.7061504879301489,0.03511453964156865,56.649492973580664,0.3076251477085419,0.04242424242424246,0.6556278662078537,0.4837871199640266,0.390588191226138,0.0742879171521943,0.03801200013872993,-0.019330513884455794,0.2396436554929086,0.19774160904613752,0.25406618887262883,Medical Care Facilities,Healthcare,CHE
2015Q3,2015,Q3,2015-10-30,2015-09-30,28833000.0,386226000.0,50128000.0,1.65,114137000.0,0.2955186859507128,897638000.0,488576000.0,200775000.0,186763000.0,409062000.0,6545000.0,839979000.0,2250971550.0,2350646550.0,28.96981915209013,1.0750255671626607,0.15387606139668775,0.2827093430704742,0.049210887841824445,28.96981915209013,0.05901436009955462,5.828120193876124,19.517319997919053,4.607208602141734,0.14160857350952033,41.572039724980904,0.001813883431800815,0.4302692176578977,0.8680252512542634,0.032120966358376093,70.12809365069475,0.2955186859507128,0.06451612903225798,0.8407008655320721,0.6148950941670673,0.22692089186473513,0.025876790882453395,0.06887859128822985,0.12394618834080717,0.5550341106341846,0.22534216975958507,0.15726683407664757,Medical Care Facilities,Healthcare,CHE
2015Q2,2015,Q2,2015-07-31,2015-06-30,26975000.0,381921000.0,44600000.0,1.55,111258000.0,0.29131155396011216,885283000.0,477798000.0,190046000.0,161912000.0,407485000.0,6250000.0,815229000.0,2212968000.0,2340263000.0,28.305568720379146,1.1737610553881122,0.18073316668229256,0.334869547381948,0.04270859237026076,28.305568720379146,0.0564569127539253,5.794308246993488,20.509434661723816,4.6315974533170925,0.1377571825764597,43.30608,0.00167919283062385,0.4314111984529241,0.9376760215425664,0.03047048232034276,47.113495561090886,0.29131155396011216,0.10714285714285725,0.9191796084109086,0.6264869479234193,0.24949811216757684,0.032393961045589094,0.09936014997758487,0.09930738704986321,0.4270780934563118,0.21366047438594493,0.201821887717514,Medical Care Facilities,Healthcare,CHE
2015Q1,2015,Q1,2015-05-01,2015-03-31,24537000.0,376652000.0,40571000.0,1.4,107767000.0,0.2861182205324809,895677000.0,476542000.0,208486000.0,171570000.0,419135000.0,6166000.0,791970000.0,2019531600.0,2152446600.0,28.174411729927872,1.2151658215305705,0.18003141757575555,0.33837521141893057,0.03886067469774332,28.174411729927872,0.05148969031061271,5.361797096524112,20.576390756816238,4.237887951114487,0.1525451359171863,43.60768731754784,0.0018534000656389828,0.42052213018755646,1.0146995395465408,0.0273949202670159,528.5348338131379,0.2861182205324809,-0.18128654970760238,0.6931231718731772,0.6291920399961196,0.2782377099240951,-0.07104621193183287,-0.17647256251048835,-0.1891800067949717,0.345180430698963,0.19613968010028138,0.2294208577050723,Medical Care Facilities,Healthcare,CHE
2014Q4,2014,Q4,2015-02-27,2014-12-31,29795000.0,379411000.0,50037000.0,1.71,116009000.0,0.3057607713007794,859932000.0,451356000.0,174564000.0,175554000.0,408576000.0,6168000.0,771176000.0,1783498260.0,1916866260.0,26.742268041237114,0.9943607095252742,0.17152519036388925,0.32679304141298665,0.050477517243856476,26.742268041237114,0.0660121943654233,4.7007025626563275,14.964744588018124,3.9514225134926755,0.12408122168149019,42.704604409857325,0.0020728924064103097,0.4412104678044311,0.790292445629265,0.03464808845350563,37.59165036674817,0.3057607713007794,0.23021582733812956,1.217613554211003,0.6748019593612292,0.2662116049804261,0.13796790394726516,0.2119178360789099,0.2443609957474323,0.30195902956925164,0.21674505672032326,0.22552459733945046,Medical Care Facilities,Healthcare,CHE
2014Q3,2014,Q3,2014-11-05,2014-09-30,24585000.0,358389000.0,40211000.0,1.39,101944000.0,0.2844506946362751,869508000.0,432431000.0,188738000.0,197255000.0,437077000.0,6385000.0,745077000.0,1753313100.0,1908301100.0,25.378895475086566,0.9568223872652151,0.19959563339267725,0.40133570442452093,0.04084994866735,25.378895475086566,0.056853000825565235,4.89220679206114,17.829093959731544,4.0545499744467906,0.1546064673581452,40.1636648394675,0.002167895739785438,0.41217447108019706,0.7650097589414717,0.028274610469368886,-274.1693666927287,0.2844506946362751,0.02205882352941162,0.6870495280157575,0.5917854820606122,0.2474076784468316,-0.011931184880058154,0.009112178303164634,-0.03150364893181435,0.3629012307862295,0.27356746137973575,0.2306831131667343,Medical Care Facilities,Healthcare,CHE
2014Q2,2014,Q2,2014-07-30,2014-06-30,24363000.0,360182000.0,41519000.0,1.36,103175000.0,0.2864524046176655,841595000.0,444484000.0,165500000.0,156673000.0,397111000.0,6856000.0,724295000.0,1615357920.0,1747444920.0,25.788117892782548,1.0563402756058797,0.19011519792774434,0.3599679628513062,0.04199601762787951,25.788117892782548,0.054811871743414835,4.484837998567391,16.575933998276074,3.634231873363271,0.14177235972581373,37.486435239206536,0.0021382258118993218,0.4279754513750676,0.7663413606683985,0.02894860354446022,35.3965711280568,0.2864524046176655,0.21428571428571425,0.836887979658349,0.5865937923965869,0.3231562054879479,0.02681103890287716,0.18416447944007,0.13278947942813488,0.4712583626890169,0.32361938255429235,0.11276982450862498,Medical Care Facilities,Healthcare,CHE
2014Q1,2014,Q1,2014-05-02,2014-03-31,20574000.0,358300000.0,36652000.0,1.12,100481000.0,0.2804381802958415,868620000.0,445933000.0,198412000.0,337851000.0,422687000.0,6676000.0,703385000.0,1566269500.0,1712615500.0,25.467332952598515,0.5872766397021172,0.21393129331583433,0.41671058208295864,0.03546842287642292,25.467332952598515,0.046136975734022825,4.371391292213229,19.032146155341696,3.5123426613415023,0.1605424321959755,38.61878370281606,0.0021088324838094592,0.41249338030439087,0.4606498130832823,0.023685846515161983,-78.40363918506283,0.2804381802958415,-0.12499999999999993,0.360599320979267,0.5536801065148698,0.36719411362648097,-0.02109190811137307,-0.10192500763891921,-0.0706896551724138,0.36673799160627063,0.3019536304781753,0.15595898703723393,Medical Care Facilities,Healthcare,CHE
2013Q4,2013,Q4,2014-02-27,2013-12-31,22909000.0,348604000.0,39440000.0,1.28,102646000.0,0.29444871544790074,893701000.0,448890000.0,224656000.0,363986000.0,444811000.0,6703000.0,686114000.0,1340237040.0,1439383040.0,25.662588611936886,0.6172105520541998,0.20539755466313678,0.4089286907705674,0.03774003660504233,25.662588611936886,0.05103477466639934,3.8445830799417102,14.625660657383563,2.9856691839871683,0.16102841677943167,36.693719230195434,0.0027524981700252065,0.3900678191028096,0.48405158440159785,0.02563385293291604,294.42817223198597,0.29444871544790074,0.36170212765957455,0.5437166725601973,0.5273442288732095,0.5465564634753025,0.05060285357515711,0.31419229004130333,0.3502225265320096,0.21853316897900882,0.24778383669724333,0.16941234203370445,Medical Care Facilities,Healthcare,CHE
2013Q3,2013,Q3,2013-11-01,2013-09-30,17432000.0,340886000.0,29210000.0,0.94,97702000.0,0.286611946515844,881540000.0,426827000.0,216373000.0,376354000.0,454713000.0,6729000.0,666894000.0,1300156000.0,1398292000.0,23.472668279806424,0.5749188264240582,0.20570819248133948,0.4248559720917374,0.03267960494236808,23.472668279806424,0.04084090275451178,3.8140492716039964,18.646110601193207,3.046095959252812,0.21133547498852684,36.139693862386686,0.002833506133110181,0.3866937404995803,0.43395579693586356,0.019774485559362027,29.21370632513201,0.286611946515844,0.2207792207792207,0.20193824345268452,0.46317894830644135,0.5046530796372118,-0.040622944058759415,0.19331872946330778,0.1281476904063031,0.03213742233531557,0.32193133459975953,-0.005892755176990328,Medical Care Facilities,Healthcare,CHE
2013Q2,2013,Q2,2013-07-25,2013-06-30,14608000.0,357198000.0,25892000.0,0.77,101839000.0,0.285105179760245,898878000.0,481287000.0,233310000.0,338248000.0,417591000.0,6156000.0,653146000.0,1360656780.0,1426763780.0,25.867300870686876,0.6897601759655637,0.19930847122746356,0.37223943302021456,0.023971102223163968,25.867300870686876,0.030351952161600044,3.8092508356709724,23.286157927163195,2.827121405730884,0.23329682365826945,41.48131903833658,0.002504672780155478,0.3973820696468264,0.559953052198387,0.016251371153816203,19.512939438700148,0.285105179760245,-0.34188034188034183,0.0689507607799884,0.592352777788116,0.7113175124829282,-0.004837102038423202,-0.34428584253523653,-0.3335735612066303,-0.05710278486909931,0.3800838953136436,0.14186518999435369,Medical Care Facilities,Healthcare,CHE
2013Q1,2013,Q1,2013-04-26,2013-03-31,22278000.0,366641000.0,38852000.0,1.17,102334000.0,0.27911226513128645,899409000.0,483089000.0,236249000.0,160918000.0,416320000.0,6559000.0,641946000.0,1473054660.0,1577102660.0,26.081902602310766,1.4681328378428764,0.1968003433365688,0.36640039413027414,0.03596003821305255,26.081902602310766,0.04611572608773953,4.017703039212745,16.530373687045515,3.0492407403190716,0.15113564951970554,40.2968440311023,0.0022857264509111973,0.40764657680765926,1.2439627636435948,0.0247695987031484,538.5940255941499,0.27911226513128645,-0.16428571428571428,0.7071407386350727,0.6565596915518851,0.7003557192303582,-0.040729665632411254,-0.1668661181750187,-0.15441704572659803,0.40378868179745747,0.4482097826599554,0.18330319626255986,Medical Care Facilities,Healthcare,CHE
2012Q4,2012,Q4,2013-02-27,2012-12-31,26740000.0,368577000.0,45947000.0,1.4,106679000.0,0.289434772110034,859626000.0,453291000.0,197671000.0,156822000.0,406335000.0,7058000.0,623035000.0,1277694520.0,1383053520.0,24.333852265406914,1.2604800346890104,0.20344894174908623,0.3858227937461807,0.045050951181286304,24.333852265406914,0.05899080281761606,3.4665606372616846,11.945535901271505,2.818707011610643,0.12658937920718025,37.10654576367243,0.002649303058762434,0.42876436962120734,1.0385277575850327,0.031106550988453118,27.977895243934483,0.289434772110034,0.3084112149532709,0.6960682210690219,0.6531592000454536,0.5944110046468064,0.09142342674155694,0.2828016310865915,0.27737003058103976,0.8032611816124057,0.4741325181375673,0.15217625090082273,Medical Care Facilities,Healthcare,CHE
2012Q3,2012,Q3,2012-11-02,2012-09-30,20845000.0,354353000.0,35970000.0,1.07,97743000.0,0.2758351135731883,864787000.0,474625000.0,205104000.0,147681000.0,390162000.0,7639000.0,599680000.0,1340661600.0,1444177600.0,25.032964135021096,1.3888313323988868,0.19983186611269596,0.3641021859362655,0.033994677991089906,25.032964135021096,0.043918883328943906,3.7834069416655143,16.078934996402012,2.8246754806426124,0.1669944830894699,33.592093205917,0.002596479230851395,0.4097575472341744,1.1747753604051976,0.024104201381380617,91.40666803027204,0.2758351135731883,-0.027272727272727296,0.4523604802492193,0.6414347896468016,0.7433282526776674,0.00972087353567075,-0.02016546018614271,-0.08994307400379507,0.2854798974031195,0.41439838498134024,0.23040467647471377,Medical Care Facilities,Healthcare,CHE
2012Q2,2012,Q2,2012-08-02,2012-06-30,21274000.0,354170000.0,39525000.0,1.1,96802000.0,0.2733207216873253,831128000.0,447445000.0,178073000.0,142590000.0,383683000.0,8146000.0,582316000.0,1148239120.0,1259042120.0,23.552216022739234,1.2488463426607757,0.20546654666910513,0.3816536110583424,0.03899135876909934,23.552216022739234,0.047545508386505606,3.242056413586696,13.493455861615118,2.566212875325459,0.1451537087524678,31.594402160569604,0.0026893353015180325,0.4261317149704979,1.0236622484045164,0.025596538679962654,30.362238087683114,0.2733207216873253,0.03773584905660381,1.909134939154045,0.6833998226373044,0.7777639009713136,0.013654736224842406,0.04054781120078259,0.13002830431426365,0.4552233812559979,0.41541606004044934,0.20843486574109055,Medical Care Facilities,Healthcare,CHE
2012Q1,2012,Q1,2012-04-30,2012-03-31,20445000.0,352943000.0,34977000.0,1.06,95498000.0,0.2705762686892784,831483000.0,434457000.0,177276000.0,155196000.0,397026000.0,8468000.0,564130000.0,1188287440.0,1322832440.0,22.916816119843865,1.1422717080337121,0.2029614556160499,0.3884366001698672,0.03543527318293719,22.916816119843865,0.04705874229210256,3.3667970182154057,14.530293959403277,2.7351094354562133,0.15025678650036683,30.40210203117619,0.0025852330813157464,0.4244741022967397,0.9375692672491559,0.024588596519712368,-725.8933659132559,0.2705762686892784,-0.21822680412371134,0.7097018780556895,0.7702970662064055,0.41756229545311374,-0.06270672411593235,-0.20462944952343903,-0.24005996610611394,0.2487981780327425,0.4135559300551913,0.23027158597359548,Medical Care Facilities,Healthcare,CHE
2011Q4,2011,Q4,2012-02-27,2011-12-31,25705000.0,350253000.0,46026000.0,1.3558919717269755,101887000.0,0.2908954384402132,795905000.0,413684000.0,150753000.0,145400000.0,382221000.0,8668000.0,546757000.0,970839180.0,1099542180.0,21.821078172803038,1.0368156808803302,0.2095526476149792,0.40316763519981436,0.048259224946652156,21.821078172803038,0.06213680006961836,2.7718225968085926,9.442123905854892,2.346813461482678,0.12234973740517409,28.653207198892478,0.0032394654694508722,0.44006885243841914,0.8124896836313618,0.032296568057745584,16.107097255864883,0.2908954384402132,0.30374228050670715,0.9774353737271538,0.7638157217192973,0.331757913740956,0.05718228604631859,0.17444144926211907,0.1141342499576384,0.5981812103191689,0.4159025886239154,0.31504775291650844,Medical Care Facilities,Healthcare,CHE
2011Q3,2011,Q3,2011-11-04,2011-09-30,21887000.0,341439000.0,41311000.0,1.04,96376000.0,0.28226418188900504,815056000.0,426335000.0,168596000.0,160792000.0,388721000.0,8888000.0,524197000.0,1136243040.0,1279742040.0,20.62179549192222,1.0485347529727846,0.2022449991166251,0.386646651107697,0.042697008257604425,20.62179549192222,0.05133756318388122,3.3278068410462778,12.978515100287842,2.6651413559759347,0.15653127427239913,27.572344734473447,0.003015199987495633,0.4189147739541823,0.8385180854768894,0.026853369584421194,23.519831090871456,0.28226418188900504,0.10638297872340435,2.482808538291483,0.7082718348175516,0.30002460977330886,0.027868135618527565,0.07892142364192054,0.1525863512080799,0.3273519289836672,0.28903976600806225,0.3219054486985419,Medical Care Facilities,Healthcare,CHE
2011Q2,2011,Q2,2011-08-05,2011-06-30,20286000.0,333360000.0,35842000.0,0.94,93763000.0,0.2812664986801056,850613000.0,489334000.0,203600000.0,135303000.0,361279000.0,8682000.0,505736000.0,1383454800.0,1495445800.0,23.1747099218565,1.5047707737448541,0.19154656700520684,0.33296684881900707,0.03368228374728802,23.1747099218565,0.04145634678971827,4.150032397408207,17.049378881987575,2.8272198539239044,0.1473922902494331,27.596982262151577,0.0021612560092313824,0.3919056021951228,1.2602972587451868,0.023848683243731284,-223.10188679245283,0.2812664986801056,0.11904761904761903,0.9601555516373929,0.6560650486440842,0.4723976019306097,0.003242028675369142,0.1207115628970775,0.1733010344376064,0.3080528534217381,0.30950056333178294,0.5331822649083292,Medical Care Facilities,Healthcare,CHE
2011Q1,2011,Q1,2011-04-29,2011-03-31,18101000.0,330918000.0,30548000.0,0.84,93460000.0,0.2824264621447005,822728000.0,463870000.0,183514000.0,135936000.0,358858000.0,7967000.0,488439000.0,1402473550.0,1503782550.0,22.03134647352173,1.3500029425612052,0.19575607004988282,0.3471964127880656,0.03009000039817343,22.03134647352173,0.03902170866837692,4.238130141001698,19.370111457930502,3.0234193847414144,0.16446605159935915,29.805196435295596,0.0021226781781374772,0.4022204179267024,1.1230064147834276,0.022001196021042193,33.102189152190334,0.2824264621447005,-0.2184622182942996,0.8329960875717486,0.6623319677460594,0.4398387666845667,-0.07487329743427304,-0.20013256738842244,-0.2058441220818385,0.22019243807128772,0.3152826333826288,0.4362880864097442,Medical Care Facilities,Healthcare,CHE
2010Q4,2010,Q4,2011-02-28,2010-12-31,22630000.0,336286000.0,38466000.0,1.0748040845404891,101024000.0,0.30041095971881077,830161000.0,462049000.0,196797000.0,149342000.0,368112000.0,7728000.0,473316000.0,1337203050.0,1446494050.0,21.94485870339587,1.31776057639512,0.19177966683571018,0.3445695153544321,0.03756181123185682,21.94485870339587,0.04897748940047484,3.976386319977638,14.772459677419356,2.8940719490789935,0.1413610251878038,30.442805383022776,0.00239230683776858,0.4050852786387219,1.0908920464437333,0.027259772501960464,62.22443229409028,0.30041095971881077,0.18110338960493308,5.690295788186544,0.6759235432256664,0.48768634104572667,0.09172646321431659,0.07823518200876692,0.04655148959325262,0.2699231828871614,0.3344620219643585,0.43787855003353815,Medical Care Facilities,Healthcare,CHE
2010Q3,2010,Q3,2010-11-03,2010-09-30,20988000.0,320451000.0,36755000.0,0.91,92536000.0,0.2887680175752299,898392000.0,533556000.0,276006000.0,152267000.0,364836000.0,7951000.0,453886000.0,1287351090.0,1307286090.0,23.611806877019074,1.8126448935094275,0.17519301151390484,0.2949868429930504,0.03285437296631763,23.611806877019074,0.039336077187774106,4.017310259602872,15.334370711835334,2.412775959786789,0.15251572327044025,28.66494780530751,0.0024865011766137548,0.35669395987497665,1.5968200595007453,0.0233617396414928,42.141910763388765,0.2887680175752299,0.10975609756097571,0.6325656552918464,0.5631406800927538,0.6170291442639917,0.013615501736168161,0.11312649164677804,0.0856273629489603,0.22696203930547387,0.2454798295749859,0.6443570087606609,Medical Care Facilities,Healthcare,CHE
2010Q2,2010,Q2,2010-07-30,2010-06-30,18855000.0,314995000.0,33856000.0,0.82,91293000.0,0.2898236479944126,865963000.0,512967000.0,244021000.0,141925000.0,352996000.0,7978000.0,436098000.0,1237268160.0,1283796160.0,22.653550609432962,1.719365862251189,0.1796935896799286,0.3033489483728973,0.030932685627666826,22.653550609432962,0.03675675043423846,3.927897776155177,16.405040572792362,2.411983928790741,0.14542561654733493,28.03985961393833,0.002216172765651708,0.3637511071489198,1.485404262814867,0.02177344759533606,202.56518664047152,0.2898236479944126,-0.023809523809523832,1.3887393053618349,0.5667564297499085,0.6084558578109485,0.01803158035594808,-0.025984089265419983,-0.017099724197996807,1.1631965681485201,0.25612801869185464,0.70993100875918,Medical Care Facilities,Healthcare,CHE
2010Q1,2010,Q1,2010-04-30,2010-03-31,19358000.0,308813000.0,34445000.0,0.84,89676000.0,0.290389329464757,854228000.0,497986000.0,232034000.0,146524000.0,356242000.0,7609000.0,419985000.0,1228607340.0,1270341340.0,22.041605807108397,1.5835904015724387,0.18010765275781174,0.30895045242235725,0.03229050741789732,22.041605807108397,0.038872578747193694,3.9784832244756534,15.866919878086579,2.4671523697453344,0.14149188965802253,28.799710868708107,0.0022293534401316532,0.36151121246318313,1.3617632606262455,0.02266139719138216,551.6871755725191,0.290389329464757,0.055219349457881484,1.6553212386666083,0.5724271607146383,0.6042876344464487,-0.0243382328941499,0.07634139560745065,0.11490532448616281,0.35835215470197845,0.29973785439047446,0.3634245333208241,Medical Care Facilities,Healthcare,CHE
2009Q4,2009,Q4,2010-02-26,2009-12-31,17985000.0,303249000.0,30895000.0,0.79604302217501,91913000.0,0.3030941569469314,819470000.0,477162000.0,198258000.0,136084000.0,342308000.0,7543000.0,403366000.0,1083786210.0,1123497210.0,21.119904395166646,1.4568795743805296,0.18564071900130572,0.3188162510845373,0.03067055726458711,21.119904395166646,0.03769160159442705,3.5739151984013136,15.065140533778147,2.27131709985288,0.15168195718654434,28.017499668566884,0.0025171015970022353,0.370055035571772,1.2189309544105111,0.021947112157858127,14.79369656019656,0.3030941569469314,-0.052329735505940445,0.27594150482703605,0.8331200267574826,0.5995803432399199,0.04558278160762633,-0.06376887038001042,-0.057677057280546576,0.16095062429833598,0.2814136312487202,0.28896471535359347,Medical Care Facilities,Healthcare,CHE
2009Q3,2009,Q3,2009-10-30,2009-09-30,19210000.0,296794000.0,32786000.0,0.84,87906000.0,0.2961852328551116,801403000.0,456976000.0,182012000.0,145210000.0,344427000.0,8071000.0,388109000.0,985813290.0,1094267290.0,20.345309647834025,1.2534398457406515,0.1877969011845476,0.3293411470186618,0.03274106126232971,20.345309647834025,0.042037218584783445,3.3215404961016732,12.829428552837065,2.1572539695738944,0.14148880791254556,25.88130343204064,0.0027571143821767713,0.37034301094455596,1.0241305695200056,0.023970461802613665,31.706332497105365,0.2961852328551116,0.1052631578947368,1.0100066064169895,0.5608612633360708,0.6113689408119551,-0.00013649082099228828,0.1136231884057971,0.17352709571193356,1.8136245940646234,0.3667667211028438,0.2825945852291611,Medical Care Facilities,Healthcare,CHE
2009Q2,2009,Q2,2009-07-31,2009-06-30,17250000.0,295255000.0,27938000.0,0.76,87918000.0,0.2977697244754534,776203000.0,436904000.0,158986000.0,142683000.0,339299000.0,8240000.0,371617000.0,885023159.9999999,1022224159.9999999,19.489851452023018,1.1142602832853248,0.1981865568672113,0.3520979437130354,0.02897678063316443,19.489851452023018,0.03948235768040576,2.9974874599922097,12.826422608695651,2.0256696207862595,0.07860869565217392,25.162257281553398,0.0015321632938961735,0.3803837398206397,0.8463166600085504,0.02222356780378329,66.74886190512105,0.2977697244754534,-0.10588235294117644,1.2803925587894143,0.5534700136417691,0.5773095795668448,-7.96133067955644e-05,-0.10802006308495786,-0.19547313252318146,0.5699897214495386,0.38157593182370897,0.2382813263555893,Medical Care Facilities,Healthcare,CHE
2009Q1,2009,Q1,2009-04-28,2009-03-31,19339000.0,294938000.0,34726000.0,0.85,87925000.0,0.29811350182072166,774225000.0,417143000.0,153044000.0,158449000.0,357082000.0,8083000.0,355723000.0,871126600.0,1018459600.0,18.627444851299455,0.9658880775517674,0.20561464690496947,0.38162452684091547,0.03686754712769555,18.627444851299455,0.04636060056143816,2.9535922804114763,11.261267387145146,2.0883164766039464,0.07006567040694969,25.610911790176914,0.0015554570368991145,0.3809461073977203,0.752437692885408,0.024978526914010785,40.09788722669735,0.29811350182072166,0.0018895731354282162,3.6507397563668285,1.1933251206559232,0.4181545829342258,-0.03437482840041733,0.01789567871993263,-0.11571173924115101,0.8412660896720662,0.39300177133741104,0.21737984800038895,Medical Care Facilities,Healthcare,CHE
2008Q4,2008,Q4,2009-02-27,2008-12-31,18999000.0,292205000.0,39270000.0,0.8483968920246494,91055000.0,0.31161342208381104,760924000.0,371592000.0,136261000.0,154050000.0,389332000.0,7569000.0,343810000.0,890609380.0000001,1096806380.0,16.593373224970975,0.8845245050308341,0.2757502720376805,0.5646650089345303,0.03815495356253568,16.593373224970975,0.05112865723696958,3.0478923358600984,11.719161271645877,2.396739919051002,0.06268750986894046,26.57550535077289,0.0013372866115557867,0.38401338372820415,0.6602012333657903,0.024968327980192502,93.14049152896885,0.31161342208381104,0.07392011648689793,2.4021517433961335,2.6145797206775963,0.8793302157409274,0.060431369808771805,0.0585580566079786,0.12492480449167837,4.280986772440242,0.3691676501243766,0.12489832048192644,Medical Care Facilities,Healthcare,CHE
2008Q3,2008,Q3,2008-10-23,2008-09-30,17948000.0,288312000.0,34909000.0,0.79,85866000.0,0.29782319154249565,743676000.0,351048000.0,125706000.0,145453000.0,392628000.0,7494000.0,326002000.0,923973180.0,1134405180.0,15.60005332622317,0.8642379325280332,0.29211108063188806,0.6188213577630409,0.03507759760774909,15.60005332622317,0.05112691141952098,3.20476837592608,12.87014124136394,2.6320422848157516,0.08090037887229774,27.014411529223377,0.0015714741849974475,0.3876849595791716,0.653200690257334,0.024134165953990715,21.303939959881028,0.29782319154249565,0.08219178082191789,4.4437130623877295,2.3886464759344985,0.5167947625827404,0.046929295146128244,0.04046376811594203,0.21056281860110276,0.40192902291358423,0.41224328561718754,0.0683528377121798,Medical Care Facilities,Healthcare,CHE
2008Q2,2008,Q2,2008-07-30,2008-06-30,17250000.0,283156000.0,28837000.0,0.73,82017000.0,0.2896530534405063,758216000.0,355001000.0,137064000.0,144012000.0,403215000.0,7588000.0,309506000.0,859822460.0,1086333460.0,15.115430469215703,0.9517540204982918,0.30075334733110354,0.6423531201320559,0.030146804125072823,15.115430469215703,0.048591412418556565,3.0365680402322393,12.461195072463768,2.4220282759766874,0.08411594202898551,26.507511860832896,0.001687557684873689,0.37345030967428805,0.7147182179262839,0.02275077286683478,-332.74863003095976,0.2896530534405063,0.05797101449275368,4.212914747479874,2.0918340306599097,0.4489871087147925,0.032231675392670155,0.025564803804994055,-0.03364498508763111,1.1070527486747095,0.35789967319959537,0.0732314373456468,Medical Care Facilities,Healthcare,CHE
2008Q1,2008,Q1,2008-04-30,2008-03-31,16820000.0,285268000.0,29841000.0,0.69,79456000.0,0.27853106552434903,768903000.0,366190000.0,148178000.0,149985000.0,402713000.0,7439000.0,293707000.0,1007440600.0000001,1199972600.0,15.339085996732711,0.987952128546188,0.2890299556641085,0.6068871350938038,0.031528257710907046,15.339085996732711,0.04593243944400448,3.531558394211759,14.973849583828777,2.7511417570113874,0.0861474435196195,27.666621857776583,0.0014382981984248004,0.3710064858636265,0.7781311464479781,0.021875321074309763,28.267132435465772,0.27853106552434903,-0.18473793615441733,4.458765849165045,2.0440995594302485,0.49395401553682133,-0.10227324083698648,-0.16753278891363524,-0.0851089922433087,1.1834813129448738,0.37465882351262847,0.11644796679617664,Medical Care Facilities,Healthcare,CHE
2007Q4,2007,Q4,2008-02-28,2007-12-31,20205000.0,285729000.0,32617000.0,0.8463536212457589,88508000.0,0.3097620472545664,772313000.0,364349000.0,139405000.0,152832000.0,407964000.0,6596000.0,278336000.0,1334023240.0,1553866240.0,15.261969589075525,0.9121453622278057,0.2911138359706492,0.6170759354355302,0.03485986958555057,15.261969589075525,0.0554550719227993,4.668840894693923,16.50610294481564,3.661388503879522,0.07161593664934422,29.90009096422074,0.001084688749500346,0.36996528609514534,0.7073191478224455,0.026161672793284588,452.82526816021726,0.3097620472545664,0.14372110979156605,1.9218035696404996,1.9997981771327378,0.4850758249674772,0.11161628213662225,0.11525086934923001,0.06650753686688683,0.35658209798453516,0.6346047259199924,0.15591179282978096,Medical Care Facilities,Healthcare,CHE
2007Q3,2007,Q3,2007-11-01,2007-09-30,18117000.0,272503000.0,30583000.0,0.74,79621000.0,0.2921839392593843,768239000.0,343661000.0,132599000.0,162248000.0,424578000.0,6824000.0,259578000.0,1492461880.0,1710627880.0,14.35929469769774,0.8172612297224002,0.30575901509816605,0.6835107853378766,0.03194005236695465,14.35929469769774,0.05271764907859781,5.47686403452439,20.594771209361372,4.342831685876488,0.07970414527791576,28.265240328253224,0.0009675288992975821,0.3547112291877918,0.606774813865194,0.023582504923597994,27.801905294139562,0.2921839392593843,0.9473684210526315,1.1006504068969662,1.9812833751358574,0.27970108057495063,-0.036893227371145865,0.9205979009859006,0.008507831821929102,0.7790508082078427,0.3449694523152602,0.13727054974064895,Medical Care Facilities,Healthcare,CHE
2007Q2,2007,Q2,2007-08-03,2007-06-30,9433000.0,271387000.0,30325000.0,0.38,82671000.0,0.304624023995254,779532000.0,324661000.0,145090000.0,148133000.0,454871000.0,6752000.0,242905000.0,1624502740.0000002,1895230740.0000002,13.248224924508284,0.979457649544666,0.35687694668082903,0.8568845657470407,0.030815647689888034,13.248224924508284,0.029054921903154368,5.985926886696858,43.05371408883706,5.003689201967592,0.15286759249443443,27.949644549763033,0.0008876562436576745,0.34814093584355743,0.7245920895411556,0.012100850253741989,-128.7244643423138,0.304624023995254,-0.3870967741935484,0.66085225094039,0.8728728432938924,0.21127681180667973,0.005827817792485887,-0.4184698847173417,0.03746151214505645,0.14071043090133806,0.306170035502943,0.07217605722254611,Medical Care Facilities,Healthcare,CHE
2007Q1,2007,Q1,2007-05-02,2007-03-31,16221000.0,270439000.0,29230000.0,0.62,82192000.0,0.3039206623305071,783976000.0,415734000.0,152805000.0,160498000.0,368242000.0,6752000.0,234914000.0,1259055360.0,1379317360.0,16.166355576294915,0.9520679385412902,0.19184133187750646,0.36176738010362397,0.031775470680525615,16.166355576294915,0.03901773730317944,4.655598341955117,19.404712409839096,3.0285118850033914,0.09586338696751125,27.880183649289098,0.00123505292094543,0.34495826402849067,0.7186880833406024,0.02069068440870639,43.51172795134089,0.3039206623305071,-0.09579084670787723,1.6578401265828857,0.7689176919826941,0.41422206169209236,-0.03590489484241024,-0.0800771281120626,-0.21924248090175757,2.93614981692266,0.7513375523386382,0.23078561943870476,Medical Care Facilities,Healthcare,CHE
