Year,Date,FillingDate,NetIncome,Revenue,OperatingIncome,EPSDiluted,GrossProfit,GrossProfitRatio,TotalAssets,CommonStockEquity,CurrentAssets,CurrentLiability,TotalLiability,Inventory,RetainedEarnings,EnterpriseValue,bookValuePerShare,currentRatio,debtToAssets,debtToEquity,roic,shareholdersEquityPerShare,roe,priceToSalesRatio,peRatio,pbRatio,payoutRatio,inventoryTurnover,dividendYield,assetTurnover,quickRatio,returnOnAssets,priceToFreeCashFlowsRatio,grossProfitMargin,epsdilutedGrowth,fiveYNetIncomeGrowthPerShare,fiveYRevenueGrowthPerShare,fiveYShareholdersEquityGrowthPerShare,grossProfitGrowth,netIncomeGrowth,operatingIncomeGrowth,threeYNetIncomeGrowthPerShare,threeYRevenueGrowthPerShare,threeYShareholdersEquityGrowthPerShare,Industry,Sector,Price,MarketCap,AvgVolume,Symbol
2022,2022-12-31,2023-03-31,-18091000.0,592000.0,-17851000.0,-5.59,-204000.0,-0.3445945946,17647000.0,2977000.0,15370000.0,4799000.0,14670000.0,488000.0,-141351000.0,113879.6799999997,0.919408317356156,3.2027505730360493,0.6480421601405338,3.84145112529392,-1.1704838017270085,0.919408317356156,-6.076923076923077,4.594391351351351,-0.15034435244044,0.913631064830366,0.0,1.6311475409836065,0.0,0.03354677848926163,2.938320483434049,-1.0251600838669461,-0.15374369340342545,-0.34459459459459457,0.29508196721311475,0.654548017917536,20.316834485854898,-0.8641364876331867,0.12446351931330472,0.026632949531905734,0.004072751617942423,0.6881835051200389,1.1472616543495082,-0.9369607847729993,Medical Devices,Healthcare,0.6415,3402433,359501,MOTS
2021,2021-12-31,2022-03-29,-18586000.0,391000.0,-17924000.0,-7.93,-233000.0,-0.5959079284,26089000.0,9657000.0,23961000.0,2901000.0,16432000.0,496000.0,-122754000.0,11415049.059999999,4.118546938086174,8.259565667011376,0.4629537352907356,1.250698974836906,-0.7804452422250352,4.118546938086174,-1.9246142694418555,56.01035565217391,-1.178308891638868,2.2677901066583823,0.0,1.2580645161290323,0.0,0.014987159339185097,7.815236125473975,-0.7124075280769673,-1.470591529680365,-0.5959079283887468,0.32568027210884354,0.9417423989411717,0.0,-0.9757848002042886,0.41457286432160806,0.015624172448493194,0.05895941618102588,0.7304527362888814,2.505822121685948,-0.8316600378074694,Medical Devices,Healthcare,0.6415,3402433,359501,MOTS
2020,2020-12-31,2021-03-16,-18881000.0,98000.0,-19047000.0,-11.76,-398000.0,-4.0612244898,24064000.0,11290000.0,22107000.0,10610000.0,12774000.0,805000.0,-103721000.0,18394760.0,7.029887920298879,2.0836003770028277,0.36419547872340424,0.7762621789193977,-0.8961610598950892,7.029887920298879,-1.6723649247121346,310.71183673469386,-1.6127196652719666,2.6970558015943316,0.0,0.6161490683229813,0.0,0.004072473404255319,1.9655042412818096,-0.7846160239361702,-1.7826684620338387,-4.061224489795919,0.34375000000000006,0.8842870941946336,0.0,1.1113414910309813,-12.724137931034482,0.16147799440422791,0.18727598566308243,0.27309949106570064,6.114623910336239,0.03882599968567992,Medical Devices,Healthcare,0.6415,3402433,359501,MOTS
2019,2019-12-31,2020-03-30,-22517000.0,107000.0,-23436000.0,-17.92,-29000.0,-0.2710280374,32257000.0,18328000.0,30167000.0,11344000.0,13929000.0,1014000.0,-84464000.0,45814982.199999996,14.584704362917863,2.6592912552891397,0.27243699042068387,0.47948494107376693,-0.812020375123736,14.584704362917863,-1.228557398515932,537.897029906542,-2.5560679575431897,3.1402762003491924,0.0,0.1341222879684418,0.0,0.003317109464612332,2.540021156558533,-0.6980500356511765,-2.8236757199627136,-0.27102803738317754,0.3906240273172485,0.823641892240981,0.0,1.23099695876009,-0.6111111111111112,-0.011681718111156042,-0.23836195508586525,0.868308435300476,0.0,-0.9142485115700653,Medical Devices,Healthcare,0.6415,3402433,359501,MOTS
2018,2018-12-31,2019-03-26,-22257000.0,36000.0,-18925000.0,-29.407132547592862,-18000.0,-0.5,22954000.0,18517000.0,22051000.0,2393000.0,4437000.0,23000.0,-61378000.0,29026505.4,24.4656520320219,9.21479314667781,0.0,0.0,-1.0220338067721553,24.4656520320219,-1.2019765620780904,1307.6807055555555,-2.115132560542751,2.542339763460604,0.0,2.347826086956522,0.0,0.0015683540995033544,8.816548265775177,-0.969634922017949,-3.041117919896641,-0.5,-0.8182265196009354,0.7105622707364988,0.0,1.3874943963793187,-5.5,-0.6861363636363637,-0.4598117864856526,0.7105622707364988,0.0,1.3874943963793187,Medical Devices,Healthcare,0.6415,3402433,359501,MOTS
2017,2017-12-31,2018-03-28,-13200000.0,7000.0,-12964000.0,-16.173525262433827,4000.0,0.5714285714285714,9168000.0,5523000.0,8286000.0,1983000.0,3645000.0,6000.0,-39121000.0,64555652.39999999,6.767146685225369,4.178517397881997,0.0,0.0,-2.347275031685678,6.767146685225369,-2.390005431830527,10213.52177142857,-5.416261545454544,12.944894513851168,0.0,0.5,0.0,0.0007635253054101221,3.5375693393847705,-1.4397905759162304,-6.438059648806843,0.5714285714285714,-0.21668836324676302,0.8408132827214391,0.0,1.1071801158853072,0.0,-0.6452698491835972,-1.1581488263692359,0.8408132827214391,0.0,1.1071801158853072,Medical Devices,Healthcare,0.6415,3402433,359501,MOTS
2016,2016-12-31,2016-12-31,-8023000.0,0.0,-6007000.0,-13.293071382119884,0.0,0.0,12191000.0,10029000.0,11995000.0,752000.0,2162000.0,81000.0,-25921000.0,-6478578.4,170.08106366380625,15.950797872340425,0.0,0.0,-0.6027192032357387,170.08106366380625,-0.7999800578322863,0.0,-0.6438266982425527,0.5150485192940473,0.0,0.0,0.0,0.0,15.48404255319149,-0.6581084406529407,-0.8390873294346978,0.0,0.8691648697653216,-0.3391754298113837,0.0,3.6937953263497176,0.0,-0.33917542981138377,-0.12807511737089203,-0.3391754298113837,0.0,3.6937953263497176,Medical Devices,Healthcare,0.6415,3402433,359501,MOTS
2015,2015-12-31,2015-12-31,-5991000.0,0.0,-5325000.0,-101.60169794057717,0.0,0.0,1715000.0,-3723000.0,1472000.0,698000.0,5438000.0,0.0,-17898000.0,8613421.6,-63.13807957127836,2.108882521489971,2.7638483965014577,-1.273166800966962,-5.261456777882341,-63.13807957127836,1.6091861402095085,0.0,-0.8621968953430145,-1.387435294117647,0.0,0.0,0.0,0.0,1.851002865329513,-3.4932944606413994,-1.034947225005009,0.0,0.0,0.0,0.0,0.0,0.0,0.0,0.0,0.0,0.0,0.0,Medical Devices,Healthcare,0.6415,3402433,359501,MOTS
TTM,,,,,,,,,,,,,,,,5559433.0,-0.22778756342886414,2.3428506167199634,0.8834110048238084,-9.95852534562212,-1.853255554003074,-0.22778756342886414,-11.616057953516451,5.4178869426751595,-0.1587984209021931,-2.816220474654378,0.0,1.7155172413793103,0.0,0.05134494317717276,1.987208771128369,-1.5732155997056658,-0.1968431009545849,-0.267515923566879,,,,,,,,,,,Medical Devices,Healthcare,0.6415,3402433,359501,MOTS
