Quarters,Year,Quarter,FillingDate,Date,NetIncome,Revenue,OperatingIncome,EPSDiluted,GrossProfit,GrossProfitRatio,TotalAssets,CommonStockEquity,CurrentAssets,CurrentLiability,TotalLiability,Inventory,RetainedEarnings,MarketCap,EnterpriseValue,bookValuePerShare,currentRatio,debtToAssets,debtToEquity,roic,shareholdersEquityPerShare,roe,priceToSalesRatio,peRatio,pbRatio,payoutRatio,inventoryTurnover,dividendYield,assetTurnover,quickRatio,returnOnAssets,priceToFreeCashFlowsRatio,grossProfitMargin,epsdilutedGrowth,fiveYNetIncomeGrowthPerShare,fiveYRevenueGrowthPerShare,fiveYShareholdersEquityGrowthPerShare,grossProfitGrowth,netIncomeGrowth,operatingIncomeGrowth,threeYNetIncomeGrowthPerShare,threeYRevenueGrowthPerShare,threeYShareholdersEquityGrowthPerShare,Industry,Sector,Symbol
2023Q1,2023,Q1,2023-04-27,2023-04-01,437000000.0,3024000000.0,0.0,2.11,493000000.0,0.1630291005,16393000000.0,7008000000.0,7530000000.0,4289000000.0,9385000000.0,3934000000.0,5907000000.0,14467496050.0,15931496050.0,34.212903068323286,1.7556539986010724,0.19416824254254864,0.4541952054794521,0.0,34.212903068323286,0.06235730593607306,4.78422488425926,8.276599570938215,2.064425806221461,0.009153318077803204,0.6433655312658871,0.00027648184496998707,0.18446898066247788,0.617160177197482,0.02665771975843348,143.24253514851486,0.16302910052910052,1.1099999999999999,1.8939507770029897,0.1483283609042656,0.5409931525195681,-0.10849909584086799,0.9336283185840708,-1.0,8.701918422144653,0.20879343597025868,0.40572744610991684,Aerospace & Defense,Industrials,TXT
2022Q4,2022,Q4,2023-02-16,2022-12-31,226000000.0,3636000000.0,268000000.0,1.0,553000000.0,0.152090209,16293000000.0,7113000000.0,7401000000.0,3670000000.0,9180000000.0,3550000000.0,5903000000.0,16029120000.0,17248120000.0,31.4178445229682,2.0166212534059946,0.19529859448843062,0.44734992267678897,0.02289200114142523,31.4178445229682,0.03177281034725151,4.4084488448844885,17.73132743362832,2.2534964150147614,0.017699115044247787,0.8684507042253521,0.00024954582659559606,0.22316332167188363,0.7678474114441417,0.013870987540661633,43.91539726027397,0.1520902090209021,-0.05660377358490571,3.462622508167211,0.045483813932131203,0.45489044497187603,0.1194331983805668,0.0044444444444444444,-0.09152542372881356,0.14370438766269503,-0.09251645276971367,0.2981639273716473,Aerospace & Defense,Industrials,TXT
2022Q3,2022,Q3,2022-10-27,2022-10-01,225000000.0,3078000000.0,295000000.0,1.06,494000000.0,0.1604938272,15956000000.0,6762000000.0,8046000000.0,3627000000.0,9194000000.0,3817000000.0,6492000000.0,12310745820.0,13989745820.0,32.00083291135646,2.2183622828784118,0.22330157934319378,0.5269151138716356,0.024350649350649352,32.00083291135646,0.03327417923691216,3.9995925341130603,13.678606466666666,1.8205776131322093,0.017777777777777778,0.6769714435420487,0.0003249193881902437,0.19290549009776886,0.905982905982906,0.014101278515918777,45.59535488888889,0.16049382716049382,0.06000000000000005,0.7640210688713578,0.10130812494933052,0.4488379850774158,-0.037037037037037035,0.03686635944700461,0.0,0.12084362981994738,0.035069342837101565,0.3592661754832857,Aerospace & Defense,Industrials,TXT
2022Q2,2022,Q2,2022-07-28,2022-07-02,217000000.0,3154000000.0,295000000.0,1.0,513000000.0,0.1626506024,15879000000.0,6801000000.0,7989000000.0,3474000000.0,9078000000.0,3739000000.0,6271000000.0,13113411570.0,14838411570.0,31.693439024731227,2.2996545768566494,0.22457333585238365,0.5243346566681371,0.023586834651191022,31.693439024731227,0.031907072489339806,4.157708170577045,15.107617016129032,1.9281593250992501,0.018433179723502304,0.7063385932067398,0.0003050312253716597,0.1986271175766736,0.943580886586068,0.013665847975313308,42.85428617647059,0.16265060240963855,0.13636363636363635,0.7496104172261471,0.07956789199594394,0.47653789756958986,0.007858546168958742,0.12435233160621761,0.11320754716981132,0.0873600590902525,0.06276220216010416,0.38589500784722763,Aerospace & Defense,Industrials,TXT
2022Q1,2022,Q1,2022-04-28,2022-04-02,193000000.0,3001000000.0,265000000.0,0.88,509000000.0,0.16961013,15911000000.0,6917000000.0,8222000000.0,3337000000.0,8994000000.0,3663000000.0,6058000000.0,15848240300.0,17377240300.0,31.87410718400074,2.463889721306563,0.2297152913079002,0.5284082694809888,0.020852495857633043,31.87410718400074,0.02790226977013156,5.2809864378540485,20.528808678756477,2.291201431256325,0.025906735751295335,0.6803166803166804,0.00031549243987674766,0.1886116523160078,1.05004495055439,0.01212997297467161,82.1152347150259,0.1696101299566811,-0.07368421052631574,1.3818027731532196,0.20936093761027164,0.5445351805971292,-0.1085814360770578,-0.06763285024154589,-0.05357142857142857,0.17021044490136247,0.04762285755989895,0.434586478279539,Aerospace & Defense,Industrials,TXT
2021Q4,2021,Q4,2022-02-17,2022-01-01,207000000.0,3322000000.0,280000000.0,0.95,571000000.0,0.171884407,15827000000.0,6815000000.0,8046000000.0,3136000000.0,9012000000.0,3468000000.0,5870000000.0,16744680000.0,18394680000.0,31.420009220839095,2.5656887755102042,0.2380109938712327,0.5527512839325018,0.022175001932086956,31.420009220839095,0.03037417461482025,5.040541842263696,20.22304347826087,2.45703301540719,0.01932367149758454,0.7932525951557093,0.00023888184187455358,0.20989448410943326,1.135204081632653,0.013078915776837051,65.92393700787402,0.17188440698374474,0.15853658536585366,0.2053749951525963,0.08226545048017682,0.5235773290765943,0.13293650793650794,0.11891891891891893,0.2669683257918552,-0.058953715885706574,-0.009295567235285062,0.46793532678923705,Aerospace & Defense,Industrials,TXT
2021Q3,2021,Q3,2021-10-28,2021-10-02,185000000.0,2990000000.0,221000000.0,0.82,504000000.0,0.16856187290969898,15269000000.0,6037000000.0,8111000000.0,3052000000.0,9232000000.0,3670000000.0,6498000000.0,15886782890.0,17476782890.0,26.991500605822154,2.6576015727391873,0.24703647914074267,0.6248136491634918,0.019119774855707313,26.991500605822154,0.030644359781348354,5.313305314381271,21.46862552702703,2.6315691386450224,0.02702702702702703,0.6773841961852861,0.0003147270303005947,0.1958215993188814,1.1634993446920052,0.012116052131770253,48.882408892307694,0.16856187290969898,0.024999999999999883,-0.46926865699491505,0.11080882765614064,0.290271106822361,-0.05084745762711865,0.01092896174863388,0.018433179723502304,-0.6340100642563866,0.040703510359335206,0.21305950947959812,Aerospace & Defense,Industrials,TXT
2021Q2,2021,Q2,2021-07-29,2021-07-03,183000000.0,3191000000.0,217000000.0,0.8,531000000.0,0.16640551551237856,15379000000.0,6101000000.0,8200000000.0,3007000000.0,9278000000.0,3664000000.0,6318000000.0,15600485520.000002,17245485520.0,26.999995574496708,2.726970402394413,0.24923597112946225,0.6282576626782495,0.018437282394076136,26.999995574496708,0.029995082773315848,4.888901761203385,21.312138688524595,2.557037456154729,0.02185792349726776,0.7259825327510917,0.0002564022763824853,0.20749073411795305,1.2178250748254074,0.011899343260290006,30.233499069767447,0.16640551551237856,0.06666666666666672,0.23238895343372912,0.08334291698696268,0.40229209564543805,0.10855949895615867,0.07017543859649122,0.19889502762430938,-0.10007133753250377,-0.05661500037666667,0.2533698057530727,Aerospace & Defense,Industrials,TXT
2021Q1,2021,Q1,2021-04-29,2021-04-03,171000000.0,2879000000.0,181000000.0,0.75,479000000.0,0.1663772143105245,15414000000.0,5996000000.0,8237000000.0,3123000000.0,9418000000.0,3705000000.0,6139000000.0,12946323270.0,14961323270.0,26.413049702875217,2.637528017931476,0.2655378227585312,0.6826217478318879,0.01614629794826048,26.413049702875217,0.028519012675116744,4.496812528655783,18.92737320175439,2.1591599849899934,0.029239766081871343,0.6477732793522267,0.000386210037840342,0.18677825353574673,1.1633045148895294,0.011093810821331257,101.143150546875,0.1663772143105245,-0.28050847457627126,0.3494704615235518,0.064668787365326,0.4226781177002068,-0.11786372007366483,-0.2754237288135593,-0.29844961240310075,0.02180236613232662,-0.013522782735144118,0.18967772620777112,Aerospace & Defense,Industrials,TXT
2020Q4,2020,Q4,2021-02-19,2021-01-02,236000000.0,3667000000.0,258000000.0,1.0424028268551238,543000000.0,0.14807744750477228,15443000000.0,5845000000.0,8248000000.0,3270000000.0,9598000000.0,3513000000.0,5973000000.0,10941912000.0,13056912000.0,25.81713780918728,2.522324159021407,0.2829113514213559,0.7474764756201882,0.027726649696495007,25.81713780918728,0.04037639007698888,2.9838865557676573,11.59100847457627,1.8720123182207014,0.01694915254237288,0.8892684315399944,0.00036556682232501966,0.2374538625914654,1.157492354740061,0.015282004791815062,27.151146401985113,0.14807744750477228,1.0848056537102475,0.26484974514525167,0.13221257889280305,0.42622523512042887,0.34739454094292804,1.0521739130434782,0.7793103448275862,3.571588105873725,0.05439745480999036,0.19553418400964648,Aerospace & Defense,Industrials,TXT
2020Q3,2020,Q3,2020-10-29,2020-10-03,115000000.0,2735000000.0,145000000.0,0.5,403000000.0,0.1473491773308958,15861000000.0,5741000000.0,9312000000.0,3991000000.0,10120000000.0,4252000000.0,5741000000.0,8172378800.0,10226378800.0,25.09287993356353,2.333249812077174,0.2978374629594603,0.8228531614701271,0.013736263736263736,25.09287993356353,0.02003135342274865,2.9880726873857406,17.766040869565217,1.4235113743250305,0.043478260869565216,0.548447789275635,0.0006118169657040372,0.17243553369901016,1.061137559508895,0.007250488619885253,27.609387837837836,0.1473491773308958,2.25,-0.21786826148631736,0.02949667391563101,0.4633701627695009,0.8235294117647058,2.25,9.055555555555555,-0.16728586622375682,-0.09619569763738346,0.13608035464076473,Aerospace & Defense,Industrials,TXT
2020Q2,2020,Q2,2020-07-31,2020-07-04,-92000000.0,2472000000.0,-18000000.0,-0.4,221000000.0,0.08940129449838188,15471000000.0,5527000000.0,8926000000.0,4072000000.0,9944000000.0,4262000000.0,5631000000.0,7397074850.000001,9783074850.0,24.24622619575088,2.1920432220039294,0.3058625816042919,0.8561606658223267,-0.0013679596749278434,24.24622619575088,-0.016645558168988602,2.992344194983819,-20.100746875,1.3383526053917134,-0.043478260869565216,0.52815579540122,0.0005407542955983472,0.15978281946868333,0.9334479371316307,-0.0059466097860513215,37.54860329949239,0.08940129449838188,-2.8181818181818183,-1.6678407890102152,-0.07707212717306636,0.45594320716779435,-0.43333333333333335,-2.84,-1.141732283464567,-1.6982766913108365,-0.2034833968271387,0.12958621571911663,Aerospace & Defense,Industrials,TXT
2020Q1,2020,Q1,2020-05-01,2020-04-04,50000000.0,2777000000.0,127000000.0,0.22,390000000.0,0.14043932301044293,15946000000.0,5534000000.0,8685000000.0,4515000000.0,10412000000.0,4385000000.0,5727000000.0,5650368150.0,8238368150.0,24.338219448585843,1.9235880398671097,0.31569045528659223,0.9096494398265269,0.008708268878429824,24.338219448585843,0.009035056017347307,2.0347022506301764,28.251840750000003,1.0210278550777014,0.1,0.5443557582668187,0.0008848980928791338,0.1741502571177725,0.7344407530454042,0.0031355825912454532,-12.697456516853933,0.14043932301044293,-0.7479396984924623,-0.5232749478843692,0.10286222014196968,0.5384471258141744,-0.3434343434343434,-0.7487437185929648,-0.5709459459459459,-0.4110914132591204,0.06805893102697502,0.17936593343399063,Aerospace & Defense,Industrials,TXT
2019Q4,2019,Q4,2020-02-25,2020-01-04,199000000.0,4035000000.0,296000000.0,0.8728070175438597,594000000.0,0.14721189591078068,15018000000.0,5518000000.0,7241000000.0,3846000000.0,9500000000.0,4069000000.0,5682000000.0,10200720000.0,12653720000.0,24.20175438596491,1.8827353094123764,0.2536955653216141,0.6904675607104023,0.030070244221187616,24.20175438596491,0.03606379122870605,2.5280594795539035,12.81497487437186,1.8486263138818415,0.04522613065326633,0.8456623248955517,0.000882290661835635,0.26867758689572513,0.5923036921476859,0.013250765747769344,15.270538922155689,0.14721189591078068,-0.08125577100646343,0.1387661370407151,0.1950908460115131,0.5669956140350877,0.16015625,-0.09545454545454546,0.1517509727626459,0.10237565584522056,0.2505538871689026,0.1735593088839788,Aerospace & Defense,Industrials,TXT
2019Q3,2019,Q3,2019-10-23,2019-09-28,220000000.0,3259000000.0,257000000.0,0.95,512000000.0,0.15710340595274624,15062000000.0,5452000000.0,7363000000.0,3766000000.0,9610000000.0,4436000000.0,6009000000.0,11393684192.400002,14512684192.400002,23.54272731018161,1.955124800849708,0.27698844774930287,0.7652237710931769,0.02437716221203561,23.54272731018161,0.04035216434336023,3.49606756440626,12.947368400454547,2.089817350036684,0.0,0.6192515779981965,0.0,0.21637232771212322,0.5499203398831651,0.014606293984862568,56.12652311527094,0.15710340595274624,0.02243216162607605,0.6502217007385603,0.13320107488789806,0.4222186284854789,-0.12627986348122866,0.013824884792626729,-0.12585034013605442,-0.39043396577607903,0.1693582003167616,0.12540985652249156,Aerospace & Defense,Industrials,TXT
2019Q2,2019,Q2,2019-07-24,2019-06-29,217000000.0,3227000000.0,294000000.0,0.929157,586000000.0,0.18159281066005578,14796000000.0,5336000000.0,6996000000.0,3579000000.0,9460000000.0,4311000000.0,5794000000.0,12375999982.32,15588999982.32,22.868571461240816,1.9547359597652976,0.27507434441741013,0.762743628185907,0.02431072365156992,22.868571461240816,0.040667166416791606,3.83514099235203,14.258064495760369,2.3193403265217394,0.018433179723502304,0.6126188819299466,0.0003232062060208699,0.21809948634766152,0.5157865325509919,0.014666125979994593,156.6582276243038,0.18159281066005578,0.2273017265177863,0.8067058359143419,0.10382734537147537,0.3974305655612047,0.10150375939849623,0.2122905027932961,0.30666666666666664,0.4151972901573035,0.06095913566547089,0.18771934277987787,Aerospace & Defense,Industrials,TXT
2019Q1,2019,Q1,2019-04-24,2019-03-30,179000000.0,3109000000.0,225000000.0,0.757073,532000000.0,0.17111611450627212,14480000000.0,5233000000.0,6683000000.0,3432000000.0,9247000000.0,4047000000.0,5581000000.0,11931763168.56,15075763168.56,22.218324002486415,1.9472610722610724,0.26837016574585637,0.7425950697496656,0.020833031592755742,22.218324002486415,0.03420600038218995,3.83781382070119,16.664473699106143,2.2800999748824764,0.027932960893854747,0.636767976278725,0.0004190495511321343,0.21470994475138122,0.5247668997668997,0.012361878453038674,-43.38822970385454,0.17111611450627212,-0.257771568627451,1.4935868213005072,0.293074786810734,0.4202209361460994,-0.17519379844961241,-0.27235772357723576,-0.3983957219251337,0.3615197321163325,0.10814659363161926,0.19673887437806223,Aerospace & Defense,Industrials,TXT
2018Q4,2018,Q4,2019-02-14,2018-12-29,246000000.0,3750000000.0,374000000.0,1.02,645000000.0,0.172,14264000000.0,5192000000.0,6734000000.0,3506000000.0,9072000000.0,3818000000.0,5407000000.0,11073274850.0,13750274850.0,21.404219005726205,1.9207073588134627,0.2652832305103758,0.7288135593220338,0.03477218225419664,21.404219005726205,0.047380585516178735,2.9528732933333335,11.253328099593496,2.132757097457627,0.02032520325203252,0.8132530120481928,0.00045153760452356154,0.26289960740325297,0.6078151739874501,0.017246214245653393,40.266454,0.172,-0.5486725663716814,0.7131146312760989,0.24390480179930435,0.37731071658653337,0.2573099415204678,-0.5630550621669627,0.8155339805825242,0.23056105521220735,0.08066094917854236,0.18244080771601237,Aerospace & Defense,Industrials,TXT
2018Q3,2018,Q3,2018-10-25,2018-09-29,563000000.0,3200000000.0,206000000.0,2.26,513000000.0,0.1603125,14669000000.0,5543000000.0,7055000000.0,3423000000.0,9126000000.0,4030000000.0,6419000000.0,17804252194.68,20377252194.68,22.25076378767394,2.061057551855098,0.26354898084395667,0.6974562511275483,0.019627839722504474,22.25076378767394,0.10156954717661916,5.5638288108375,7.905973443463589,3.2120245705718924,0.008880994671403197,0.6667493796526055,0.0002808317892449324,0.21814711295930192,0.677475898334794,0.03838025768627718,79.13000975413334,0.1603125,1.597701149425287,5.41636828921046,0.24328143824520485,0.7469397845154475,-0.21439509954058192,1.5133928571428572,-0.27208480565371024,2.5166370489524432,0.10625355293967423,0.29762322666523866,Aerospace & Defense,Industrials,TXT
2018Q2,2018,Q2,2018-07-26,2018-06-30,224000000.0,3726000000.0,283000000.0,0.87,653000000.0,0.17525496511003757,14558000000.0,5362000000.0,7710000000.0,3397000000.0,9196000000.0,3925000000.0,5861000000.0,16405658100.0,19562658100.0,21.54192278333534,2.2696496909037385,0.26706965242478364,0.7251025736665423,0.026358419958419962,21.54192278333534,0.04177545691906005,4.403021497584541,18.309886272321428,3.0596154606490114,0.022321428571428572,0.7829299363057325,0.00030477290027152283,0.25594175024041765,0.7697968795996467,0.01538672894628383,41.01414525,0.17525496511003757,0.20833333333333337,1.233005283567327,0.47841933556618954,0.7870235885264487,0.15167548500881833,0.18518518518518517,0.17916666666666667,0.48914195232531205,0.2739873436727402,0.2935545471083127,Aerospace & Defense,Industrials,TXT
2018Q1,2018,Q1,2018-04-25,2018-03-31,189000000.0,3296000000.0,240000000.0,0.72,567000000.0,0.1720266990291262,14968000000.0,5692000000.0,7750000000.0,3349000000.0,9276000000.0,4090000000.0,5642000000.0,15118433750.0,18200433750.0,22.20185275475378,2.3141236189907435,0.26175841795831106,0.6883345045678145,0.02165175801200966,22.20185275475378,0.033204497540407586,4.586903443567961,19.99792824074074,2.6560846363316934,0.026455026455026454,0.667237163814181,0.0003307220895153904,0.22020309994655266,0.814272917288743,0.012626937466595404,-93.32366512345679,0.1720266990291262,2.7762252253585755,0.7103133622049501,0.24320267641003782,0.9471123603510732,-0.1575037147102526,2.7830188679245285,-0.25696594427244585,0.5982122440273037,0.16093328169427717,0.40340490521319133,Aerospace & Defense,Industrials,TXT
2017Q4,2017,Q4,2018-02-15,2017-12-30,-106000000.0,4017000000.0,323000000.0,-0.405354,673000000.0,0.16753796365446852,15340000000.0,5647000000.0,7210000000.0,3660000000.0,9693000000.0,4150000000.0,5368000000.0,14798285000.0,17448285000.0,21.594646271510516,1.969945355191257,0.25501955671447196,0.6927572162210023,0.024244050520322927,21.594646271510516,-0.01877102886488401,3.6839146128951956,-34.90161556603774,2.6205569328847176,-0.04716981132075472,0.8057831325301205,0.0003378769904755855,0.261864406779661,0.7172131147540983,-0.006910039113428944,33.254573033707864,0.16753796365446852,-1.6755900000000001,-1.7430572063459253,0.2396018713253401,0.9587521007893024,0.10873146622734761,-1.6666666666666667,0.1875,-1.5288718929254304,0.037342965762428376,0.3981926869615658,Aerospace & Defense,Industrials,TXT
2017Q3,2017,Q3,2017-10-27,2017-09-30,159000000.0,3484000000.0,272000000.0,0.6,607000000.0,0.17422502870264064,15875000000.0,5818000000.0,8388000000.0,4041000000.0,10057000000.0,4518000000.0,5943000000.0,14192530800.0,17181530800.0,22.08724042367412,2.0757238307349666,0.26979527559055116,0.736163630113441,0.02109141025397183,22.08724042367412,0.027328979030594707,4.073631113662457,22.315300000000004,2.43941746304572,0.031446540880503145,0.6367861885790173,0.0003522979847963409,0.21946456692913385,0.8567186340014847,0.010015748031496062,-709.62654,0.17422502870264064,0.052631578947368474,0.18357201886817573,0.30536331650785226,0.9768910186702566,-0.011400651465798045,0.0392156862745098,0.0036900369003690036,0.048536502031054224,0.06504407378314675,0.33429251286453926,Aerospace & Defense,Industrials,TXT
2017Q2,2017,Q2,2017-07-27,2017-07-01,153000000.0,3604000000.0,271000000.0,0.57,614000000.0,0.17036625971143174,15775000000.0,5682000000.0,7186000000.0,4005000000.0,10093000000.0,4655000000.0,5789000000.0,12468016494.6,15534016494.6,21.464697300962776,1.7942571785268415,0.2538193343898574,0.7046814501935939,0.019910299689314234,21.464697300962776,0.02692713833157339,3.4594940329078803,20.37257597156863,2.1943006854276663,0.032679738562091505,0.6423200859291085,0.0004010260976287239,0.22846275752773376,0.5428214731585518,0.009698890649762282,33.2480439856,0.17036625971143174,0.5405405405405405,-0.0034778048283699435,0.3373517840616217,1.052028687859013,0.206286836935167,0.5148514851485149,0.355,0.12284411727104778,0.08664400735617517,0.31164398002396987,Aerospace & Defense,Industrials,TXT
2017Q1,2017,Q1,2017-04-26,2017-04-01,101000000.0,3093000000.0,200000000.0,0.37,509000000.0,0.16456514710636921,15703000000.0,5582000000.0,7126000000.0,4023000000.0,10121000000.0,4709000000.0,5641000000.0,12872571510.0,16129571510.0,20.636698719726127,1.771314939100174,0.2620518372285551,0.737190970978144,0.01704540127857555,20.636698719726127,0.018093873163740594,4.161840126091174,31.862800767326735,2.306085902902186,0.0594059405940594,0.5487364620938628,0.0004661073349127582,0.19696873208940965,0.5110613969674372,0.00643189199516016,-47.67619077777778,0.16456514710636921,-0.5256410256410257,-0.06650547711736898,0.18112027482376997,1.0884480694062462,-0.2718168812589413,-0.5280373831775701,-0.4186046511627907,0.22513139057737036,0.12014094474901005,0.31912162102841624,Aerospace & Defense,Industrials,TXT
2016Q4,2016,Q4,2017-02-22,2016-12-31,214000000.0,3825000000.0,344000000.0,0.78,699000000.0,0.18274509803921568,15358000000.0,5574000000.0,8149000000.0,3893000000.0,9784000000.0,4464000000.0,5546000000.0,13125136720.0,15507136720.0,20.622523465797467,2.0932442846134087,0.23961453314233624,0.6602081090778615,0.027184420342591328,20.622523465797467,0.03839253677789738,3.4314082928104574,15.333103644859813,2.3547069824183713,0.028037383177570093,0.7002688172043011,0.00045713809524416135,0.2490558666493033,0.8469047007449267,0.013934106003385857,18.004302770919068,0.18274509803921568,-0.4967741935483871,13.292975906896627,0.2829530068437872,1.2162639061603837,0.1847457627118644,-0.4916864608076009,0.2883895131086142,0.3374428410306553,0.13866889175213215,0.3270104629793489,Aerospace & Defense,Industrials,TXT
2016Q3,2016,Q3,2016-10-27,2016-10-01,421000000.0,3251000000.0,267000000.0,1.55,590000000.0,0.18148262073208243,15167000000.0,5651000000.0,6867000000.0,3620000000.0,9516000000.0,4791000000.0,6030000000.0,10737826500.0,13970826500.0,20.919247484581724,1.8969613259668507,0.2519944616601833,0.6763404707131481,0.07876098424346224,20.919247484581724,0.07450008847991506,3.3029303291294987,6.3763815320665085,1.900163953282605,0.011876484560570071,0.5554164057608015,0.000465643582525756,0.2143469374299466,0.47734806629834253,0.02775763170040219,143.17102,0.18148262073208243,1.3846153846153846,2.3020801778397515,0.28672796305062614,0.900329200995219,-0.05144694533762058,1.3785310734463276,-0.12171052631578948,3.4246985764565925,0.1648155154443195,0.6424005055136509,Aerospace & Defense,Industrials,TXT
2016Q2,2016,Q2,2016-07-28,2016-07-02,177000000.0,3511000000.0,304000000.0,0.65,622000000.0,0.17715750498433494,15034000000.0,5186000000.0,6770000000.0,3698000000.0,9848000000.0,4595000000.0,5614000000.0,9798734720.0,13049734720.0,19.254187952952357,1.8307193077339101,0.26021019023546627,0.7543386039336676,0.022875695419111556,19.254187952952357,0.03413035094485152,2.7908671945314727,13.840020790960452,1.8894590667180875,0.02824858757062147,0.6287268770402612,0.0005102699626916728,0.233537315418385,0.4881016765819362,0.011773313822003459,0.0,0.17715750498433494,0.18181818181818177,1.0255328996871411,0.32554662460886813,0.6828063211331764,0.0989399293286219,0.18,0.17829457364341086,0.6306097620597171,0.28742118719462023,0.597243124298317,Aerospace & Defense,Industrials,TXT
2016Q1,2016,Q1,2016-04-28,2016-04-02,150000000.0,3201000000.0,258000000.0,0.55,566000000.0,0.1768197438300531,15099000000.0,4989000000.0,6737000000.0,3877000000.0,10110000000.0,4477000000.0,5442000000.0,9859373490.0,13133373490.0,18.56572430141299,1.7376837761155532,0.26471951784886416,0.8011625576267789,0.020164700645448477,18.56572430141299,0.03006614552014432,3.080091686972821,16.43228915,1.9762223872519544,0.04,0.5885637703819522,0.0006085579378938814,0.2120007947546195,0.49832344596337375,0.009934432743890324,-41.425939033613446,0.1768197438300531,-0.32926829268292673,4.3194128149064746,0.32794345084026666,0.6811226856126772,-0.15773809523809523,-0.336283185840708,-0.2344213649851632,0.29502815375129476,0.15189919275841088,0.6282222779092754,Aerospace & Defense,Industrials,TXT
2015Q4,2015,Q4,2016-02-24,2016-01-02,226000000.0,3923000000.0,337000000.0,0.82,672000000.0,0.1712974764211063,14708000000.0,4964000000.0,6537000000.0,3792000000.0,9744000000.0,4144000000.0,5298000000.0,11520318280.0,14125318280.0,18.10172557142232,1.7238924050632911,0.24544465596954038,0.7272360999194198,0.030080261635794976,18.10172557142232,0.045527800161160356,2.936609299005863,12.743714911504425,2.320773223207091,0.022123893805309734,0.784507722007722,0.00043401578658467413,0.2667255915148219,0.5411392405063291,0.015365787326624965,21.294488502772644,0.1712974764211063,0.3015873015873015,2.795923343592436,0.264301553716825,0.6832290294303935,0.12751677852348994,0.2840909090909091,0.15017064846416384,0.5107225827867046,0.15440605630904988,0.6419251579829074,Aerospace & Defense,Industrials,TXT
2015Q3,2015,Q3,2015-10-28,2015-10-03,176000000.0,3180000000.0,293000000.0,0.63,596000000.0,0.18742138364779873,14898000000.0,4696000000.0,6854000000.0,4189000000.0,10202000000.0,4574000000.0,5077000000.0,10524516660.0,13682516660.0,17.1473223740424,1.6361900214848413,0.2531883474291851,0.803236797274276,0.024165673197321755,17.1473223740424,0.03747870528109029,3.3095964339622643,14.949597528409091,2.2411662393526406,0.03409090909090909,0.564932225623087,0.0005700974395150988,0.21345146999597261,0.42325137264263546,0.011813666263928045,105.2451666,0.18742138364779873,0.050000000000000044,4.680510622138158,0.2876185901645833,0.5786102918066843,-0.026143790849673203,0.05389221556886228,0.0353356890459364,0.2601165506037965,0.14599008573661196,0.5347497897090897,Aerospace & Defense,Industrials,TXT
2015Q2,2015,Q2,2015-07-29,2015-07-04,167000000.0,3247000000.0,283000000.0,0.6,612000000.0,0.18848167539267016,14948000000.0,4602000000.0,6904000000.0,4063000000.0,10346000000.0,4437000000.0,4907000000.0,12294455580.0,15386455580.0,16.65327746053803,1.6992370169825253,0.25983409151725984,0.843980877879183,0.02338584517530949,16.65327746053803,0.03628857018687527,3.786404551894056,18.404873622754494,2.671546192959583,0.029940119760479042,0.5938697318007663,0.000406687385827295,0.2172196949424672,0.4811715481171548,0.011172063152261172,95.30585720930233,0.18848167539267016,0.30434782608695643,1.0200475338882835,0.18886421197006018,0.5664481967668336,0.0851063829787234,0.3046875,0.24669603524229075,0.04193728911579575,0.1541778416824108,0.5920561383536088,Aerospace & Defense,Industrials,TXT
2015Q1,2015,Q1,2015-04-29,2015-04-04,128000000.0,3073000000.0,227000000.0,0.46,564000000.0,0.18353400585746826,14738000000.0,4390000000.0,6640000000.0,3734000000.0,10348000000.0,4236000000.0,4745000000.0,12470715180.0,15607715180.0,15.819990846747892,1.7782538832351367,0.26089021576876104,0.8758542141230068,0.019175840130936355,15.819990846747892,0.02915717539863326,4.058156583143508,24.3568655859375,2.8407096082004557,0.046875,0.592304060434372,0.00048112717782397465,0.2085086171800787,0.4930369576861275,0.008685031890351472,-124.7071518,0.18353400585746826,-0.39473684210526316,16.75074325127839,0.36883580348355494,0.5211581061490702,-0.25,-0.39622641509433965,-0.3514285714285714,0.1531656198085024,0.14384737739966383,0.600993927887008,Aerospace & Defense,Industrials,TXT
2014Q4,2014,Q4,2015-02-25,2015-01-03,212000000.0,4096000000.0,350000000.0,0.76,752000000.0,0.18359375,14605000000.0,4272000000.0,6105000000.0,3638000000.0,10333000000.0,3928000000.0,4623000000.0,11664222000.0,14716222000.0,15.44468546637744,1.6781198460692688,0.26525162615542625,0.9068352059925093,0.03188756414939548,15.44468546637744,0.04962546816479401,2.84771044921875,13.754978773584908,2.7303890449438204,0.05188679245283019,0.8513238289205702,0.0009430547532445798,0.28045190003423487,0.5104452996151732,0.014515576857240671,24.92355128205128,0.18359375,0.3333333333333335,4.323399097889336,0.43806130970787166,0.49295347048555943,0.28547008547008546,0.3333333333333333,0.24555160142348753,12.90014080755033,0.3424936481758254,0.6598113707035865,Aerospace & Defense,Industrials,TXT
2014Q3,2014,Q3,2014-10-24,2014-09-27,159000000.0,3430000000.0,281000000.0,0.57,585000000.0,0.17055393586005832,14739000000.0,4572000000.0,6281000000.0,3893000000.0,10167000000.0,4081000000.0,4416000000.0,10139118450.0,13596118450.0,16.55352196817466,1.6134086822501927,0.2692177216907524,0.8678915135608049,0.02279063637377455,16.55352196817466,0.03477690288713911,2.9560112099125364,15.942010141509435,2.2176549540682413,0.03773584905660377,0.6971330556236217,0.0005917674233305757,0.23271592373973812,0.4266632417159003,0.010787706085894565,76.8115034090909,0.17055393586005832,0.1176470588235293,39.07151740618042,0.35650981347425764,0.5560366536383871,-0.07142857142857142,0.10416666666666667,0.01444043321299639,0.219736667984882,0.3277836815668215,0.5037415279217504,Aerospace & Defense,Industrials,TXT
2014Q2,2014,Q2,2014-07-23,2014-06-28,144000000.0,3505000000.0,277000000.0,0.51,630000000.0,0.1797432239657632,15135000000.0,4578000000.0,6610000000.0,3957000000.0,10557000000.0,4017000000.0,4263000000.0,10857019880.0,14299019880.0,16.36472825542989,1.6704574172352793,0.28126858275520317,0.9298820445609436,0.02164820653785,16.36472825542989,0.03145478374836173,3.0975805649072754,18.848992847222224,2.3715639755351683,0.034722222222222224,0.7157082399800846,0.0004605315321574229,0.23158242484307895,0.5092241597169573,0.009514370664023787,39.915514264705884,0.1797432239657632,0.7000000000000001,3.3438030187760117,0.26678076528994227,0.4800607704468269,0.2857142857142857,0.6941176470588235,0.4734042553191489,0.586605087435835,0.2740677308152955,0.4302690001341474,Aerospace & Defense,Industrials,TXT
2014Q1,2014,Q1,2014-05-01,2014-03-29,85000000.0,2847000000.0,188000000.0,0.3,490000000.0,0.17211099402880226,14963000000.0,4363000000.0,6433000000.0,3938000000.0,10600000000.0,3909000000.0,4124000000.0,10745554640.0,14437554640.0,15.644272969794326,1.633570340274251,0.2988705473501303,1.024982809993124,0.014810186757215618,15.644272969794326,0.019482007792803117,3.7743430417983843,31.604572470588234,2.4628821086408434,0.07058823529411765,0.6029675108723459,0.0005583704332641129,0.1902693310165074,0.4878110716099543,0.005680679008220277,-115.54359827956989,0.17211099402880226,-0.4915254237288135,-0.13531263362870347,-0.01396402516379781,0.5466024608404285,-0.13732394366197184,-0.49101796407185627,-0.2824427480916031,1.904444893958173,0.13802853987551245,0.41658584186973147,Aerospace & Defense,Industrials,TXT
2013Q4,2013,Q4,2014-02-14,2013-12-28,167000000.0,3506000000.0,262000000.0,0.59,568000000.0,0.16200798630918425,12944000000.0,4384000000.0,5620000000.0,3003000000.0,8560000000.0,2963000000.0,4045000000.0,10327681000.0,12303681000.0,15.54058844381425,1.8714618714618714,0.24621446229913474,0.7269616788321168,0.026536234261842893,15.54058844381425,0.038093065693430656,2.945716200798631,15.460600299401198,2.355766651459854,0.03592814371257485,0.9915626054674317,0.0005809629480228911,0.2708590852904821,0.7292707292707292,0.012901730531520396,13.343257105943152,0.16200798630918425,0.6857142857142857,1.6910915230779406,-0.1590860244544964,0.6025854155660825,0.31786542923433875,0.6868686868686869,0.40860215053763443,1.726680018905825,0.09838093326049419,0.44507602326905066,Aerospace & Defense,Industrials,TXT
2013Q3,2013,Q3,2013-10-24,2013-09-28,99000000.0,2904000000.0,186000000.0,0.35,431000000.0,0.1484159779614325,12457000000.0,3580000000.0,5473000000.0,2883000000.0,8877000000.0,3220000000.0,4138000000.0,7841880900.0,10502880900.0,12.736995278772978,1.8983697537287547,0.2647507425543871,0.9212290502793297,0.01827716557539782,12.736995278772978,0.0276536312849162,2.7003722107438017,19.802729545454543,2.190469525139665,0.050505050505050504,0.7680124223602485,0.0006376021344573086,0.23312193947178295,0.6077003121748179,0.007947338845628964,31.242553386454183,0.1484159779614325,-0.1250000000000001,-0.5843703486038303,-0.28912781200964577,-0.12513505980503764,-0.13972055888223553,-0.12389380530973451,-0.09268292682926829,3.017187827986523,0.145704099154911,0.1725884307279225,Aerospace & Defense,Industrials,TXT
2013Q2,2013,Q2,2013-07-24,2013-06-29,113000000.0,2839000000.0,205000000.0,0.4,501000000.0,0.17647058823529413,12440000000.0,3380000000.0,5158000000.0,2989000000.0,9060000000.0,3203000000.0,4044000000.0,7304159500.0,10454159500.0,12.054638182531473,1.725660756105721,0.29011254019292604,1.0677514792899407,0.020514270014141415,12.054638182531473,0.03343195266272189,2.5727930609369496,16.159644911504426,2.1609939349112426,0.05309734513274336,0.7299406806119263,0.000821449750652351,0.2282154340836013,0.49046503847440615,0.009083601286173634,-39.913439890710386,0.17647058823529413,-0.02439024390243891,-0.6087280647995552,-0.3528423491617011,-0.20287452137584952,0.05919661733615222,-0.05042016806722689,0.05670103092783505,0.3471251279794083,0.024471151694777885,0.13388888694423884,Aerospace & Defense,Industrials,TXT
2013Q1,2013,Q1,2013-04-25,2013-03-30,119000000.0,2855000000.0,194000000.0,0.41,473000000.0,0.16567425569176883,12557000000.0,3148000000.0,5072000000.0,3202000000.0,9409000000.0,2972000000.0,3937000000.0,8229974610.0,11261974610.0,11.402450730039373,1.5840099937539038,0.2972843832125508,1.1858322744599745,0.022673155938669674,11.402450730039373,0.03780177890724269,2.882653103327496,17.289862626050418,2.614350257306226,0.04201680672268908,0.8014804845222072,0.0006075352886173728,0.22736322369992834,0.5168644597126796,0.009476785856494386,-17.28986262605042,0.16567425569176883,-0.19607843137254907,-0.5350852785518698,-0.26759956390269235,-0.20951257123117698,-0.16283185840707964,-0.19594594594594594,-0.2421875,15.718373412150783,0.27825259034002775,0.09639319807383863,Aerospace & Defense,Industrials,TXT
2012Q4,2012,Q4,2013-02-15,2012-12-29,148000000.0,3362000000.0,256000000.0,0.51,565000000.0,0.1680547293277811,13033000000.0,2991000000.0,5389000000.0,3512000000.0,10042000000.0,2712000000.0,3824000000.0,6543756000.0,9152756000.0,11.024695908588278,1.5344533029612757,0.30591575232103124,1.332998996990973,0.026781312697047865,11.024695908588278,0.04948177866934136,1.9463878643664485,11.053641891891893,2.1878154463390174,0.0,1.0313421828908556,0.0,0.25796056165119313,0.6284168564920274,0.011355789150617662,17.977351648351647,0.1680547293277811,0.0028433558678135624,-0.4690583532989311,-0.14018038913066747,-0.21674046672596575,0.0761904761904762,-0.019867549668874173,-0.015384615384615385,3.3654334509328976,0.20342088735766722,0.06569719749918414,Aerospace & Defense,Industrials,TXT
2012Q3,2012,Q3,2012-10-25,2012-09-29,151000000.0,3000000000.0,260000000.0,0.508554,525000000.0,0.175,13065000000.0,3308000000.0,5526000000.0,3215000000.0,9757000000.0,2831000000.0,3681000000.0,7748372539.27,10589372539.27,11.172715245846463,1.7188180404354587,0.3117489475698431,1.2312575574365174,0.023933168636139993,11.172715245846463,0.04564691656590085,2.5827908464233333,12.828431356407284,2.3423133431892382,0.039735099337748346,0.8742493818438715,0.000774356159256803,0.2296211251435132,0.6674961119751166,0.011557596632223497,35.87209508921296,0.175,-0.12318275862068968,-0.49999999937086087,-0.18549434534764722,-0.11186683260361976,-0.10102739726027397,-0.12209302325581395,-0.1362126245847176,34.4996975446685,0.10677442793050111,0.050239005126868644,Aerospace & Defense,Industrials,TXT
2012Q2,2012,Q2,2012-07-26,2012-06-30,172000000.0,3019000000.0,301000000.0,0.58,584000000.0,0.1934415369327592,13068000000.0,3102000000.0,5278000000.0,3230000000.0,9966000000.0,2759000000.0,3536000000.0,7375241375.88,10603241375.880001,10.460232563004759,1.6340557275541796,0.3157330884603612,1.3301096067053513,0.028252330262486847,10.460232563004759,0.05544809800128949,2.4429418270553165,10.719827581220931,2.3775762011218573,0.03488372093023256,0.8825661471547662,0.0008135326959768948,0.2310223446587083,0.5619195046439629,0.013161922252831344,38.01670812309278,0.1934415369327592,0.44999999999999984,-0.3136094672997963,-0.21792039497753107,-0.11367731901702607,0.07352941176470588,0.4576271186440678,0.2974137931034483,3.64091000122833,0.02930264395785775,-0.053954356919010384,Aerospace & Defense,Industrials,TXT
2012Q1,2012,Q1,2012-04-26,2012-03-31,118000000.0,2856000000.0,232000000.0,0.4,544000000.0,0.19047619047619047,13280000000.0,2915000000.0,7700000000.0,3171000000.0,10365000000.0,2593000000.0,3370000000.0,8209849999.999999,11877850000.0,9.88135593220339,2.4282560706401766,0.32484939759036147,1.4799313893653516,0.021757938247782587,9.88135593220339,0.04048027444253859,2.874597338935574,17.393749999999997,2.8164150943396224,0.0423728813559322,0.891631315079059,0.0006090245254176387,0.21506024096385543,1.2850835698517817,0.008885542168674699,-25.1065749235474,0.19047619047619047,7.210215804999224,-0.48717948775510206,-0.17923381406711036,-0.07281277621169363,0.00927643784786642,7.2105263157894735,6.25,0.1348279069767442,-0.06487146825556579,-0.023123066780210564,Aerospace & Defense,Industrials,TXT
2011Q4,2011,Q4,2011-12-31,2011-12-31,-19000000.0,3254000000.0,32000000.0,-0.06441,539000000.0,0.16564228641671788,13615000000.0,2745000000.0,8476000000.0,2931000000.0,10870000000.0,2402000000.0,3257000000.0,5454550000.0,9002550000.0,9.305084745762711,2.8918457864210168,0.3255967682702901,1.614936247723133,0.0025262375777839693,9.305084745762711,-0.0069216757741347905,1.676259987707437,-71.7703947368421,1.9870856102003642,-0.2631578947368421,1.130308076602831,0.0009166659027784144,0.23900110172603745,1.52848857045377,-0.001395519647447668,21.731274900398407,0.16564228641671788,-1.1370425531914894,-1.0829962445719252,-0.13409284815232533,-0.117326999001862,0.07584830339321358,-1.1338028169014085,-0.8704453441295547,0.924811093990755,-0.2536573206614212,-0.04043574938750966,Aerospace & Defense,Industrials,TXT
2011Q3,2011,Q3,2011-09-30,2011-09-30,142000000.0,2814000000.0,247000000.0,0.47,501000000.0,0.17803837953091683,15281000000.0,3312000000.0,9995000000.0,3351000000.0,11969000000.0,2607000000.0,3282000000.0,5307276240.0,9198276240.0,11.008222929809284,2.9826917338108028,0.35553955892938943,1.6403985507246377,0.020652046945412738,11.008222929809284,0.042874396135265704,1.8860256716417911,9.3437961971831,1.6024384782608696,0.04225352112676056,0.8872266973532796,0.0011305234038467911,0.1841502519468621,1.7129215159653834,0.009292585563772004,15.563859941348973,0.17803837953091683,0.6206896551724138,-0.29729954678756315,-0.17046760431216845,-0.08915914595437276,-0.003976143141153081,0.5777777777777777,0.2602040816326531,-0.44306745208443277,-0.35648017463934084,-0.2438791030102204,Aerospace & Defense,Industrials,TXT
2011Q2,2011,Q2,2011-06-30,2011-06-30,90000000.0,2728000000.0,196000000.0,0.29,503000000.0,0.1843841642228739,14839000000.0,3174000000.0,9007000000.0,3008000000.0,11665000000.0,2562000000.0,3145000000.0,6549555660.0,11662555660.0,11.441713589468144,2.994348404255319,0.38843587842846555,1.816005040957782,0.014944100511341506,11.441713589468144,0.02835538752362949,2.400863511730205,18.193210166666667,2.063502098298677,0.06666666666666667,0.8684621389539422,0.0009160926804002458,0.18383988139362492,1.6788563829787233,0.006065098726329267,90.96605083333333,0.1843841642228739,2.2222222222222223,0.20795794830932157,-0.10411213346666572,-0.02731804387296392,0.18632075471698112,2.103448275862069,0.8148148148148148,-0.6850153175708041,-0.37145592944332084,-0.24340479712598556,Aerospace & Defense,Industrials,TXT
2011Q1,2011,Q1,2011-03-31,2011-03-31,29000000.0,2479000000.0,108000000.0,0.09,424000000.0,0.17103670835014118,15059000000.0,3052000000.0,9238000000.0,2793000000.0,12007000000.0,2453000000.0,3061000000.0,7569445620.0,12639445620.0,11.043646284891336,3.3075546007876837,0.40454213427186403,1.9960681520314547,0.00795960287572749,11.043646284891336,0.009501965923984272,3.053427035094796,65.25384155172414,2.480159115334207,0.1724137931034483,0.8377496942519363,0.0006605503561303081,0.16461916461916462,2.0533476548514145,0.0019257586825154392,-315.3935675,0.17103670835014118,-0.5263157894736842,-0.8374823253757463,-0.11324728820207244,-0.136338397270593,-0.18773946360153257,-0.5166666666666667,-0.3333333333333333,-0.8868150161834442,-0.3646932250145368,-0.2343870837365177,Aerospace & Defense,Industrials,TXT
2010Q4,2010,Q4,2010-12-31,2010-12-31,60000000.0,3127000000.0,162000000.0,0.19,522000000.0,0.16693316277582348,15282000000.0,2972000000.0,9996000000.0,2657000000.0,12310000000.0,2277000000.0,3037000000.0,6533103120.0,11564103120.0,10.754166696820791,3.7621377493413624,0.3901321816516163,2.006056527590848,0.025386165211551376,10.754166696820791,0.020188425302826378,2.08925587464023,27.221263,2.198217738896366,0.1,1.1440491875274483,0.0009183997083456414,0.2046198141604502,2.298456906285284,0.0039261876717707105,73.40565303370786,0.16693316277582348,2.117647058823529,-0.5212804908788784,1.4492622960699688,-0.14588412204547788,0.18099547511312217,2.25,0.44642857142857145,-0.7886929046743716,-0.21491754621131806,-0.23596046026618916,Aerospace & Defense,Industrials,TXT
2010Q3,2010,Q3,2010-09-30,2010-09-30,-48000000.0,2479000000.0,112000000.0,-0.17,442000000.0,0.1782977006857604,16013000000.0,2986000000.0,9965000000.0,2658000000.0,13027000000.0,2647000000.0,2983000000.0,5651861760.0,11029861760.0,10.862289738664805,3.7490594431903688,0.39773933678885903,2.1329537843268587,0.008328492087467759,10.862289738664805,-0.016075016744809108,2.2798958289632916,-29.43678,1.8927869256530474,-0.10416666666666667,0.769550434454099,0.0008846642420355307,0.15481171548117154,2.452972159518435,-0.0029975644788609256,12.26000381778742,0.1782977006857604,-1.6296296296296298,0.716980328525129,-0.0032627723827305427,-0.12103078894006748,-0.15163147792706333,-1.5853658536585367,-0.3707865168539326,-1.1711877347411812,-0.2750839323555464,-0.1365429460520823,Aerospace & Defense,Industrials,TXT
2010Q2,2010,Q2,2010-06-30,2010-06-30,82000000.0,2709000000.0,178000000.0,0.27,521000000.0,0.19232188999630861,17123000000.0,2914000000.0,11026000000.0,2653000000.0,14209000000.0,2480000000.0,3036000000.0,4651443060.0,10743443060.0,10.63123408415968,4.156049754994346,0.4253343456170064,2.4993136582017845,0.014282275535585332,10.63123408415968,0.028140013726835965,1.7170332447397563,14.181228841463414,1.5962398970487304,0.07317073170731707,0.882258064516129,0.0012899222719927265,0.1582082578987327,2.7972107048624197,0.004788880453191613,16.039458827586206,0.19232188999630861,10.000000000000002,-0.34523175409281837,-0.0023806647004752796,-0.20588457190336001,0.20046082949308755,11.25,0.9347826086956522,-0.6459608603665912,-0.24073839429241925,-0.09918791586376972,Aerospace & Defense,Industrials,TXT
2010Q1,2010,Q1,2010-03-31,2010-03-31,-8000000.0,2210000000.0,92000000.0,-0.03,434000000.0,0.19638009049773755,18110000000.0,2841000000.0,6019000000.0,2719000000.0,15269000000.0,2475000000.0,2960000000.0,5799484020.0,12726484020.0,10.399964857563312,2.2136815005516732,0.46145775814467144,2.9415698697641677,-0.002987546477455389,10.399964857563312,-0.0028159098908834917,2.624200914027149,-181.233875625,2.041353051742344,-0.625,0.7175757575757575,0.0008621456637792408,0.12203202650469354,0.8786318499448327,-0.0004417448923246825,-46.02765095238095,0.19638009049773755,0.8699158789350446,-1.062813386804689,-0.03683834308184398,-0.22806039477728232,-0.11967545638945233,0.873015873015873,-0.2459016393442623,-1.0375453383004896,-0.3141388858704413,-0.024150672241810438,Aerospace & Defense,Industrials,TXT
2009Q4,2009,Q4,2009-12-31,2009-12-31,-63000000.0,2813000000.0,122000000.0,-0.23062,493000000.0,0.17525773195876287,18940000000.0,2826000000.0,13445000000.0,2868000000.0,16114000000.0,2273000000.0,2973000000.0,5138402940.0,12497402940.0,10.345054800237211,4.687935843793585,0.48843717001055964,3.273531493276716,0.009324781370819294,10.345054800237211,-0.022292993630573247,1.8266629719161038,-20.390487857142855,1.8182600636942674,-0.07936507936507936,1.0206775186977564,0.0009730649889438216,0.14852164730728618,3.301952580195258,-0.0033262935586061246,12.718819158415842,0.17525773195876287,-24.062,-1.4986126644556217,2.0615306920077527,-0.234448948525929,-0.015968063872255488,-16.75,0.10909090909090909,-1.2971857931631066,-0.19163748901521538,-0.018676259754246274,Aerospace & Defense,Industrials,TXT
2009Q3,2009,Q3,2009-09-30,2009-09-30,4000000.0,2549000000.0,110000000.0,0.01,501000000.0,0.196547665751275,19958000000.0,2962000000.0,14366000000.0,3125000000.0,16996000000.0,2716000000.0,3042000000.0,5284582420.0,13134582420.0,10.638259664043616,4.59712,0.522397033770919,3.519918973666442,-0.009859575739468182,10.638259664043616,0.0013504388926401081,2.07319828167909,330.28640125,1.7841264078325456,1.5,0.7540500736377025,0.0011353782613537134,0.12771820823729832,3.29472,0.0002004208838560978,10.784862081632653,0.196547665751275,1.0454545454545454,-0.961532854221224,-0.009470996196517052,-0.2219711192612259,-0.019569471624266144,1.0689655172413792,0.30952380952380953,-0.9786105052947007,-0.18803419821611467,-0.11977059515050091,Aerospace & Defense,Industrials,TXT
2009Q2,2009,Q2,2009-06-30,2009-06-30,-58000000.0,2612000000.0,84000000.0,-0.22,511000000.0,0.19563552833078102,19844000000.0,2920000000.0,13420000000.0,3039000000.0,16924000000.0,3001000000.0,3043000000.0,2551119060.0,11083119060.0,11.056794816938101,4.415926291543271,0.5249445676274944,3.5674657534246577,0.0032541051210916994,11.056794816938101,-0.01986301369863014,0.9766918300153139,-10.996202844827588,0.8736709109589041,-0.08620689655172414,0.7000999666777741,0.00195992420675184,0.13162668816770812,3.2543599868377755,-0.0029227978230195527,21.083628595041322,0.19563552833078102,-1.6285714285714286,-1.6050521979166272,0.07999257927633396,-0.18791659331463265,-0.030360531309297913,-1.6744186046511629,-0.2,-1.817710452133896,-0.09895867347036046,-0.06004072493702848,Aerospace & Defense,Industrials,TXT
2009Q1,2009,Q1,2009-03-31,2009-03-31,86000000.0,2526000000.0,105000000.0,0.35,527000000.0,0.2086302454473476,20516000000.0,2468000000.0,15300000000.0,3605000000.0,18048000000.0,3323000000.0,3106000000.0,1400491120.0,10538491120.0,10.115251569749333,4.244105409153953,0.5278319360499123,4.387763371150729,0.008281714012146514,10.115251569749333,0.03484602917341977,0.5544303721298496,4.071195116279069,0.5674599351701782,0.05813953488372093,0.6015648510382184,0.003570176153633877,0.12312341587054007,2.9081830790568657,0.004191850263209202,-5.884416470588235,0.2086302454473476,1.4102155389646158,1.6174703319480934,0.21719364005001768,-0.2402223834597248,-0.3320659062103929,1.4114832535885167,-0.569672131147541,-0.45411064322445205,0.02344125325212808,-0.20894293810435832,Aerospace & Defense,Industrials,TXT
2008Q4,2008,Q4,2008-12-31,2008-12-31,-209000000.0,3606000000.0,244000000.0,-0.85321,789000000.0,0.21880199667221298,20020000000.0,2366000000.0,13640000000.0,4766000000.0,17654000000.0,3159000000.0,3025000000.0,3384113560.0,12794113560.0,9.69719822286342,2.861938732689887,0.49735264735264734,4.2083685545224006,0.01740032803897123,9.69719822286342,-0.08833474218089603,0.9384674320576817,-4.047982727272727,1.4303100422654267,-0.5358851674641149,0.8917378917378918,0.03309581608721192,0.18011988011988012,2.0673520772135965,-0.010439560439560439,-30.215299642857143,0.21880199667221298,-2.0157261904761907,-3.8356539754769687,0.5045543423885613,-0.27793978761139476,-0.11547085201793722,-2.0145631067961167,-0.43387470997679817,-2.8887728710192193,2.1991655327311177,-0.22983051989806408,Aerospace & Defense,Industrials,TXT
2008Q3,2008,Q3,2008-09-30,2008-09-30,206000000.0,3533000000.0,431000000.0,0.84,892000000.0,0.25247664874044723,20686000000.0,3539000000.0,14166000000.0,4765000000.0,17147000000.0,3276000000.0,3291000000.0,7117470240.0,16694470240.0,14.558813244858753,2.9729275970619096,0.48022817364401044,2.807007629273806,0.020419088768553657,14.558813244858753,0.05820853348403504,2.0145684234361734,8.637706601941748,2.011152935857587,0.2766990291262136,0.8061660561660562,0.008008463411573042,0.1707918398917142,2.064847848898216,0.009958425988591318,47.7682566442953,0.25247664874044723,-0.17647058823529416,3.8909241314213574,0.7671183259425828,0.11557523387596506,-0.08135942327497425,-0.20155038759689922,-0.12398373983739837,2.373587843076384,0.6064293226743911,0.1780894175794075,Aerospace & Defense,Industrials,TXT
2008Q2,2008,Q2,2008-06-30,2008-06-30,258000000.0,3919000000.0,492000000.0,1.02,971000000.0,0.24776728757336056,20696000000.0,3788000000.0,13936000000.0,4447000000.0,16908000000.0,3291000000.0,3140000000.0,12005766995.41,13724766995.41,15.122635652467093,3.1337980661119857,0.10625241592578276,0.5805174234424498,0.05485542631370527,15.122635652467093,0.06810982048574446,3.0634771613702476,11.633495150591086,3.16942106531415,0.2248062015503876,0.8957763597690671,0.004831011631507953,0.18936026285272517,2.2853609174724534,0.01246617703904136,84.54765489725352,0.24776728757336056,0.12087912087912087,2.9840399983013777,0.6743905578546086,0.1556886337177505,0.050865800865800864,0.11688311688311688,0.05128205128205128,1.2543266657055194,0.5792631487295071,0.12960717354552054,Aerospace & Defense,Industrials,TXT
2008Q1,2008,Q1,2008-03-31,2008-03-31,231000000.0,3518000000.0,468000000.0,0.91,924000000.0,0.2626492325184764,20766000000.0,3594000000.0,13733000000.0,4256000000.0,17172000000.0,3074000000.0,2940000000.0,13808336360.0,23569336360.0,14.42458199214956,3.2267387218045114,0.4874313782143889,2.8163606010016693,0.02281159614255017,14.42458199214956,0.0642737896494157,3.925052973280273,14.94408696969697,3.842052409571508,0.24675324675324675,0.8438516590761224,0.004127941159162204,0.16941153809111048,2.3909774436090228,0.011123952614851199,657.5398266666666,0.2626492325184764,-0.09900990099009899,2.502231181285236,0.6007772886877919,0.14949506574533306,-0.018065887353878853,-0.09765625,-0.037037037037037035,0.9885601372087859,0.6809982929997218,0.07066766869167457,Aerospace & Defense,Industrials,TXT
2007Q4,2007,Q4,2008-02-20,2007-12-29,256000000.0,3591000000.0,486000000.0,1.01,941000000.0,0.26204399888610413,19991000000.0,3507000000.0,13743000000.0,4277000000.0,16484000000.0,2593000000.0,2766000000.0,17844695960.0,26770695960.0,14.07540596729786,3.2132335749357024,0.47306287829523286,2.6966067864271457,0.02660816691314941,14.07540596729786,0.0729968634160251,4.969283196881092,17.4264608984375,5.088307944111777,0.22265625,1.0219822599305823,0.0031942264596588844,0.17963083387524387,2.3387888707037643,0.012805762593166925,65.12662759124088,0.26204399888610413,0.010000000000000009,1.0250054938656585,0.3974872890612159,0.12397447615901541,0.12694610778443113,0.00392156862745098,0.03404255319148936,1.2214024514565056,3.2849801696470147,0.04160316656246325,Aerospace & Defense,Industrials,TXT
2007Q3,2007,Q3,2007-10-29,2007-09-29,255000000.0,3110000000.0,470000000.0,1.0,835000000.0,0.2684887459807074,18436000000.0,3145000000.0,13309000000.0,3427000000.0,15291000000.0,2634000000.0,2584000000.0,15552500000.0,23154500000.0,12.58,3.883571637000292,0.4634410935126926,2.7166931637519873,0.027498380650917222,12.58,0.08108108108108109,5.0008038585209,15.247549019607844,4.9451510333863276,0.0,0.863705391040243,0.0,0.16869169017140379,2.949518529325941,0.013831633760034715,39.273989898989896,0.2684887459807074,0.20481927710843378,2.6520768831168833,0.3857205010101011,0.029767125890736323,-0.030197444831591175,0.21428571428571427,0.1163895486935867,1.7311440776699032,0.3459601726167123,-0.07996198355873768,Aerospace & Defense,Industrials,TXT
2007Q2,2007,Q2,2007-07-27,2007-06-30,210000000.0,3235000000.0,421000000.0,0.83,861000000.0,0.2661514683153014,18123000000.0,2933000000.0,4800000000.0,3157000000.0,15190000000.0,2518000000.0,6509000000.0,13682307689.05,21717307689.05,11.801833336143293,1.5204307887234716,0.48181868344093143,2.9771564950562563,0.026126387463721364,11.801833336143293,0.07159904534606205,4.229461418562597,16.288461534583334,4.664953184128879,0.22857142857142856,0.9428117553613979,0.0035081801323920358,0.17850245544335927,0.561292366170415,0.011587485515643106,125.5257586151376,0.2661514683153014,0.08496732026143784,1.1047441076439868,0.3340871297042953,-0.03562359418553994,0.09821428571428571,0.07142857142857142,0.021844660194174758,1.3279581005542755,0.4213888332659688,-0.1331960862594495,Aerospace & Defense,Industrials,TXT
2007Q1,2007,Q1,2007-04-30,2007-03-31,196000000.0,2964000000.0,412000000.0,0.765,784000000.0,0.26450742240215924,17702000000.0,2678000000.0,12636000000.0,3082000000.0,15024000000.0,2342000000.0,6347000000.0,11282564089.9,19457564089.9,10.657346950737839,4.099935107073329,0.49485933792791775,3.2710978342046304,0.02511273269974806,10.657346950737839,0.07318894697535475,3.8065330937584343,14.391025624872448,4.213056045519044,0.25,0.9308283518360376,0.004342984414674333,0.16743870749067902,3.190136275146009,0.011072195232177156,-86.12644343435115,0.26450742240215924,0.006578947368421058,1.5153616005784671,0.410668672097606,-0.22889797272638765,-0.0297029702970297,0.005128205128205128,0.07571801566579635,4.792237844339329,0.38679263470742514,-0.19950447015179643,Aerospace & Defense,Industrials,TXT
