Quarters,Year,Quarter,FillingDate,Date,NetIncome,Revenue,OperatingIncome,EPSDiluted,GrossProfit,GrossProfitRatio,TotalAssets,CommonStockEquity,CurrentAssets,CurrentLiability,TotalLiability,Inventory,RetainedEarnings,MarketCap,EnterpriseValue,bookValuePerShare,currentRatio,debtToAssets,debtToEquity,roic,shareholdersEquityPerShare,roe,priceToSalesRatio,peRatio,pbRatio,payoutRatio,inventoryTurnover,dividendYield,assetTurnover,quickRatio,returnOnAssets,priceToFreeCashFlowsRatio,grossProfitMargin,epsdilutedGrowth,fiveYNetIncomeGrowthPerShare,fiveYRevenueGrowthPerShare,fiveYShareholdersEquityGrowthPerShare,grossProfitGrowth,netIncomeGrowth,operatingIncomeGrowth,threeYNetIncomeGrowthPerShare,threeYRevenueGrowthPerShare,threeYShareholdersEquityGrowthPerShare,Industry,Sector,Symbol
2023Q1,2023,Q1,2023-03-31,2023-03-31,1810026.0,0.0,-589272.0,0.0882,0.0,0.0,26347262.0,22121366.0,6303.0,1136896.0,4225896.0,0.0,-4125843.0,210204358.99499997,210723412.99499997,1.078157445228768,0.005544042726863319,0.01973639613861964,0.023506685798697965,-0.07717912193963136,1.078157445228768,0.08182252397975785,0.0,29.03333418898402,9.502322731561874,0.0,0.0,0.0,0.0,0.0008320901823913533,0.06869882722538684,-1983.808597536806,0.0,1.49,4.224747467739151,0.0,-0.8536627895653576,0.0,1.3502738289217526,-2.908883464232647,4.224747467739151,0.0,-0.8536627895653576,Shell Companies,Financial Services,QDRO
2022Q4,2022,Q4,2022-12-31,2022-12-31,-5167460.0,0.0,-150752.0,-0.18,0.0,0.0,233338881.0,230035527.0,34366.0,455687.0,3303354.0,0.0,-3175238.0,295132500.0,295450236.0,7.864462461538461,0.07541580075797642,0.0013658246694000387,0.001385438171904638,-0.0012717693969128293,7.864462461538461,-0.02246374752365968,0.0,-14.278412411513587,1.28298660580372,0.0,0.0,0.0,0.0,0.002115487165532482,-0.022145730612293458,-13415113.636363637,0.0,-1.4186046511627908,-1.7934552753399409,0.0,17.713745673806496,0.0,-1.4080195914087426,0.076676200917493,-1.7934552753399409,0.0,17.713745673806496,Shell Companies,Financial Services,QDRO
2022Q3,2022,Q3,2022-11-14,2022-09-30,12664735.0,0.0,-163271.0,0.43,0.0,0.0,231489662.0,227617416.0,122823.0,393392.0,3872246.0,0.0,-3655673.0,290452500.0,290770214.0,7.781792,0.31221529670150894,0.0013767353463931362,0.0014001564801174968,-0.001451313172460764,7.781792,0.055640448005085864,0.0,5.7334894887259775,1.2760556951406565,0.0,0.0,0.0,0.0,0.0025064058242160493,0.0547097217671863,-5618.254091067352,0.0,4.70291777188329,11.697583648899704,0.0,0.06749893196133769,0.0,4.7437924699187235,-0.5329314893577068,11.697583648899704,0.0,0.06749893196133769,Shell Companies,Financial Services,QDRO
2022Q2,2022,Q2,2022-08-15,2022-06-30,2204943.0,0.0,-106509.0,0.0754,0.0,0.0,230752272.0,221366684.0,262957.0,370255.0,9385588.0,0.0,-8890830.0,286065000.0,286331016.0,7.56809176068376,0.7102051288976516,0.0013811348301697329,0.0014396927046167434,-0.001009674283870674,7.56809176068376,0.00996059099841781,0.0,32.434511912552836,1.2922676295769964,0.0,0.0,0.0,0.0,0.1422911236850279,0.009555455211292568,-1457.1288858553085,0.0,-0.74,27.62910316175938,0.0,0.04306292077655173,0.0,-0.7360875967658943,0.4492442615067197,27.62910316175938,0.0,0.04306292077655173,Shell Companies,Financial Services,QDRO
2022Q1,2022,Q1,2022-05-09,2022-03-31,8354829.0,0.0,-193387.0,0.29,0.0,0.0,230476605.0,220317467.0,298349.0,299138.0,10159138.0,0.0,-9688783.0,286357500.0,286357195.0,7.532221094017094,0.9973624213573669,0.0,0.0,-0.0017971279928619026,7.532221094017094,0.03792177312931798,0.0,8.568622409866197,1.2997494202309432,0.0,0.0,0.0,0.0,0.0010195963067213126,0.03625022591772384,-4518.746745356709,0.0,0.31818181818181807,11.441246460220244,0.0,0.022340687024196757,0.0,0.28287072267867047,0.18212307041657855,11.441246460220244,0.0,0.022340687024196757,Shell Companies,Financial Services,QDRO
2021Q4,2021,Q4,2022-03-31,2021-12-31,6512604.0,0.0,-236450.0,0.22,0.0,0.0,230506810.0,-13763254.0,379328.0,186730.0,14270064.0,0.0,-13769504.0,285187500.0,285123824.0,-0.4705385982905983,2.031425052214427,0.0,0.0,0.035654082851586506,-0.4705385982905983,-0.47318780863885823,0.0,10.947521912893828,-20.72093561595245,0.0,0.0,0.0,0.0,0.3410057301986826,0.028253412556444646,-179.75210518354174,0.0,6.333333333333334,0.0,0.0,0.0,0.0,5.529495805649215,0.7116874787377898,0.0,0.0,0.0,Shell Companies,Financial Services,QDRO
2021Q3,2021,Q3,2021-11-22,2021-09-30,997413.0,0.0,-820117.0,0.03,0.0,0.0,231358612.0,213224959.0,1342034.0,912986.0,18133653.0,0.0,-16781291.0,284310000.0,283417723.0,7.289742188034188,1.4699392980834318,0.0,0.0,-0.003846252351723984,7.289742188034188,0.004677749756303154,0.0,71.26185441737776,1.3333804885383986,0.0,0.0,0.0,0.0,0.9773172863548839,0.004311112481950747,-711.6378609063489,0.0,11.596962204168138,0.0,0.0,0.0,0.0,13.045759764256902,-2.2389575204183187,0.0,0.0,0.0,Shell Companies,Financial Services,QDRO
2021Q2,2021,Q2,2021-08-13,2021-06-30,-82802.0,0.0,-253204.0,-0.002831,0.0,0.0,231495312.0,212227546.0,1486264.0,237099.0,19267766.0,0.0,-884524.0,282262500.0,280970708.0,7.255642598290598,6.2685376150890555,0.0,0.0,-0.0011930779240127481,7.255642598290598,-0.0003901567047286124,0.0,-852.2212627714307,1.329999358330233,0.0,0.0,0.0,0.0,5.448323274244093,-0.00035768326919726135,-17046.895760357533,0.0,0.8965126480479603,0.0,0.0,0.0,0.0,0.8949641072608747,-2.234635087315883,0.0,0.0,0.0,Shell Companies,Financial Services,QDRO
2021Q1,2021,Q1,2021-03-31,2021-03-31,-788321.0,0.0,-78279.0,-0.027356,0.0,0.0,231590187.0,212310348.0,1586874.0,84505.0,19279839.0,0.0,-801722.0,283844169.95,282535819.95,7.367623327152998,18.77846281285131,0.0,0.0,-0.0003687008228162294,7.367623327152998,-0.0037130597138863904,0.0,-90.01541565872277,1.3369304540445668,0.0,0.0,0.0,0.0,15.48251582746583,-0.0034039481992386837,-830.2304567896902,0.0,0.0,0.0,0.0,0.0,0.0,0.0,0.0,0.0,0.0,0.0,Shell Companies,Financial Services,QDRO
