Year,Date,FillingDate,NetIncome,Revenue,OperatingIncome,EPSDiluted,GrossProfit,GrossProfitRatio,TotalAssets,CommonStockEquity,CurrentAssets,CurrentLiability,TotalLiability,Inventory,RetainedEarnings,EnterpriseValue,bookValuePerShare,currentRatio,debtToAssets,debtToEquity,roic,shareholdersEquityPerShare,roe,priceToSalesRatio,peRatio,pbRatio,payoutRatio,inventoryTurnover,dividendYield,assetTurnover,quickRatio,returnOnAssets,priceToFreeCashFlowsRatio,grossProfitMargin,epsdilutedGrowth,fiveYNetIncomeGrowthPerShare,fiveYRevenueGrowthPerShare,fiveYShareholdersEquityGrowthPerShare,grossProfitGrowth,netIncomeGrowth,operatingIncomeGrowth,threeYNetIncomeGrowthPerShare,threeYRevenueGrowthPerShare,threeYShareholdersEquityGrowthPerShare,Industry,Sector,Price,MarketCap,AvgVolume,Symbol
2022,2022-12-31,2023-02-27,176302000.0,2169380000.0,205802000.0,2.77,360710000.0,0.1662733131,1284630000.0,381236000.0,909628000.0,446161000.0,901492000.0,397223000.0,90863000.0,1251813800.0,6.04752538071066,2.0387886883882724,0.3468843168850175,1.1688770210578225,0.21874599330709643,6.04752538071066,0.46244845712367144,0.4451837852289594,5.477945797551928,2.533267582284989,0.0,4.553286189369699,0.0,1.6887197091769615,0.9555631263153884,0.13723951643663934,8.493745162879055,0.16627331311250218,2.5063291139240507,3.763970645674931,0.3901710308060642,0.11819173739789976,0.5185104107905129,2.555479369176784,1.4162254182565306,4.262481682131367,0.42766276271211345,0.5476036950266793,Farm & Heavy Construction Machinery,Industrials,11.5493,729077281,412895,TWI
2021,2021-12-31,2022-03-03,49586000.0,1780215000.0,85175000.0,0.79,237542000.0,0.1334344447,1182685000.0,229300000.0,813304000.0,450813000.0,955513000.0,392615000.0,-85439000.0,1067459000.0,3.6924315619967794,1.8040828458806646,0.410042403514038,2.1149193196685565,0.11377356569705639,3.6924315619967794,0.2162494548626254,0.38232235993967023,13.725971040212965,2.9682337549062368,0.0,3.9292258319218574,0.0,1.5052317396432693,0.7836686164773421,0.04192663304261067,-24.241914802678444,0.13343444471594723,1.7383177570093458,2.266695737173733,0.22134230518792677,-0.32255832438402315,1.0778873153194133,1.761958910214054,6.145903818269695,1.9691956988704835,0.07017341980030198,-0.20844709140130974,Farm & Heavy Construction Machinery,Industrials,11.5493,729077281,412895,TWI
2020,2020-12-31,2021-03-04,-65077000.0,1259313000.0,-16552000.0,-1.07,114319000.0,0.0907788612,1031884000.0,179264000.0,658599000.0,329711000.0,855619000.0,293679000.0,-135025000.0,642847480.0,2.9475484231641946,1.9975038746053362,0.4503442247384396,2.5922828900392716,-0.02771276139393658,2.9475484231641946,-0.36302325062477686,0.23471168803943102,-4.541934631282943,1.648827873973581,-0.00926594649415308,3.8987942617619917,0.002040088034366044,1.220401711820321,0.9415670086833621,-0.06306619736326952,8.314593378154097,0.09077886117271877,-0.244186046511628,0.2403282133469655,-0.20284903125118967,-0.5413202955719904,-0.1138336795758271,-0.26316504590539413,0.1245107373320639,-0.05751803261870703,-0.16353002030525077,-0.4549962034264173,Farm & Heavy Construction Machinery,Industrials,11.5493,729077281,412895,TWI
2019,2019-12-31,2020-03-04,-51519000.0,1448666000.0,-18906000.0,-0.86,129004000.0,0.089050202,1114307000.0,234851000.0,644262000.0,327153000.0,875319000.0,333356000.0,-74334000.0,655365000.0,3.9076705490848584,1.9692987684661305,0.45283929832622427,2.1486048601027887,-0.026551862396644123,3.9076705490848584,-0.21936887643654912,0.15018092507175568,-4.222946873968827,0.9263831109937791,-0.023370018828005202,3.9587168072571064,0.005534054660280748,1.3000600373146718,0.7703948916867643,-0.04623411680981992,24.098582188746125,0.08905020204795308,-4.185185185185184,0.4300497412363419,-0.3197113129612298,-0.6272127507001193,-0.3493387671108511,-4.202523776962765,-1.447542846321371,-0.35987123000489524,0.02695246123481482,-0.2830689370730821,Farm & Heavy Construction Machinery,Industrials,11.5493,729077281,412895,TWI
2018,2018-12-31,2019-03-07,16087000.0,1602408000.0,42244000.0,0.27,198266000.0,0.12373003629537546,1251256000.0,279048000.0,779481000.0,375068000.0,981159000.0,395735000.0,-29048000.0,658533200.0,4.664794383149449,2.078239145968198,0.3687950347490841,1.6536832372925088,0.03741293966165686,4.664794383149449,0.05764958000057338,0.17396393427891024,17.328352085534906,0.998972219833147,0.07465655498228384,3.548187549749201,0.0043083470726916085,1.2806396133165396,0.8922861987692898,0.012856681606321968,-3.708114291795254,0.12373003629537546,1.2673267326732673,-0.5948464657334215,-0.34333169656339485,-0.6402388326581143,0.2526440819317909,1.267929116285267,4.204186893203883,1.1909234444217363,0.03125417940952864,-0.274092838622981,Farm & Heavy Construction Machinery,Industrials,11.5493,729077281,412895,TWI
2017,2017-12-31,2018-02-23,-60042000.0,1468922000.0,-13184000.0,-1.01,158278000.0,0.10775112633618394,1290112000.0,320929000.0,783193000.0,372922000.0,980028000.0,339836000.0,-44022000.0,1071551200.0,5.408308055274688,2.100152310670864,0.3494440792737375,1.4047406124095985,-0.02070270649840093,5.408308055274688,-0.18708810983114646,0.5203129914318119,-12.729409413410613,2.3815211464217945,-0.019436394523833316,3.8566955825751243,0.001526888946109063,1.1386003695803155,1.050798826564268,-0.0465401453517214,-22.535727554179566,0.10775112633618394,-0.6031746031746031,-1.4593596339426638,-0.4101961589835236,-0.6053312730037715,0.1108631265703738,-0.7666166475417071,0.3819903435991187,0.3272532463931398,-0.30136450490093875,-0.48405366881187006,Farm & Heavy Construction Machinery,Industrials,11.5493,729077281,412895,TWI
2016,2016-12-31,2017-03-15,-33987000.0,1265497000.0,-21333000.0,-0.63,142482000.0,0.11258975722581721,1262951000.0,293872000.0,726236000.0,366104000.0,973017000.0,269291000.0,14269000.0,962743360.0,5.450552711625492,1.9836876952996962,0.4007851452669185,1.722423367996951,-0.02929450084788981,5.450552711625492,-0.11565239287853216,0.47759762370041176,-17.78322182010769,2.0566721565851798,-0.03180627887133316,4.170265623433386,0.0017885554818514067,1.0020159135231692,1.049887463671525,-0.026910782761959885,389.4319329896907,0.11258975722581721,0.5531914893617021,-1.451563157683386,-0.3424616898563541,-0.4255281631919342,0.033909251210008054,0.550632660346674,0.12133942913629062,-1.9496993603298958,-0.4246093327168563,-0.5796390912156428,Farm & Heavy Construction Machinery,Industrials,11.5493,729077281,412895,TWI
2015,2015-12-31,2016-02-25,-75633000.0,1394771000.0,-24279000.0,-1.41,137809000.0,0.09880403306349214,1275191000.0,345059000.0,710001000.0,270097000.0,930508000.0,269791000.0,49297000.0,523000240.0,6.426158373063171,2.6286889524874395,0.40121519050871596,1.4827203463755474,-0.04909439531343533,6.426158373063171,-0.2191886025288429,0.15168241955130984,-2.79722131873653,0.6131190318177471,-0.014239815953353694,4.659021242369093,0.005090700495513755,1.0937741875530802,1.4285312313724328,-0.05931111496238603,13.648296238952325,0.09880403306349214,0.06000000000000005,-138.2973054181288,0.028180764011999367,-0.19426828382799202,-0.020150309649253784,0.06000422564969364,0.751303457106274,-1.6394618108588077,-0.38110442530943306,-0.5310541266044465,Farm & Heavy Construction Machinery,Industrials,11.5493,729077281,412895,TWI
2014,2014-12-31,2015-02-26,-80461000.0,1895527000.0,-97625000.0,-1.5,140643000.0,0.07419730766166877,1495724000.0,560772000.0,835930000.0,301556000.0,905666000.0,331432000.0,126007000.0,889958110.0,10.482307419107613,2.772055604929101,0.3494869374296327,0.9321720770651887,-0.07695564250682924,10.482307419107613,-0.14348255619039468,0.3000079186421507,-7.067686332508917,1.0140897013402952,-0.013335653297871019,5.294853846339521,0.001886848491921835,1.2672973088617954,1.3624003501837139,-0.05379401547344296,10.221866697823234,0.07419730766166877,-3.542372881355932,-1.1181502520379176,0.6901997838163609,0.3888748206830502,-0.5235509332971984,-3.285499218860957,-1.9534156941256897,-2.077405856426564,-0.007391128467031938,0.10480362554749362,Farm & Heavy Construction Machinery,Industrials,11.5493,729077281,412895,TWI
2013,2013-12-31,2014-02-20,35205000.0,2163595000.0,102395000.0,0.59,295190000.0,0.13643496125661225,1821231000.0,687723000.0,1007878000.0,386571000.0,1023195000.0,384920000.0,207541000.0,1337036220.0,12.966364373385622,2.607226098181188,0.31448783817099535,0.8328280426857907,0.04406082299631159,12.966364373385622,0.05119066833594339,0.4407669734862578,27.0882323533589,1.386664718207767,0.029711688680585144,4.854008625168866,0.0010968485611391671,1.1879849398566136,1.2079307552816947,0.019330332066607697,26.11427843803056,0.13643496125661225,-0.6628571428571429,0.7125195688175135,0.3539798959803815,0.5981080780269898,0.0035731405899931666,-0.6315657279206305,-0.41390777754882435,63.69960704576931,0.6146899500505885,0.6257630784315061,Farm & Heavy Construction Machinery,Industrials,11.5493,729077281,412895,TWI
2012,2012-12-31,2013-02-27,95553000.0,1820678000.0,174708000.0,1.75,294139000.0,0.16155465161879257,1693107000.0,594454000.0,978995000.0,461701000.0,1072494000.0,366385000.0,161729000.0,1340338600.0,13.703411710465652,2.12040909593005,0.3468410443049376,0.9878628119248924,0.07672852359809441,13.703411710465652,0.16074078061548916,0.5175069946470491,9.860638598474145,1.5850067456859571,0.008843259761598275,4.166488802762122,0.0008968242445237471,1.0753472757480773,1.0635151320876497,0.05643648038783137,14.62428757682995,0.16155465161879257,0.6055045871559632,10.750969531246868,0.608638743326806,0.6131636232538151,0.26725059024247333,0.6431593066446554,0.32181307831402783,4.102098226349431,1.0020784550127786,0.8156616402440203,Farm & Heavy Construction Machinery,Industrials,11.5493,729077281,412895,TWI
2011,2011-12-31,2012-02-23,58152000.0,1486998000.0,132173000.0,1.09,232108000.0,0.15609166925577572,1010286000.0,395239000.0,564593000.0,175766000.0,613407000.0,190872000.0,67053000.0,1011079220.0,9.487937201430732,3.212185519383726,0.32624821090265527,0.8339359223153585,0.11054725982877912,9.487937201430732,0.14713122945863136,0.5451555550175589,13.940109024625121,2.0510253795804565,0.013911817306369515,6.5745106668343185,0.0009979704808473428,1.4718584638409322,1.8131891264522149,0.057559938472868076,-25.884322753687975,0.15609166925577572,108.0,5.6833781331514635,0.2938462223578793,0.24835943213234188,1.037303934906828,161.43575418994413,2.240805217732444,2.6016639342369863,0.18482434227432012,0.16939094481579256,Farm & Heavy Construction Machinery,Industrials,11.5493,729077281,412895,TWI
2010,2010-12-31,2011-02-24,358000.0,881591000.0,40784000.0,0.01,113929000.0,0.12923112872068793,787470000.0,278315000.0,487940000.0,92353000.0,509155000.0,127982000.0,16028000.0,815931840.0,7.975555937643283,5.283423386354531,0.47438505593863894,1.3422345184413345,0.03451128715453921,7.975555937643283,0.0012863122720658247,0.7734514531114769,1904.6587709497205,2.449985951170436,1.9748603351955307,5.998202872278914,0.0010368578169048126,1.1195232834266702,3.557047415893366,0.00045462049347911665,31.196771743606167,0.12923112872068793,1.0140845070422535,-0.979033833480701,0.21263516517321512,0.07249372323862119,1.0357187527919236,1.0145262730777034,3.158568857838467,1.045415112955719,-0.031707814065721915,-0.06111872096741336,Farm & Heavy Construction Machinery,Industrials,11.5493,729077281,412895,TWI
2009,2009-12-31,2010-02-25,-24645000.0,727599000.0,-18894000.0,-0.71,55965000.0,0.07691736794580531,736463000.0,261953000.0,445216000.0,70072000.0,474510000.0,110136000.0,16377000.0,418599880.0,7.547337789558603,6.35369334398904,0.4973773292073057,1.3983424507449809,-0.023160132599567163,7.547337789558603,-0.09408176275896821,0.38686402812538223,-11.421459931020491,1.0745510835913312,-0.028565631974031242,6.0982240139463935,0.0025010490906199716,0.9879640932402578,4.23414487955246,-0.0334640029438003,8.588048572125945,0.07691736794580531,-2.8684210526315788,-2.4222753306991422,-0.0865441182668156,0.5709938854726754,-0.5994316961793378,-2.8478668366199296,-1.2576887931152056,-4.39952783540387,-0.24015891434323788,-0.006971682352241471,Farm & Heavy Construction Machinery,Industrials,11.5493,729077281,412895,TWI
2008,2008-12-31,2009-02-26,13337000.0,1036700000.0,73321000.0,0.38,139714000.0,0.1347680138902286,654782000.0,279188000.0,369199000.0,136635000.0,375594000.0,147306000.0,41726000.0,447224500.0,8.113571636152281,2.70208218977568,0.34362581744763904,0.8059085634053039,0.08429026263931605,8.113571636152281,0.04777067782282906,0.27383283495707533,21.285334033140884,1.016814834448472,0.04386293769213466,6.089269955059536,0.002060711738131093,1.5832750442131884,1.377311816152523,0.02036861123244072,-9.862853072994476,0.1347680138902286,2.652173913043478,1.2773414933034142,0.6072788871294983,0.9009162886872911,0.660672047164541,2.840347730095212,1.951968757548917,-0.20789066603690823,0.44612916343589254,0.09105305270939333,Farm & Heavy Construction Machinery,Industrials,11.5493,729077281,412895,TWI
TTM,,,,,,,,,,,,,,,,1002168281.0,6.689579524680073,2.074261213776712,0.32510761767301927,1.0389702667249672,0.24164238292528067,6.689579524680073,0.5199668066657634,0.3372193228854219,3.9437444576534326,1.7264612756886752,0.0,4.6081777983443875,0.0,1.6076857125223174,1.0474969114824457,0.1369847123044422,4.788810747080383,0.17092200976213526,,,,,,,,,,,Farm & Heavy Construction Machinery,Industrials,11.5493,729077281,412895,TWI
