Year,Date,FillingDate,NetIncome,Revenue,OperatingIncome,EPSDiluted,GrossProfit,GrossProfitRatio,TotalAssets,CommonStockEquity,CurrentAssets,CurrentLiability,TotalLiability,Inventory,RetainedEarnings,EnterpriseValue,bookValuePerShare,currentRatio,debtToAssets,debtToEquity,roic,shareholdersEquityPerShare,roe,priceToSalesRatio,peRatio,pbRatio,payoutRatio,inventoryTurnover,dividendYield,assetTurnover,quickRatio,returnOnAssets,priceToFreeCashFlowsRatio,grossProfitMargin,epsdilutedGrowth,fiveYNetIncomeGrowthPerShare,fiveYRevenueGrowthPerShare,fiveYShareholdersEquityGrowthPerShare,grossProfitGrowth,netIncomeGrowth,operatingIncomeGrowth,threeYNetIncomeGrowthPerShare,threeYRevenueGrowthPerShare,threeYShareholdersEquityGrowthPerShare,Industry,Sector,Price,MarketCap,AvgVolume,Symbol
2022,2022-12-31,2023-03-01,-35000000.0,588000000.0,-5000000.0,-0.66,382000000.0,0.6496598639,1477000000.0,294000000.0,274000000.0,233000000.0,1183000000.0,0.0,296249000.0,2099189999.9999998,5.547169811320755,1.1759656652360515,0.36696005416384564,1.8435374149659864,-0.007752968279284069,5.547169811320755,-0.11904761904761904,2.905085034013605,-48.80542857142857,5.81017006802721,-0.0071142857142857145,0.0,0.0001457683278792172,0.3981042654028436,4.51931330472103,-0.023696682464454975,48.805428571428564,0.6496598639455783,-2.666666666666667,-0.2943396226415093,0.4083488122006061,-0.3418612088263511,-0.3274647887323944,-2.1818181818181817,-1.25,0.5626072041166381,0.18867924528301883,-0.25157232704402516,Entertainment,Communication Services,39.4,2109881820,115290,BATRK
2021,2021-12-31,2022-02-25,-11000000.0,568000000.0,20000000.0,-0.18,568000000.0,1.0,1636000000.0,296000000.0,330000000.0,136000000.0,1340000000.0,0.0,0.0,2016200000.0,5.6923076923076925,2.426470588235294,0.42603911980440096,2.35472972972973,0.07385028533064786,5.6923076923076925,-0.037162162162162164,2.5725352112676054,-132.83636363636364,4.936486486486486,0.0,0.0,0.0,0.3471882640586797,1.338235294117647,-0.006723716381418093,54.11851851851852,1.0,0.8615384615384616,0.8430521091811415,0.9177921315325894,-0.3198801198801199,2.191011235955056,0.8589743589743589,1.15625,-3.157692307692308,0.2603550295857989,-0.34908589168678844,Entertainment,Communication Services,39.4,2109881820,115290,BATRK
2020,2020-12-31,2021-02-26,-78000000.0,178000000.0,-128000000.0,-1.3,178000000.0,1.0,1571000000.0,291000000.0,244000000.0,173000000.0,1280000000.0,0.0,0.0,1787880000.0,5.705882352941177,1.4104046242774566,0.426479949077021,2.3024054982817868,-0.08956187879005346,5.705882352941177,-0.26804123711340205,7.128539325842697,-16.267692307692307,4.360412371134021,0.0,0.0,0.0,0.11330362826225335,1.046242774566474,-0.04964990451941439,-9.33,1.0,-0.03174603174603177,0.0,0.0,0.0,-0.6260504201680672,-0.012987012987012988,-1.098360655737705,-1.9976470588235293,-0.5569440211317688,-0.3230309072781655,Entertainment,Communication Services,39.4,2109881820,115290,BATRK
2019,2019-12-31,2020-02-26,-77000000.0,476000000.0,-61000000.0,-1.26,476000000.0,1.0,1593000000.0,378000000.0,267000000.0,188000000.0,1215000000.0,0.0,0.0,1918540000.0,7.411764705882353,1.4202127659574468,0.3477715003138732,1.4656084656084656,-0.054779343161037504,7.411764705882353,-0.2037037037037037,3.165,-19.565454545454546,3.985555555555555,0.0,0.0,0.0,0.2988072818581293,0.9042553191489362,-0.04833647206528562,-53.805,1.0,-13.6,0.0,0.0,0.0,0.0,-16.4,-62.0,-0.12017710309930422,0.638676844783715,-0.11443850267379678,Entertainment,Communication Services,39.4,2109881820,115290,BATRK
2018,2018-12-31,2019-02-28,5000000.0,442000000.0,1000000.0,0.1,0.0,0.0,1805000000.0,446000000.0,257000000.0,84000000.0,1367000000.0,0.0,0.0,1653390000.0,8.745098039215685,3.0595238095238093,0.27202216066481993,1.100896860986547,-0.002934898612593383,8.745098039215685,0.011210762331838564,2.871923076923077,253.87800000000001,2.8461659192825115,0.0,0.0,0.0,0.24487534626038782,1.5238095238095237,0.002770083102493075,18.13414285714286,0.0,1.196078431372549,0.0,0.0,0.0,0.0,1.2,1.008849557522124,0.0,0.0,0.0,Entertainment,Communication Services,39.4,2109881820,115290,BATRK
2017,2017-12-31,2018-03-01,-25000000.0,386000000.0,-113000000.0,-0.51,0.0,0.0,1866000000.0,413000000.0,220000000.0,91000000.0,1439000000.0,0.0,0.0,1618780000.0,8.428571428571429,2.4175824175824174,0.35476956055734193,1.602905569007264,-0.04408102025506376,8.428571428571429,-0.06053268765133172,2.8206735751295335,-43.551199999999994,2.636271186440678,0.0,0.0,0.0,0.20685959271168275,1.8021978021978022,-0.01339764201500536,-4.171570881226054,0.0,0.2153846153846154,0.0,0.0,0.0,0.0,0.5967741935483871,-0.8524590163934426,0.0,0.0,0.0,Entertainment,Communication Services,39.4,2109881820,115290,BATRK
2016,2016-12-31,2017-02-28,-62000000.0,262000000.0,-61000000.0,-0.65,0.0,0.0,1548000000.0,385000000.0,139000000.0,168000000.0,1148000000.0,0.0,0.0,1168140000.0,8.369565217391305,0.8273809523809523,0.21188630490956073,0.8519480519480519,-0.06714364336818932,8.369565217391305,-0.16103896103896104,3.6150381679389314,-15.276451612903227,2.460103896103896,0.0,0.0,0.0,0.16925064599483206,0.7261904761904762,-0.040051679586563305,-3.494981549815498,0.0,-0.14985025411690622,0.0,0.0,0.0,0.0,0.0,0.0,0.0,0.0,0.0,Entertainment,Communication Services,39.4,2109881820,115290,BATRK
2015,2015-12-31,2016-04-29,0.0,0.0,0.0,-0.565291,0.0,0.0,,,,,,,,,,0.0,0.0,0.0,0.0,,0.0,0.0,0.0,0.0,0.0,0.0,,0.0,0.0,0.0,0.0,0.0,0.0,0.0,0.0,0.0,0.0,0.0,0.0,0.0,0.0,0.0,Entertainment,Communication Services,39.4,2109881820,115290,BATRK
TTM,,,,,,,,,,,,,,,,2432881820.0,4.31220986971816,0.8955223880597015,0.3544137022397892,2.349344978165939,0.2823357171011881,4.31220986971816,-0.9811320754716981,3.540070167785235,-6.997785507692308,9.136846579912662,-0.1111463779264214,0.0,0.0,0.3926218708827404,3.3940298507462687,-0.19696969696969696,72.75454551724138,-4.584161073825503,,,,,,,,,,,Entertainment,Communication Services,39.4,2109881820,115290,BATRK
