Quarters,Year,Quarter,FillingDate,Date,NetIncome,Revenue,OperatingIncome,EPSDiluted,GrossProfit,GrossProfitRatio,TotalAssets,CommonStockEquity,CurrentAssets,CurrentLiability,TotalLiability,Inventory,RetainedEarnings,MarketCap,EnterpriseValue,bookValuePerShare,currentRatio,debtToAssets,debtToEquity,roic,shareholdersEquityPerShare,roe,priceToSalesRatio,peRatio,pbRatio,payoutRatio,inventoryTurnover,dividendYield,assetTurnover,quickRatio,returnOnAssets,priceToFreeCashFlowsRatio,grossProfitMargin,epsdilutedGrowth,fiveYNetIncomeGrowthPerShare,fiveYRevenueGrowthPerShare,fiveYShareholdersEquityGrowthPerShare,grossProfitGrowth,netIncomeGrowth,operatingIncomeGrowth,threeYNetIncomeGrowthPerShare,threeYRevenueGrowthPerShare,threeYShareholdersEquityGrowthPerShare,Industry,Sector,Symbol
2023Q1,2023,Q1,2023-05-05,2023-03-31,23945000.0,90003000.0,56522000.0,0.64,90003000.0,1.0,7530346000.0,795650000.0,2195360000.0,148057000.0,6734696000.0,0.0,356365000.0,798968937.7,1288744937.7,21.53018995897317,14.827802805676193,0.10278239539059693,0.9727732042983724,0.026746382037985066,21.53018995897317,0.03009489096964746,8.877136736553226,8.341709518688662,1.0041713538616226,0.13873460012528713,0.0,0.004157858764275712,0.01195204045073095,14.827802805676193,0.003179800768782736,16.35421741720228,1.0,-0.015384615384615398,1.804252648037757,0.6315475947661944,0.36227177837170976,386.9439655172414,-0.017318504534821685,0.22695204810384875,7.289053953479787,0.5358637204731688,0.07114529298707736,Banks—Regional,Financial Services,BY
2022Q4,2022,Q4,2023-03-07,2022-12-31,24367000.0,232000.0,46067000.0,0.65,232000.0,1.0,7362941000.0,765816000.0,1911478000.0,4494000.0,6597125000.0,0.0,335794000.0,846587396.37,1418662396.37,20.77847319181204,425.3400089007566,0.10205541508481461,0.9812121971857469,0.023095404890759137,20.77847319181204,0.03181834801048816,3649.0836050431035,8.68579837864735,1.105471022242941,0.13612672877252022,0.0,0.003918083371217954,3.150914831451182e-05,460.8353360035603,0.003309411280084955,24.610098731686048,1.0,0.06557377049180334,26.243079232650036,-0.9958257443640838,0.32519642807462973,-0.9971022457595363,0.07552083333333333,0.12449044352771743,0.5795559434853857,-0.9963691850175583,0.04909205487881284,Banks—Regional,Financial Services,BY
2022Q3,2022,Q3,2022-11-04,2022-09-30,22656000.0,80062000.0,40967000.0,0.61,80062000.0,1.0,7277587000.0,747565000.0,2070392000.0,152732000.0,6530022000.0,0.0,326560000.0,746252453.25,1294796453.25,20.28561672939465,13.555718513474583,0.10509444957511328,1.023100332412566,0.020112502325303507,20.28561672939465,0.03030639476165952,9.320931943368889,8.234600693524893,0.9982442372904029,0.1463188559322034,0.0,0.004442196451834579,0.01100117387809998,13.567588979388733,0.0031131197744527135,23.260058387619612,1.0,0.12962962962962954,0.8432110195784298,0.5174035020127112,0.29107464300264047,0.07195265638389031,0.1169945274367697,0.35504250322495284,0.5159763335120239,0.164160601980289,0.042896924398307085,Banks—Regional,Financial Services,BY
2022Q2,2022,Q2,2022-08-04,2022-06-30,20283000.0,74688000.0,30233000.0,0.54,74688000.0,1.0,7131717000.0,765161000.0,1557235000.0,0.0,6366556000.0,-3591000.0,307278000.0,882142121.0,1599060121.0,20.643875138119608,0.0,0.12042247329780473,1.12240299753908,0.014463579568939481,20.643875138119608,0.026508146651489033,11.811028826585261,10.872924628999654,1.1528843223844394,0.16881131982448355,0.0,0.003881460728933949,0.01047265335963275,0.0,0.0028440556460667186,15.111642329764454,1.0,-0.08474576271186429,1.1963659429459506,0.18175099632566163,0.13736727183666622,-0.054570311016595145,-0.09089686701627,-0.032915360501567396,0.5435361834666873,0.12849958543729192,0.07187791955383648,Banks—Regional,Financial Services,BY
2022Q1,2022,Q1,2022-05-06,2022-03-31,22311000.0,78999000.0,31262000.0,0.59,78999000.0,1.0,6834636000.0,788671000.0,2017517000.0,93842000.0,6045965000.0,0.0,290397000.0,990445935.48,1258887935.48,21.24471566416448,21.499083565993903,0.06174739956890169,0.5351039913981875,0.020135105333524986,21.24471566416448,0.028289362738074558,12.53744902441803,11.098179546860292,1.255841707733643,0.1587109497557259,0.0,0.0035751572833543155,0.011558625799530509,21.53357771573496,0.0032644020837393536,10.784237445613119,1.0,0.311111111111111,1.6011458516357508,0.44379911976536324,0.5478679918430918,0.007794560391896719,0.29798126708941763,0.20132190754332704,0.7256359786976871,0.27644339938981277,0.14902639792588393,Banks—Regional,Financial Services,BY
2021Q4,2021,Q4,2022-03-07,2021-12-31,17189000.0,78388000.0,26023000.0,0.45,78388000.0,1.0,6696172000.0,836382000.0,1542755000.0,15629000.0,5859790000.0,0.0,271676000.0,1015346213.6,1489096213.6,22.529308125249702,98.71104997120737,0.09433464373376312,0.7552541781147849,0.013069925217879318,22.529308125249702,0.02055161397543228,12.952827136806654,14.767383407993485,1.2139742529131425,0.20577113270114608,0.0,0.0034835408382124684,0.01170638985975868,127.9234755902489,0.002566989019995305,36.45767373788151,1.0,-0.3181818181818182,-0.821302834409115,0.3830906521076328,0.45232470830194055,0.0164023702397469,-0.32075397139018413,0.0,-0.023287876508155034,0.16327456280824193,0.2505113948206684,Banks—Regional,Financial Services,BY
2021Q3,2021,Q3,2021-11-05,2021-09-30,25306000.0,77123000.0,0.0,0.66,77123000.0,1.0,6704451000.0,824418000.0,1693446000.0,0.0,5880033000.0,0.0,258077000.0,913651107.68,1236042107.6799998,22.161310712372735,0.0,0.06939703191208348,0.5643605549611969,0.0,22.161310712372735,0.030695593740068753,11.846674891796221,9.02603243973761,1.1082376994194691,0.13988777365051766,0.0,0.003874564338885321,0.011503253584819994,0.0,0.0037745074130603683,-40.877415224374744,1.0,-0.09589041095890405,9.722197629527503,1.0533102589166985,0.0,-0.0020832255059261943,-0.11182086199634986,0.0,0.6867334685587994,0.1859783795381699,0.26814998250936195,Banks—Regional,Financial Services,BY
2021Q2,2021,Q2,2021-08-05,2021-06-30,28492000.0,77284000.0,0.0,0.73,77284000.0,1.0,6540602000.0,817073000.0,4756149000.0,0.0,5723529000.0,0.0,236363000.0,859162840.54,978577840.54,21.521370708233214,0.0,0.03395880073424434,0.2718374000854269,0.0,21.521370708233214,0.03487081325658784,11.11695616867657,7.538632252386634,1.0515129499322582,0.0872525621227011,0.0,0.0028935143405847278,0.011816037728637211,0.0,0.004356173942398575,16.46915428116853,1.0,0.30357142857142844,6.117349963702336,0.9167134543464761,0.0,0.09142776444005084,0.3070923937975961,0.0,7.571537587074848,0.24685383148753712,0.10381396979228612,Banks—Regional,Financial Services,BY
2021Q1,2021,Q1,2021-05-07,2021-03-31,21798000.0,70810000.0,0.0,0.56,70810000.0,1.0,6750125000.0,793795000.0,4783565000.0,0.0,5956330000.0,0.0,210385000.0,807172851.15,1132984851.15,20.799465970740485,0.0,0.06502857354493435,0.5529777839366588,0.0,20.799465970740485,0.02746049042888907,11.39913643765005,9.25741869838976,1.016853030253403,0.11418478759519222,0.0,0.0030836022252902304,0.010490176107849854,0.0,0.0032292735319716303,55.57893349514563,1.0,0.806451612903226,11.421025311260403,0.9032074333009518,0.0,-0.017087491844921643,0.7734927996094704,0.0,1.4719346007035858,0.24295494673986942,0.3160369486351641,Banks—Regional,Financial Services,BY
2020Q4,2020,Q4,2021-03-04,2020-12-31,12291000.0,72041000.0,0.0,0.31,72041000.0,1.0,6390652000.0,805464000.0,4648862000.0,0.0,5585188000.0,0.0,191098000.0,590231174.25,850604174.25,21.08397411541839,0.0,0.05379623237190822,0.42682602822720817,0.0,21.08397411541839,0.01525952742766902,8.192989745422745,12.005352986941665,0.732784052732338,0.20299406069481735,0.0,0.004227157271335876,0.01127287168820959,0.0,0.0019232779378379546,5.557627674149263,1.0,-0.08823529411764713,-0.8758297847833937,0.2352189835268221,0.3591529924837092,-0.018167198190094585,-0.05967408767500574,0.0,13.284136371264783,0.2505122003675651,0.3446804743276609,Banks—Regional,Financial Services,BY
2020Q3,2020,Q3,2020-11-06,2020-09-30,13071000.0,73374000.0,0.0,0.34,73374000.0,1.0,6496513000.0,794696000.0,4684139000.0,0.0,5701817000.0,0.0,180162000.0,429286908.0,652838908.0,20.881537994631785,0.0,0.04996988384384053,0.4084958273352326,0.0,20.881537994631785,0.016447798906751764,5.850667920516805,8.210674546706448,0.5401900953320515,0.10205799097238161,0.0,0.003107478879835767,0.011294366685635817,0.0,0.002012002438846809,-10.472966772383508,1.0,0.4166666666666668,4.41355554363009,0.9095293407711863,0.0,0.1522118057191313,0.4302440091913776,0.0,0.02972874619018714,0.3466013407556443,0.329001951057261,Banks—Regional,Financial Services,BY
2020Q2,2020,Q2,2020-08-10,2020-06-30,9139000.0,63681000.0,0.0,0.24,63681000.0,1.0,6393518000.0,780935000.0,4663695000.0,0.0,5612583000.0,0.0,168444000.0,496745188.0,445797188.0,20.59455984101048,0.0,0.013917689760160213,0.11394418229430106,0.0,20.59455984101048,0.01170263850384475,7.800524300811859,13.588608928766822,0.6360903122539007,0.14454535507167085,0.0,0.00265931111546067,0.009960244109737393,0.0,0.0014294164808795408,30.886351302617673,1.0,2.428571428571428,1.285717853893745,0.5812700027800674,0.0,0.05838651775029916,2.081254214430209,0.0,-0.03267944386956873,-0.015117884721786913,0.13465026233348176,Banks—Regional,Financial Services,BY
2020Q1,2020,Q1,2020-05-05,2020-03-31,2966000.0,60168000.0,0.0,0.07,60168000.0,1.0,5734754000.0,762667000.0,4130842000.0,0.0,4972087000.0,0.0,160652000.0,393472363.21,646315363.21,20.10015830712605,0.0,0.06494820876361916,0.48836779354554477,0.0,20.10015830712605,0.0038889843142551075,6.539561946715862,33.16523627865812,0.5159163346650635,0.4531355360755226,0.0,0.0034157418046733166,0.010491818829543517,0.0,0.0005171974246846508,16.52342683450216,1.0,-0.8292682926829268,2.426217123416196,0.626588897728062,0.0,-0.083643009442583,-0.8128942720161494,0.0,-0.6616810792685979,0.07587106132942167,0.46447672759677,Banks—Regional,Financial Services,BY
2019Q4,2019,Q4,2020-03-12,2019-12-31,15852000.0,65660000.0,0.0,0.41,65660000.0,1.0,5521809000.0,750115000.0,4027208000.0,0.0,4771694000.0,0.0,159033000.0,741171380.95,1187768380.95,19.806148655098042,0.0,0.09550022465463764,0.7030042060217433,0.0,19.806148655098042,0.021132759643521327,11.288019813432836,11.68892538717512,0.988077002792905,0.012364370426444614,0.0,0.0002644462603895688,0.011891030638691052,0.0,0.0028707983198984245,46.8977082352569,1.0,0.05128205128205118,-0.8384599833860201,0.13561454840544365,0.2767795135200727,-0.06997167138810198,0.033242080563159956,0.0,-0.8384599833860201,0.13561454840544365,0.2767795135200727,Banks—Regional,Financial Services,BY
2019Q3,2019,Q3,2019-11-08,2019-09-30,15342000.0,70600000.0,0.0,0.39,70600000.0,1.0,5438278000.0,735866000.0,4098792000.0,0.0,4702412000.0,0.0,144525000.0,676424645.28,1110792645.28,19.451219247864127,0.0,0.09988584621823306,0.7381873873775932,0.0,19.451219247864127,0.02084890455599253,9.581085627195467,11.022432624168948,0.9192225830246267,0.012775387824273237,0.0,0.00028975880959935683,0.012982050568212953,0.0,0.0028211135951490525,33.59113300292993,1.0,0.14705882352941171,5.392082873849634,0.848312828307889,0.0,0.061047822297033275,0.16130497312845357,0.0,5.392082873849634,0.848312828307889,0.0,Banks—Regional,Financial Services,BY
2019Q2,2019,Q2,2019-08-08,2019-06-30,13211000.0,66538000.0,0.0,0.34,66538000.0,1.0,5391236000.0,717675000.0,4112230000.0,0.0,4673561000.0,0.0,129379000.0,718810060.0799999,1166554060.08,19.259539506805506,0.0,0.09961704514512071,0.7483317657714147,0.0,19.259539506805506,0.018408053784791167,10.803000692536594,13.602491485882975,1.001581579517191,0.014760426916963137,0.0,0.00027128167902699843,0.012341882269668774,0.0,0.0024504584848446627,-30.20210336470588,1.0,0.0,2.3623280985969446,0.6813044192179144,0.0,0.10344941956882256,0.04874176391204255,0.0,2.3623280985969446,0.6813044192179144,0.0,Banks—Regional,Financial Services,BY
2019Q1,2019,Q1,2019-05-09,2019-03-31,12597000.0,60300000.0,0.0,0.34,60300000.0,1.0,5009925000.0,668749000.0,3757305000.0,0.0,4341176000.0,0.0,116363000.0,689390231.62,1069305231.62,18.489319046554087,0.0,0.0921993842223187,0.6907105655485092,0.0,18.489319046554087,0.01883666368099242,11.432673824543947,13.681635143685003,1.0308654392305634,0.015559260141303485,0.0,0.0002843092214106647,0.012036108324974924,0.0,0.0025144088983368013,53.41625845498218,1.0,-0.2608695652173913,7.3544047956725835,0.7101050459547842,0.0,-0.08017572762218561,-0.2642369020501139,0.0,7.3544047956725835,0.7101050459547842,0.0,Banks—Regional,Financial Services,BY
2018Q4,2018,Q4,2019-03-15,2018-12-31,17121000.0,65556000.0,0.0,0.46,65556000.0,1.0,4942574000.0,650672000.0,3746683000.0,0.0,4291902000.0,0.0,102522000.0,601695708.74,941603708.74,18.016075837901944,0.0,0.09342662345571356,0.709678609191728,0.0,18.016075837901944,0.026312796616421177,9.17834689029227,8.785931148005373,0.9247296775333809,0.011447929443373635,0.0,0.00032574604929531574,0.013263534344655234,0.0,0.0034639845554158624,36.31016285921188,1.0,0.1794871794871795,-0.8170421342247453,0.188963204670045,0.16138462577561197,0.0404888500912626,0.17783434232250964,0.0,-0.8170421342247453,0.188963204670045,0.16138462577561197,Banks—Regional,Financial Services,BY
2018Q3,2018,Q3,2018-11-13,2018-09-30,14536000.0,63005000.0,0.0,0.39,63005000.0,1.0,4917409000.0,629861000.0,3728912000.0,0.0,4287548000.0,0.0,85597000.0,801233978.22,1118092978.22,17.475307351675283,0.0,0.09387362328413194,0.7328839220081891,0.0,17.475307351675283,0.023078107709478757,12.716990369335768,13.780166108626858,1.2720806308375976,0.013483764446890478,0.0,0.00024462267618184186,0.012812641779441166,0.0,0.0029560282661051786,52.650412552240766,1.0,3.875,5.356782401839043,0.7313218304335994,0.0,0.22067228518841422,4.2514450867052025,0.0,5.356782401839043,0.7313218304335994,0.0,Banks—Regional,Financial Services,BY
2018Q2,2018,Q2,2018-08-13,2018-06-30,2768000.0,51615000.0,0.0,0.08,51615000.0,1.0,4805280000.0,616406000.0,3647279000.0,0.0,4188874000.0,0.0,71257000.0,706278496.82,1010014496.82,19.497280608147285,0.0,0.09498967802084374,0.740505446085859,0.0,19.497280608147285,0.00449054681492393,13.683589980044562,63.789604120303466,1.1458008144307485,0.07153179190751445,0.0,0.00028034267062000283,0.010741309559484567,0.0,0.0005760330303333,46.58521844337445,1.0,-0.6363636363636365,-0.16965306499563204,0.5372398960829071,0.0,0.18047296679169336,-0.5910165484633569,0.0,-0.16965306499563204,0.5372398960829071,0.0,Banks—Regional,Financial Services,BY
2018Q1,2018,Q1,2018-05-11,2018-03-31,6768000.0,43724000.0,0.0,0.22,43724000.0,1.0,3462372000.0,462936000.0,2537867000.0,0.0,2999436000.0,0.0,68687000.0,671646734.47,951405734.47,15.80462158931875,0.0,0.11778052733790592,0.8808993035754402,0.0,15.80462158931875,0.014619731453159831,15.361054214390267,24.809645924571512,1.4508414434608672,0.028516548463356974,0.0,0.00028735344057363325,0.012628336874258456,0.0,0.0019547293011842747,22.088556400499886,1.0,8.333333333333334,5.215736657553267,0.5311958315889487,0.0,-0.008615998548884455,9.835509138381202,0.0,5.215736657553267,0.5311958315889487,0.0,Banks—Regional,Financial Services,BY
2017Q4,2017,Q4,2018-03-30,2017-12-31,-766000.0,44104000.0,0.0,-0.03,44104000.0,1.0,3366130000.0,458578000.0,2480376000.0,0.0,2907552000.0,0.0,61349000.0,671801293.0,1002605293.0,15.679542105317145,0.0,0.11560842867031279,0.8486080884822211,0.0,15.679542105317145,-0.0016703810474990078,15.23220780428079,-219.25629667101825,1.4649662500163547,-0.2558746736292428,0.0,0.0002917529365338688,0.013102286602121725,0.0,-0.00022756102705480773,-63.287922091380125,1.0,-1.09375,-1.01010817622532,-0.012229562283556936,0.010762793416245978,0.05325500310455175,-1.0785238339313172,0.0,-1.01010817622532,-0.012229562283556936,0.010762793416245978,Banks—Regional,Financial Services,BY
2017Q3,2017,Q3,2017-11-14,2017-09-30,9755000.0,41874000.0,0.0,0.32,41874000.0,1.0,3305442000.0,459533000.0,2411805000.0,0.0,2845909000.0,0.0,62311000.0,621789094.0,821594094.0,15.712195138630078,0.0,0.07927563091411073,0.5702332585472643,0.0,15.712195138630078,0.021228072847869466,14.849049386254,15.935138236801642,1.3530891013267818,1.0964633521271143,0.0,0.01720197427586274,0.012668199895808186,0.0,0.00295119381916246,-227.51156019026712,1.0,0.28435207289293846,4.25726368585832,0.41803612025193393,0.0,-0.004469592506300224,0.5872111942726976,0.0,4.25726368585832,0.41803612025193393,0.0,Banks—Regional,Financial Services,BY
2017Q2,2017,Q2,2017-08-14,2017-06-30,6146000.0,42062000.0,0.0,0.24915286606671339,42062000.0,1.0,3360122000.0,447731000.0,2450212000.0,17712000.0,2912391000.0,0.0,52753000.0,494585119.35,677834119.35,18.15057954391729,138.33626919602528,0.07829180011916234,0.5875626213060967,0.0,18.15057954391729,0.013726992323515682,11.758478421140222,20.118171141799543,1.1046479233066282,0.03189066059225513,0.0,0.0003962917450035489,0.012517997858411093,53.73938572719061,0.0018291002529074838,57.36315464509395,1.0,0.11033162978993905,1.3629373317954634,0.6055424078173908,0.0,0.005137763758453414,-0.06310975609756098,0.0,1.3629373317954634,0.6055424078173908,0.0,Banks—Regional,Financial Services,BY
2017Q1,2017,Q1,2017-03-31,2017-03-31,6560000.0,41847000.0,0.0,0.224395,41847000.0,1.0,3284713000.0,389683000.0,2369490000.0,20043000.0,2895030000.0,0.0,57304000.0,569257595.0,740933595.0,13.725146960928997,118.22032629845832,0.07761500015374251,0.6542317730052376,0.0,13.725146960928997,0.016834196000338735,13.60330716658303,21.69426810213415,1.4608222452608917,0.0288109756097561,0.0,0.00033201138054205496,0.012739925832180771,42.106820336277,0.0019971303428944934,132.29318963513828,1.0,-0.9133961795374326,5.215599648795574,0.511880890000085,0.0,0.11120847606149924,-0.8973636861456622,0.0,5.215599648795574,0.511880890000085,0.0,Banks—Regional,Financial Services,BY
2016Q4,2016,Q4,2016-12-31,2016-12-31,63915000.0,37659000.0,0.0,2.591051974398631,37659000.0,1.0,3295830000.0,382658000.0,2353458000.0,23077000.0,2913172000.0,0.0,50933000.0,494585119.35,809343119.35,15.512583375098666,101.98284005719981,0.10962064184135711,0.9441616273539296,0.0,15.512583375098666,0.1670290442118027,13.133251529514858,1.934542436634593,1.292499096712992,0.0,0.0,0.0,0.011426256815430408,35.57329808900637,0.019392687122818834,-32.25204560482556,1.0,39.83998446501845,0.0,0.0,0.0,0.512045290291496,39.840255591054316,0.0,0.0,0.0,0.0,Banks—Regional,Financial Services,BY
2016Q3,2016,Q3,2016-09-30,2016-09-30,1565000.0,24906000.0,0.0,0.063444,24906000.0,1.0,,,,,,,,494585119.35,,,0.0,0.0,0.0,0.0,,0.0,19.858071121416526,79.00720756389777,0.0,0.0,0.0,0.0,0.0,0.0,0.0,-42.9887109387223,1.0,-0.39830428102653587,0.0,0.0,0.0,-0.04931674173601038,-0.39830834294502115,0.0,0.0,0.0,0.0,Banks—Regional,Financial Services,BY
2016Q2,2016,Q2,2016-06-30,2016-06-30,2601000.0,26198000.0,0.0,0.105442,26198000.0,1.0,,,,,,,,494585119.35,,,0.0,0.0,0.0,0.0,,0.0,18.878735756546302,47.53797763840831,0.0,0.0,0.0,0.0,0.0,0.0,0.0,91.43744118136439,1.0,2.9238081337006694,0.0,0.0,0.0,0.08940452428476381,2.923816568047337,0.0,0.0,0.0,0.0,Banks—Regional,Financial Services,BY
2016Q1,2016,Q1,2016-03-31,2016-03-31,-1352000.0,24048000.0,0.0,-0.054809,24048000.0,1.0,,,,,,,,494585119.35,,,0.0,0.0,0.0,0.0,,0.0,20.566580145958085,-91.45434899223373,0.0,0.0,0.0,0.0,0.0,0.0,0.0,-46.05933314863103,1.0,0.0,0.0,0.0,0.0,0.0,0.0,0.0,0.0,0.0,0.0,Banks—Regional,Financial Services,BY
