Quarters,Year,Quarter,FillingDate,Date,NetIncome,Revenue,OperatingIncome,EPSDiluted,GrossProfit,GrossProfitRatio,TotalAssets,CommonStockEquity,CurrentAssets,CurrentLiability,TotalLiability,Inventory,RetainedEarnings,MarketCap,EnterpriseValue,bookValuePerShare,currentRatio,debtToAssets,debtToEquity,roic,shareholdersEquityPerShare,roe,priceToSalesRatio,peRatio,pbRatio,payoutRatio,inventoryTurnover,dividendYield,assetTurnover,quickRatio,returnOnAssets,priceToFreeCashFlowsRatio,grossProfitMargin,epsdilutedGrowth,fiveYNetIncomeGrowthPerShare,fiveYRevenueGrowthPerShare,fiveYShareholdersEquityGrowthPerShare,grossProfitGrowth,netIncomeGrowth,operatingIncomeGrowth,threeYNetIncomeGrowthPerShare,threeYRevenueGrowthPerShare,threeYShareholdersEquityGrowthPerShare,Industry,Sector,Symbol
2023Q1,2023,Q1,2023-05-22,2023-03-31,-595064.0,0.0,-1217848.0,-0.0893,0.0,0.0,47887694.0,28862110.0,121645.0,11503698.0,19025584.0,0.0,-18804672.0,53817824.800000004,54937257.800000004,5.448734479510216,0.010574425719451257,0.024265148369850508,0.040260466057401904,-0.026628080734282397,5.448734479510216,-0.020617480842530223,0.0,-22.61009941787774,1.8646531663831922,0.0,0.0,0.0,0.0,0.0037004622339703286,-0.012426240444987809,-96.77585073403009,0.0,-0.13613231552162852,0.0,0.0,0.0,0.0,0.5947854841213851,0.557055015686865,0.0,0.0,0.0,Shell Companies,Financial Services,VCXAU
2022Q4,2022,Q4,2023-04-17,2022-12-31,-1468516.0,0.0,-2749434.0,-0.0786,0.0,0.0,47438296.0,29768566.0,173748.0,10337953.0,17669730.0,0.0,-17396715.0,184719466.22,185282791.22,1.59382832662237,0.01680680885277772,0.012648009110613923,0.02015548884685947,-0.06304146034188253,1.59382832662237,-0.049331096432391135,0.0,-31.446621320435053,6.205185235325074,0.0,0.0,0.0,0.0,0.003547607538939285,-0.030956339578470524,-260.01591492871785,0.0,-70.45454545454545,0.11813356195697867,0.0,5.953715262870773,0.0,-62.148398193936785,-0.5034572965772627,0.11813356195697867,0.0,5.953715262870773,Shell Companies,Financial Services,VCXAU
2022Q3,2022,Q3,2022-11-14,2022-09-30,-23255.0,0.0,-1828741.0,-0.0011,0.0,0.0,201441196.0,186783671.0,242754.0,7657525.0,14657525.0,0.0,-14315504.0,206550000.0,206402909.0,9.043024497700316,0.03170136565012847,0.0,0.0,-0.00024587795382062603,9.043024497700316,-0.00012450231797832048,0.0,-2220.4902171576005,1.105824716337222,0.0,0.0,0.0,0.0,0.019208686879899184,-0.00011544311919196508,-437.42614264476043,0.0,0.993529411764706,0.9235854853496404,0.0,36.126622232996,0.0,0.9932955524041016,0.5438116356232543,0.9235854853496404,0.0,36.126622232996,Shell Companies,Financial Services,VCXAU
2022Q2,2022,Q2,2022-08-15,2022-06-30,-3468593.0,0.0,-4008741.0,-0.17,0.0,0.0,201011061.0,187709669.0,715362.0,6301392.0,13301392.0,0.0,-12486763.0,204484500.0,203865215.0,9.0878561607359,0.11352444031414011,0.0,0.0,-0.01981335006175132,9.0878561607359,-0.018478499368085297,0.0,-14.738288695156797,1.0893658333604541,0.0,0.0,0.0,0.0,0.09827749170342046,-0.017255732011682682,-544.3788951332299,0.0,-0.8619934282584885,-102016.44117647057,0.0,14145.481950410733,0.0,-0.8392242430669706,-1.0811849555234136,-102016.44117647057,0.0,14145.481950410733,Shell Companies,Financial Services,VCXAU
2022Q1,2022,Q1,2022-05-16,2022-03-31,-1885900.0,0.0,-1926182.0,-0.0913,0.0,0.0,201179628.0,191448336.0,1154003.0,2731292.0,9731292.0,0.0,-8552397.0,209235150.00000003,208240236.00000003,9.268861583151779,0.42251176366349696,0.0,0.0,-0.009954790996366484,9.268861583151779,-0.009850699355255822,0.0,-27.736776870459728,1.092906600138849,0.0,0.0,0.0,0.0,0.3642649705707043,-0.009374209599393434,-575.2833316836584,0.0,-0.023542600896861037,0.0,0.0,0.0,0.0,-0.024080193097681037,-0.5548358818339518,0.0,0.0,0.0,Shell Companies,Financial Services,VCXAU
2021Q4,2021,Q4,2022-03-30,2021-12-31,-1841555.0,0.0,-1238833.0,-0.0892,0.0,0.0,1547801.0,-6645623.0,1542317.0,1193424.0,8193424.0,0.0,-6646356.0,215225100.0,213866478.0,-0.3217440329218107,1.2923462239740444,0.0,0.0,0.22288781761250429,-0.3217440329218107,0.2771079551157205,0.0,-29.21784850303141,-32.3859930062238,0.0,0.0,0.0,0.0,1.1384235611149096,-1.1897879636981756,-343.6903761948714,0.0,-5.068027210884353,0.0,0.0,0.0,0.0,-5.051237648976266,-3.0373250338118596,0.0,0.0,0.0,Shell Companies,Financial Services,VCXAU
2021Q3,2021,Q3,2021-11-15,2021-09-30,-304327.0,0.0,-306845.0,-0.0147,0.0,0.0,1897693.0,-5317439.0,1896434.0,215132.0,7215132.0,0.0,-5318272.0,206033625.0,204369958.0,-0.2574407649479545,8.815211126192292,0.0,0.0,0.057467666855980426,-0.2574407649479545,0.05723187421614052,0.0,-169.2534880243948,-38.74677734902083,,0.0,,0.0,7.733238197943588,-0.1603668243493547,0.0,0.0,0.0,0.0,0.0,0.0,0.0,-8949.79411764706,-9023.85294117647,0.0,0.0,0.0,Shell Companies,Financial Services,VCXAU
2021Q2,2021,Q2,2021-09-24,2021-06-30,-34.0,0.0,-34.0,0.0,0.0,0.0,155476.0,13269.0,1650.0,142207.0,142207.0,0.0,-11731.0,205310700.0,205392157.0,0.0006424110384894698,0.01160280436265444,0.523920090560601,6.138895169191348,-0.00035892996642949136,0.0006424110384894698,-0.0025623634034215087,0.0,-1509637.4999999998,15472.959529730952,,0.0,,0.0,0.01160280436265444,-0.00021868326944351538,0.0,0.0,0.0,0.0,0.0,0.0,0.0,0.0,0.0,0.0,0.0,0.0,Shell Companies,Financial Services,VCXAU
2021Q1,2021,Q1,2021-03-31,2021-03-31,,,,,,,118157.0,13303.0,0.0,104854.0,104854.0,0.0,-11697.0,0.0,29854.0,0.0,0.0,0.25266382863478254,2.24415545365707,,0.0,,0.0,0.0,0.0,0.0,0.0,,,0.0,,0.0,0.0,0.0,0.0,0.0,0.0,0.0,0.0,0.0,0.0,0.0,0.0,Shell Companies,Financial Services,VCXAU
