Quarters,Year,Quarter,FillingDate,Date,NetIncome,Revenue,OperatingIncome,EPSDiluted,GrossProfit,GrossProfitRatio,TotalAssets,CommonStockEquity,CurrentAssets,CurrentLiability,TotalLiability,Inventory,RetainedEarnings,MarketCap,EnterpriseValue,bookValuePerShare,currentRatio,debtToAssets,debtToEquity,roic,shareholdersEquityPerShare,roe,priceToSalesRatio,peRatio,pbRatio,payoutRatio,inventoryTurnover,dividendYield,assetTurnover,quickRatio,returnOnAssets,priceToFreeCashFlowsRatio,grossProfitMargin,epsdilutedGrowth,fiveYNetIncomeGrowthPerShare,fiveYRevenueGrowthPerShare,fiveYShareholdersEquityGrowthPerShare,grossProfitGrowth,netIncomeGrowth,operatingIncomeGrowth,threeYNetIncomeGrowthPerShare,threeYRevenueGrowthPerShare,threeYShareholdersEquityGrowthPerShare,Industry,Sector,Symbol
2024Q1,2024,Q1,2023-06-14,2023-04-30,-240000.0,12586000.0,289000.0,-0.0174,5417000.0,0.4303988559,33845000.0,22862000.0,23632000.0,9945000.0,10983000.0,14339000.0,-127875000.0,104934290.0,109020290.0,1.6579882515048228,2.376269482151835,0.14480720933668192,0.21437319569591462,-0.013197728072762562,1.6579882515048228,-0.010497769224039891,8.337382011759097,-109.30655208333333,4.589899833785321,0.0,0.4999651300648581,0.0,0.3718717683557394,0.8250377073906485,-0.007091150834687547,-34.4725,0.43039885587160337,-1.5386996904024768,0.9944439340983368,-0.7740002565166132,-0.9505617309507748,0.170990056204064,-1.5393258426966292,2.3076923076923075,0.9950604382491235,-0.7667069766591155,-0.922927506381854,Scientific & Technical Instruments,Technology,MINDP
2023Q4,2023,Q4,2023-05-01,2023-01-31,445000.0,12407000.0,-221000.0,0.0323,4626000.0,0.372854034,32858000.0,23052000.0,22233000.0,8662000.0,9806000.0,15318000.0,-127635000.0,114545040.0,115516040.0,1.6723737666860128,2.566728238282152,0.053229046198794816,0.07587194169703279,-0.004842017158401339,1.6723737666860128,0.019304181849731043,9.232291448375916,64.35114606741574,4.968984903695992,0.0,0.5079644862253558,0.0,0.3775944975348469,0.5507965827753406,0.013543124961957514,-162.47523404255318,0.37285403401305717,1.1345833333333333,1.007843101129372,-0.8362750600460956,-0.9521267421814803,2.0798934753661786,1.1343193480229399,0.9343434343434344,1.0164117102650478,-0.8720161761528015,-0.9338452498511772,Scientific & Technical Instruments,Technology,MINDP
2023Q3,2023,Q3,2022-12-14,2022-10-31,-3313000.0,4884000.0,-3366000.0,-0.24,1502000.0,0.3075348075,34258000.0,22255000.0,23155000.0,10333000.0,12003000.0,16837000.0,-128301000.0,98307061.2,99302061.2,1.614084711343197,2.2408787380238073,0.05274680366629692,0.08119523702538756,-0.13158670545890772,1.614084711343197,-0.148865423500337,20.12839090909091,-7.418281104738908,4.417302233206021,0.0,0.20086713785116114,0.0,0.14256524023585732,0.4556276008903513,-0.09670733843189912,-2808.773177142857,0.30753480753480755,-0.846153846153846,0.914234462474937,-0.9227553441638284,-0.9566275794957861,-0.5754663651780667,-0.8845278725824801,-1.1702127659574468,0.7766628187032258,-0.9373813368613085,-0.9392441406216283,Scientific & Technical Instruments,Technology,MINDP
2023Q2,2023,Q2,2022-09-13,2022-07-31,-1758000.0,8713000.0,-1551000.0,-0.13,3538000.0,0.4060599105,35571000.0,25661000.0,23875000.0,8319000.0,9910000.0,14422000.0,-123142000.0,108602160.0,109770160.0,1.8619213466840807,2.8699362904195214,0.05625368980349161,0.0779782549394022,-0.05649734558672103,1.8619213466840807,-0.06850863177584661,12.464381957993803,-15.443993174061434,4.232187366041853,-0.5386803185437997,0.35882679240049925,0.008719900230345327,0.2449467262657783,0.900348599591297,-0.049422282196171036,123.1317006802721,0.4060599104785952,0.35000000000000003,0.9551743417069309,-0.8900246653260101,-0.9530009473275929,0.07570690179385832,0.3732620320855615,0.3735864297253635,0.9233275411084112,-0.866071844624932,-0.9325239116898396,Scientific & Technical Instruments,Technology,MINDP
2023Q1,2023,Q1,2022-06-09,2022-04-30,-2805000.0,9087000.0,-2476000.0,-0.2,3289000.0,0.3619456366,37782000.0,27129000.0,26018000.0,9617000.0,10653000.0,14243000.0,-121222000.0,213100627.5,213814627.5,1.9694373865698729,2.7054174898617034,0.040521941665343286,0.0564340742379004,-0.08868211374986092,1.9694373865698729,-0.10339489107597036,23.451153020798944,-18.992925802139037,7.855085978104611,-0.33761140819964347,0.40707716071052447,0.004443909955168949,0.24051135461330791,1.0620775709680774,-0.07424170239796729,-58.721583769633504,0.36194563662374823,0.9253731343283581,0.8559700317689481,-0.9325407175109975,-0.9526622571200674,37.694117647058825,0.44565217391304346,0.588225511391984,0.8410600971694604,-0.8738483357898161,-0.9311542790669481,Scientific & Technical Instruments,Technology,MINDP
2022Q4,2022,Q4,2022-04-29,2022-01-31,-5060000.0,3759000.0,-6013000.0,-2.68,85000.0,0.0226123969,42020000.0,30263000.0,29245000.0,10699000.0,11757000.0,14006000.0,-117856000.0,33929802.0,30650802.0,16.054735597926566,2.733433031124404,0.04366968110423608,0.060635098965733734,-0.17210034474053618,16.054735597926566,-0.1672008723523775,9.02628411811652,-1.6763736166007905,1.1211645243366488,-0.1359683794466403,0.2623161502213337,0.020277159294946667,0.08945740123750595,1.237498831666511,-0.12041884816753927,-5.1401002878351765,0.02261239691407289,-12.399999999999999,0.486502942967323,-0.7004303474657316,-0.6260687984975041,-0.973186119873817,-0.9627618308766486,-1.9288845591816854,-0.21780986762936208,-0.6950843608046723,-0.46605384805391864,Scientific & Technical Instruments,Technology,MINDP
2022Q3,2022,Q3,2021-12-10,2021-10-31,-2578000.0,8347000.0,-2053000.0,-0.2,3170000.0,0.3797771654486642,35303000.0,24860000.0,23343000.0,9129000.0,10443000.0,11498000.0,-111046000.0,46615777.97,47417777.97,13.188405873986532,2.5570161025303975,0.04033651531031357,0.057280772325020116,-0.07625825975841412,13.188405873986532,-0.10370072405470636,5.584734391997125,-4.520537041311094,1.875131857200322,-0.26454615981380913,0.4502522177770047,0.014630239581948137,0.23643882956122708,1.1063643334428743,-0.0730249553862278,-11.200331083613648,0.3797771654486642,0.8582715037593985,0.6482946793997271,0.035993545984857975,-0.725843093142769,0.42535971223021585,0.030827067669172932,0.2100808003078107,0.5033712194182238,-0.430277796737424,-0.5874132837653931,Scientific & Technical Instruments,Technology,MINDP
2022Q2,2022,Q2,2021-09-09,2021-07-31,-2660000.0,6807000.0,-2599000.0,-1.4111488183750673,2224000.0,0.3267224915528133,36049000.0,27318000.0,23586000.0,7532000.0,8731000.0,11928000.0,-107780000.0,47426323.24,46938323.24,14.492392263297027,3.1314391927774827,0.04349635218730062,0.05739805256607365,-0.09195565074813017,14.492392263297027,-0.09737169631744637,6.967287092698693,-4.457361206766918,1.7360832872098981,-0.21954887218045113,0.3842219986586184,0.012313836707194846,0.1888263197314766,0.9500796601168349,-0.07378845460345641,-10.803262697038726,0.3267224915528133,0.3323293172690764,0.7207642242284275,-0.21424448805263774,-0.723854194044033,3.095764272559853,0.33232931726907633,0.4577508867097851,0.42035301808672915,-0.1847904191616767,-0.5443506688461154,Scientific & Technical Instruments,Technology,MINDP
2022Q1,2022,Q1,2021-06-03,2021-04-30,-3984000.0,4194000.0,-4793000.0,-2.1135401851151387,543000.0,0.12947067238912732,35521000.0,26568000.0,23460000.0,8282000.0,8953000.0,12169000.0,-104438000.0,45239736.0,44376736.0,14.094511957364208,2.8326491185703935,0.032037386334844174,0.04283348389039446,-0.15990489085656892,14.094511957364208,-0.14995483288166214,10.78677539341917,-2.8388388554216863,1.7027904245709122,-0.14457831325301204,0.30002465280631113,0.012732169789850234,0.11807100025337125,0.6822023665781213,-0.11215900453253005,-16.070954174067495,0.12947067238912732,-0.14812680115273782,0.3816545087692068,-0.6424857215923621,-0.7376440498879201,-0.7857142857142857,-0.14812680115273774,-0.37413990825688076,0.32531752751905163,-0.449100223302246,-0.5797266514806377,Scientific & Technical Instruments,Technology,MINDP
2021Q4,2021,Q4,2021-04-16,2021-01-31,-3470000.0,6401000.0,-3488000.0,-1.8408595487825128,2534000.0,0.3958756444305577,39763000.0,30416000.0,26791000.0,7836000.0,9347000.0,11453000.0,-99870000.0,43335897.11,41045897.11,16.13590318033686,3.4189637570188873,0.058370847270075195,0.07630852183061547,-0.1252414158060423,16.13590318033686,-0.11408469226722777,6.770176083424465,-3.1221827889048988,1.4247730506970016,-0.1610951008645533,0.3376407928053785,0.012899236828560028,0.1609787993863642,1.194231750893313,-0.08726705731458893,-22.23493951257055,0.3958756444305577,-919.4297743912564,0.8707057157761383,-0.44056983044922216,-0.710425849938593,0.11433597185576078,-965.5738161559889,-0.5345358556973163,0.552777419770589,-0.3823217215092155,-0.5380947318865891,Scientific & Technical Instruments,Technology,MINDP
2021Q3,2021,Q3,2020-12-04,2020-10-31,-3590.0,6541000.0,-2273000.0,-0.002,2274000.0,0.3476532640269072,38656000.0,30954000.0,26871000.0,6218000.0,9839000.0,11880000.0,0.0,33462324.727999996,32161324.727999996,16.421315986459337,4.321486008362817,0.03525972682119205,0.04403308134651418,-0.06423460495587159,16.421315986459337,-0.00011597854881436972,5.115781184528359,-2330.2454545961,1.0810339448213477,0.0,0.3591750841750842,0.0,0.16921047185430463,1.3304921196526214,-9.287044701986754e-05,-16.73953213006503,0.3476532640269072,0.9994291371895822,0.9993824187166696,-0.5828709903705122,-0.7681799799290027,0.12741695587506197,0.9994563900666262,0.06306677658697445,0.9993202045067222,-0.24329014345210545,-0.5587392550143266,Scientific & Technical Instruments,Technology,MINDP
2021Q2,2021,Q2,2020-09-15,2020-07-31,-6604000.0,5086000.0,-2426000.0,-3.503468720507122,2017000.0,0.396578843885175,43492000.0,33688000.0,28682000.0,6120000.0,9804000.0,13309000.0,-91674000.0,32421810.799999997,33026810.799999997,17.87172232835311,4.686601307189543,0.0369493240136117,0.04770244597482783,-0.05133898350978852,17.87172232835311,-0.1960341961529328,6.374717027133307,-1.2273550423985464,0.9624142365233912,-0.08464566929133858,0.23059583740326095,0.017241479923755524,0.11694104662926515,1.156372549019608,-0.1518440172905362,-8.68751629153269,0.396578843885175,-4.938082577130716,-0.12927496580027353,-0.3267143235371988,-0.757971118614843,-0.07857469164001828,0.0057211683227943394,0.6074433656957928,-0.23117076808351977,-0.5306386120339609,-0.548877818844073,Scientific & Technical Instruments,Technology,MINDP
2021Q1,2021,Q1,2020-06-11,2020-04-30,-6642000.0,7375000.0,-6180000.0,-0.59,2189000.0,0.2968135593220339,51203000.0,40550000.0,28999000.0,8551000.0,10653000.0,13783000.0,-84511000.0,29311578.950000003,26563578.950000003,21.51206187410112,3.391299263244065,0.019354334706950766,0.024438964241676943,-0.1541685110085001,21.51206187410112,-0.16379778051787916,3.9744513830508477,-1.1032662959199036,0.7228502823674476,-0.08416139716952725,0.3762606108974824,0.01907096171630836,0.14403452922680313,1.485323353993685,-0.12971896177958323,38.87477314323608,0.2968135593220339,0.70006917206041,-27.025316455696203,-0.5697701551744254,-0.7283154890321197,-0.6319152513872541,-0.7912621359223301,-1.110655737704918,-1.4923076923076923,-0.5999023490479033,-0.4829323030233477,Scientific & Technical Instruments,Technology,MINDP
2020Q4,2020,Q4,2020-04-28,2020-01-31,-3708000.0,13257000.0,-2928000.0,-1.9671202325318609,5947000.0,0.4485931960473712,58228000.0,47652000.0,30627000.0,8448000.0,10576000.0,13261000.0,-77310000.0,46333029.62,45543029.62,25.279723117747636,3.6253551136363638,0.0,0.0,-0.07261915642157132,25.279723117747636,-0.07781415260639638,3.4949860164441424,-3.123855826591154,0.9723207760429782,-0.15048543689320387,0.55124047960184,0.012043244410659803,0.2276739712852923,1.7768702651515151,-0.0636807034416432,-16.984248394428153,0.4485931960473712,-0.8284023668639051,0.5962983124659772,-0.11401456927086807,-0.6746726381473845,0.4680325845470254,-0.8284023668639053,-0.5178849144634525,0.6237061091942359,0.05650302837105518,-0.4112094103691988,Scientific & Technical Instruments,Technology,MINDP
2020Q3,2020,Q3,2019-12-05,2019-10-31,-2028000.0,10663000.0,-1929000.0,-1.0758683472423447,4051000.0,0.3799118446966145,62496000.0,50078000.0,32826000.0,9299000.0,12418000.0,13559000.0,-73044000.0,44674239.3,42479239.3,26.566733280671663,3.5300569953758467,0.0,0.0,-0.037839281510855194,26.566733280671663,-0.040496824953073204,4.18965012660602,-5.507179400887574,0.8920931207316586,-0.257396449704142,0.48764658160631313,0.011684586199546099,0.1706189196108551,1.8923540165609205,-0.03245007680491552,-16.104628442682046,0.3799118446966145,0.3533163265306122,-4.10831234256927,-0.5344887802322535,-0.6897139281133631,0.40562109646079114,0.35331632653061223,0.37001959503592424,0.7233287858117325,0.3234454511604817,-0.4477381503782616,Scientific & Technical Instruments,Technology,MINDP
2020Q2,2020,Q2,2019-09-05,2019-07-31,-3136000.0,8898000.0,-3062000.0,-1.6636701858737637,2882000.0,0.32389300966509327,63047000.0,52014000.0,34726000.0,7929000.0,11033000.0,13115000.0,-70494000.0,44108742.599999994,39357742.599999994,27.593794977052916,4.3796191196872245,0.0,0.0,-0.056794196648931185,27.593794977052916,-0.06029145999154074,4.957152461227241,-3.5163219547193876,0.8480167378013611,-0.1591198979591837,0.45871139916126574,0.011312950009143993,0.14113280568464795,2.287552024214907,-0.04974066965914318,-21.114764289133554,0.32389300966509327,-0.29855072463768123,0.06304152972811479,-0.5447429009976976,-0.6963413139044083,-0.22961774926490244,-0.2985507246376812,-0.24674267100977199,0.6707957169850934,0.027126861364423414,-0.47421304813699133,Scientific & Technical Instruments,Technology,MINDP
2020Q1,2020,Q1,2019-06-06,2019-04-30,-2415000.0,9857000.0,-2456000.0,-1.2811745851036795,3741000.0,0.3795272395252105,64333000.0,53923000.0,34146000.0,7108000.0,10410000.0,11243000.0,-66859000.0,45616545.3011,40644545.3011,28.606532982420585,4.803882948790096,0.0,0.0,-0.04414066930353888,28.606532982420585,-0.04478608386031934,4.62783253536573,-4.722209658498965,0.8459571110861784,-0.19503105590062111,0.5439829227074624,0.010325201018426143,0.15321841045808526,2.8522791221159256,-0.03753905460650055,-20.575798511998197,0.3795272395252105,0.4187725631768954,-1.6462402997056462,-0.6169361106793099,-0.6895964172024937,0.09674582233948989,0.4187725631768953,0.026555687673404677,0.625174608101816,-0.15974767709487675,-0.4675165651199305,Scientific & Technical Instruments,Technology,MINDP
2019Q4,2019,Q4,2019-04-05,2019-01-31,-4155000.0,12328000.0,-2523000.0,-2.2042568948678216,3411000.0,0.2766872160934458,65301000.0,56678000.0,36342000.0,7428000.0,8623000.0,10774000.0,-63973000.0,42318003.05,32929003.049999997,30.06807997288048,4.892568659127625,0.0,0.0,-0.044290774198101554,30.06807997288048,-0.07330886763823706,3.4326738359831275,-2.546209569795427,0.746638961325382,-0.11143200962695547,0.8276406162984964,0.010940969956756974,0.1887873080044716,2.8905492730210014,-0.06362842835484908,20.228490941682598,0.2766872160934458,0.19957618955885179,-3.3316498316498318,-0.4786653698143528,-0.6674762977565005,-0.347052067381317,0.19957618955885187,-6.229226361031519,0.8451822043371339,0.07743401503233702,-0.4603996686881765,Scientific & Technical Instruments,Technology,MINDP
2019Q3,2019,Q3,2018-12-06,2018-10-31,-5191000.0,14651000.0,-349000.0,-2.7538622241296897,5224000.0,0.35656269196641865,68539000.0,60254000.0,36341000.0,8285000.0,8285000.0,11679000.0,-59355000.0,43260874.5478,37854874.5478,31.965173271568162,4.386360893180447,0.0,0.0,-0.005527028105529728,31.965173271568162,-0.08615195671656653,2.9527591664596273,-2.083455718926989,0.7179751476715239,-0.08649585821614332,0.8071752718554671,0.010378893276969909,0.21376150804651367,2.7575135787567895,-0.07573790104903777,-17.96547946337209,0.35656269196641865,-0.13118326432774022,-0.9752663622526634,-0.27738594327990135,-0.6526646490848825,1.8086021505376344,-0.13118326432774025,0.9237325174825175,0.10700154825391374,-0.06568458644219129,-0.5487470604975809,Scientific & Technical Instruments,Technology,MINDP
2019Q2,2019,Q2,2018-09-07,2018-07-31,-4589000.0,8350000.0,-4576000.0,-2.43449696523428,1860000.0,0.22275449101796407,68114000.0,59954000.0,32432000.0,8160000.0,8160000.0,11855000.0,-53715000.0,44579989.849999994,37693989.849999994,31.806021149195036,3.9745098039215687,0.0,0.0,-0.07776560016320386,31.806021149195036,-0.07654201554525136,5.33892094011976,-2.4286331363042057,0.7435699010908362,-0.08956199607757681,0.5474483340362716,0.009219382987365127,0.12258860146225446,2.2529411764705882,-0.06737234636051326,-11.136644978765924,0.22275449101796407,0.22286198137171892,-5.621933621933621,-0.600382866714525,-0.6575172658048521,0.4939759036144578,0.2228619813717189,0.17875089734386218,0.2152872777017784,0.10537463595446125,-0.5692650334075724,Scientific & Technical Instruments,Technology,MINDP
2019Q1,2019,Q1,2018-06-07,2018-04-30,-5905000.0,7613000.0,-5572000.0,-3.1326442753777344,1245000.0,0.16353605674504137,72724000.0,63216000.0,34743000.0,9403000.0,9508000.0,11432000.0,-48715000.0,43354747.0,34741747.0,33.53653522646551,3.6948846112942677,0.0,0.0,-0.09518652922218167,33.53653522646551,-0.09340989622880283,5.694830815709969,-1.835510033869602,0.6858192071627437,-0.06519898391193904,0.5570328901329601,0.008880227117920905,0.10468346075573401,2.22758694033819,-0.08119740388317474,-11.816502316707549,0.16353605674504137,0.23894831808222708,-1.9362612969716189,-0.7210435674764574,-0.6485930603577663,-0.09190371991247265,0.23894831808222708,0.2720146328717011,-23.915611814345993,-0.5558861276397153,-0.5764535623835878,Scientific & Technical Instruments,Technology,MINDP
2018Q4,2018,Q4,2018-04-13,2018-01-31,-7759000.0,10363000.0,-7654000.0,-4.116204391643665,1371000.0,0.132297597220882,73679000.0,65849000.0,33046000.0,7523000.0,7830000.0,10856000.0,-42425000.0,43004139.046000004,33102139.046000004,34.933360353827,4.3926625016615715,0.0,0.0,-0.112438879589243,34.933360353827,-0.1178301872465793,4.149776999517514,-1.3856211833354815,0.6530720139409862,-0.03544271168965073,0.8282977155490051,0.006394733300109608,0.1406506602966924,2.7111524657716335,-0.10530816107710474,-19.781112716651336,0.132297597220882,-0.46922931263018364,-3.2720351390922398,-0.6351184817436005,-0.6265221509474628,0.5216426193118757,-0.4692293126301837,-0.5969121635718756,0.1552531301034295,-0.3074249816213326,-0.5504389857585646,Scientific & Technical Instruments,Technology,MINDP
2018Q3,2018,Q3,2017-12-07,2017-10-31,-5281000.0,8644000.0,-4793000.0,-2.8016078608416284,901000.0,0.10423415085608514,76797000.0,70149000.0,33010000.0,6352000.0,6648000.0,11940000.0,-34391000.0,42977749.2,36436749.2,37.2145407745085,5.196788413098237,0.0,0.0,-0.07685400698355278,37.2145407745085,-0.0752826127243439,4.971974687644609,-2.0345459761408824,0.6126637471667451,-0.04336299943192577,0.6484924623115578,0.005328338599919049,0.1125564800708361,2.9448992443324937,-0.06876570699376278,-20.017582300884957,0.10423415085608514,0.015473527218493578,-3.3216039279869065,-0.5345932267269693,-0.5922612819976285,0.45792880258899676,0.015473527218493661,0.03600160901045857,-12.302267002518894,-0.6226316249017725,-0.565352896346186,Scientific & Technical Instruments,Technology,MINDP
2018Q2,2018,Q2,2017-09-08,2017-07-31,-5364000.0,10836000.0,-4972000.0,-2.845639948031527,618000.0,0.05703211517165006,81594000.0,74676000.0,33990000.0,6643000.0,6918000.0,12465000.0,-28881000.0,43487261.7267,36571261.7267,39.616146301118995,5.116664157760048,0.0,0.0,-0.07132819773031239,39.616146301118995,-0.07183030692591998,4.0132209050110745,-2.0268112288730427,0.5823458906034068,-0.03859060402684564,0.8197352587244284,0.004760014583141886,0.1328038826384293,2.9135932560590097,-0.0657401279505846,15.54226652133667,0.05703211517165006,-1.0127579737335832,-1.837863167760075,-0.5305025996533795,-0.5664170005225571,-0.8065122103944896,-1.0127579737335834,-1.1721275666229796,-0.6026292201971913,-0.4455871066768995,-0.5640401422141269,Scientific & Technical Instruments,Technology,MINDP
2018Q1,2018,Q1,2017-06-08,2017-04-30,-2665000.0,18433000.0,-2289000.0,-1.413801353747953,3194000.0,0.17327618944284706,85750000.0,78423000.0,33945000.0,7031000.0,7327000.0,13488000.0,-23310000.0,43373596.89,41320596.89,41.603956309559365,4.8279049921774995,0.0,0.0,-0.031931716900434295,41.603956309559365,-0.03398237761881081,2.353040573428091,-4.068817719512195,0.5530724008262883,-0.07279549718574109,1.1298190984578884,0.00447276716505676,0.21496209912536443,2.571611435073247,-0.03107871720116618,46.839737462203026,0.17327618944284706,0.7295514511873351,-1.3151608325449387,-0.46773122347030116,-0.5284131909366431,2.1967028849756463,0.7295514511873351,0.7430976430976431,-1.7131388814557131,-0.2836545935022539,-0.5485640603503359,Scientific & Technical Instruments,Technology,MINDP
2017Q4,2017,Q4,2017-05-31,2017-01-31,-9854000.0,12548000.0,-8910000.0,-5.227616712882675,-2669000.0,-0.21270321963659547,94714000.0,80932000.0,35059000.0,13465000.0,13782000.0,11960000.0,-20451000.0,25682933.689171802,29151933.689171802,42.93499855967329,2.6037133308577793,0.0672656629431763,0.07872040725547373,-0.11767879314545894,42.93499855967329,-0.12175653635150496,2.046775078831033,-0.6515865052052923,0.31733966402871305,-0.01948447331033083,1.272324414715719,0.00747578147900406,0.13248305424752413,1.391162272558485,-0.10403952953100915,-35.13397221500931,-0.21270321963659547,-0.34433833560709415,-1.9694048204623709,-0.6611762164497489,-0.47931597977276535,-0.24894712213383247,-0.34433833560709415,-0.15205585725368503,-6.529741863075197,-0.469361864084239,-0.5251807002722239,Scientific & Technical Instruments,Technology,MINDP
2017Q3,2017,Q3,2016-12-08,2016-10-31,-7330000.0,8057000.0,-7734000.0,-3.888616856650092,-2137000.0,-0.2652351992056597,104342000.0,90678000.0,30509000.0,13664000.0,13664000.0,12521000.0,-10405000.0,25780887.40174279,31224887.40174279,48.10532050850164,2.2328015222482436,0.08314964252170746,0.09567921656851718,-0.07549460171613093,48.10532050850164,-0.08083548379981914,3.1998122628450774,-0.879293567590136,0.2843124837528705,-0.02455661664392906,0.8141522242632377,0.006981916378403327,0.07721722796189454,1.0629391100702577,-0.07024975561135496,47.56621291834463,-0.2652351992056597,0.23052697879487707,-2.0838385331953275,-0.7124553890078514,-0.3656263773165152,0.04683318465655665,0.23052697879487719,0.0698737221888154,-1.789193302891933,-0.6026140567200986,-0.47728491137051443,Scientific & Technical Instruments,Technology,MINDP
2017Q2,2017,Q2,2016-07-31,2016-07-31,-9526000.0,8663000.0,-8315000.0,-5.053610392421388,-2242000.0,-0.25880180076186077,113851000.0,98926000.0,32634000.0,8663000.0,14925000.0,13091000.0,-2895000.0,44843888.309999995,50829888.309999995,52.480942859613506,3.7670552926238026,0.08328429262808408,0.09584942280088146,-0.08037108674002183,52.480942859613506,-0.09629419970482987,5.1764848562853505,-1.1768813854188538,0.45330740462567976,0.0,0.8330150485066076,0.0,0.07609067992376001,1.9171187810227404,-0.08367076266348121,35.08911448356807,-0.25880180076186077,-0.4785038025764395,-8.327692307692308,-0.5928658708525237,-0.2844205257294967,-5.1256830601092895,-0.47850380257643954,-0.31337861317327437,-12.746031746031747,-0.5854032065087341,-0.43489263497032393,Scientific & Technical Instruments,Technology,MINDP
2017Q1,2017,Q1,2016-04-30,2016-04-30,-6443000.0,11731000.0,-6331000.0,-3.4180570815002103,-366000.0,-0.031199386241582132,126500000.0,101267000.0,37028000.0,10717000.0,25233000.0,13016000.0,6745000.0,46163380.61,61538380.61,53.72285992119848,3.4550713819165813,0.14019762845849804,0.1751310891010892,-0.055789822214560116,53.72285992119848,-0.06362388537233254,3.9351615898047907,-1.7912222803818096,0.45585808417352147,0.0,0.9293945912722803,0.0,0.09273517786561265,1.9126621255948493,-0.05093280632411067,40.28218203315881,-0.031199386241582132,0.7599299500707951,-2.0574429673395698,-0.5573541619500415,-0.02671869443616834,0.6415279138099902,0.7599299500707951,0.4255512203974231,-2.0215633423180592,-0.5701513319409329,-0.43707405472111355,Scientific & Technical Instruments,Technology,MINDP
2016Q4,2016,Q4,2016-01-31,2016-01-31,-26838000.0,11442000.0,-11021000.0,-14.237748867500022,-1021000.0,-0.08923265163432967,134759000.0,105037000.0,40696000.0,12456000.0,29722000.0,12944000.0,13188000.0,46163380.61,62878380.61,55.72287159235412,3.2671804752729607,0.15200468985373888,0.195016994011634,-0.19373766166624742,55.72287159235412,-0.25550996315584035,4.034555201013808,-0.43001882228556526,0.43949637375401046,0.0,0.9628399258343634,0.0,0.08490713050705333,1.8901734104046244,-0.19915552950081256,46.44203280684105,-0.08923265163432967,-3.6168931704799583,-16.301026225769668,-0.420217887002787,0.10897957028981682,-1.59257109692397,-3.6168931704799587,-0.843593174974908,-8.858857979502195,-0.5971268617302208,-0.40425833602740585,Scientific & Technical Instruments,Technology,MINDP
2016Q3,2016,Q3,2015-10-31,2015-10-31,-5813000.0,15681000.0,-5978000.0,-3.083837624516642,1723000.0,0.10987819654358778,153425000.0,133526000.0,45553000.0,10708000.0,19899000.0,11766000.0,40026000.0,46163380.61,54006380.61,70.83648763998092,4.2541090773253645,0.08087990875020368,0.09293321150936897,-0.03630438969352995,70.83648763998092,-0.043534592513817534,2.943905402078949,-1.985350963788061,0.3457257808217126,0.0,1.186299507054224,0.0,0.1022062897181033,2.6115988046320506,-0.03788821899951116,23.807829092315625,0.10987819654358778,0.005984952120383017,-8.995873452544705,-0.21489010163721015,0.45942814672321064,1.6604062859333077,0.005984952120383037,0.3209904588823262,-3.7569558101472995,-0.1557099014698756,-0.22388458766362096,Scientific & Technical Instruments,Technology,MINDP
2016Q2,2016,Q2,2015-07-31,2015-07-31,-5848000.0,7554000.0,-8804000.0,-3.10240537212684,-2609000.0,-0.3453799311622981,159710000.0,139190000.0,45573000.0,9363000.0,20520000.0,14477000.0,45839000.0,46163380.61,57637380.61,73.84127971038558,4.867350208266581,0.08937449126541858,0.10255047057978303,-0.03880751968340486,73.84127971038558,-0.042014512536820176,6.111117369605507,-1.9734687333276333,0.3316573073496659,0.0,0.7020100849623541,0.0,0.047298228038319456,2.573320516928335,-0.03661636716548745,13.871208115985576,-0.3453799311622981,-23.675105485232066,-39.054794520547944,-0.501550643352029,0.5543792645203077,-1.5701486013986015,-23.675105485232066,-8.199582027168233,-1.9134645423305217,-0.6727036395147313,-0.19183649770655523,Scientific & Technical Instruments,Technology,MINDP
2016Q1,2016,Q1,2015-06-03,2015-04-30,-237000.0,17142000.0,-957000.0,-0.12573017667477104,4576000.0,0.2669466806673667,178317000.0,149254000.0,56858000.0,11707000.0,29063000.0,12508000.0,51687000.0,46163380.61,60511380.61,79.18030290892945,4.8567523703766975,0.11538439969268213,0.13785225186594663,-0.003406923362647734,79.18030290892945,-0.0015878971417851448,2.6929985188426087,-48.695549166666666,0.3092940933576319,0.0,1.0046370322993283,0.0,0.09613216911455441,3.1753651661399163,-0.0013290936926933495,7.354370019117413,0.2669466806673667,0.9741970604246054,-1.0989974937343356,0.03890909090909084,0.6675679299249198,1.5897000565930957,0.9741970604246053,0.8759559300064809,-1.0280274361400188,-0.50500996217262,-0.10247991533169763,Scientific & Technical Instruments,Technology,MINDP
2015Q4,2015,Q4,2015-01-31,2015-01-31,-9185000.0,14963000.0,-7715000.0,-4.872707479990599,1767000.0,0.11809129185323798,179611000.0,146474000.0,54149000.0,10000000.0,33137000.0,11451000.0,51924000.0,46163380.61,67343380.61,77.70549324160513,5.4149,0.14673377465745416,0.1799295438098229,-0.038430387081019785,77.70549324160513,-0.06270737468765787,3.085168790349529,-1.2564883127381599,0.3151643336701394,0.0,1.1523884376910314,0.0,0.08330781522289837,3.2507,-0.05113829331165686,10.949568455882353,0.11809129185323798,-22.1360201511335,-16.727739726027398,-0.13807603686635955,0.724136307456889,-0.7478236049664622,-22.1360201511335,-40.7680412371134,-1.9035907525823905,-0.5959658692012745,-0.05764504548554368,Scientific & Technical Instruments,Technology,MINDP
2015Q3,2015,Q3,2014-10-31,2014-10-31,-397000.0,22906000.0,194000.0,-0.21061130860710592,7007000.0,0.30590238365493755,207228000.0,161393000.0,66740000.0,13694000.0,45835000.0,11158000.0,61109000.0,46163380.61,71656380.61,85.62012828722078,4.873667299547247,0.16678248113189337,0.21414807333651398,0.001155997700552498,85.62012828722078,-0.0024598340696312727,2.0153401121976775,-29.070138923173804,0.2860308725285483,0.0,1.4248969349345761,0.0,0.1105352558534561,3.128158317511319,-0.001915764278958442,-11.185699202810758,0.30590238365493755,0.8813863161039737,-1.3869395711500976,0.5764624913971095,0.9273107236684979,1.1646586345381527,0.8813863161039737,1.0485485485485486,-1.0587017595741535,-0.18251249107780157,0.1290882252118007,Scientific & Technical Instruments,Technology,MINDP
2015Q2,2015,Q2,2014-07-31,2014-07-31,-3347000.0,19545000.0,-3996000.0,-1.7756071786095304,3237000.0,0.16561780506523407,209192000.0,171291000.0,60785000.0,12779000.0,37901000.0,11728000.0,61506000.0,46163380.61,61880380.61,90.87108731138484,4.7566319743328895,0.1201958009866534,0.14679113321774057,-0.01692436130400223,90.87108731138484,-0.01953984739420051,2.361902308007163,-3.448116269046907,0.26950266277854645,0.0,1.390518417462483,0.0,0.09343091514015832,3.1182408639173644,-0.015999655818578148,123.43149895721925,0.16561780506523407,-1.8956382124698956,-2.313861386138614,0.5417685572296286,1.0908780196037742,-0.7120875211242551,-1.8956382124698956,-1.837384744341995,-3.574615384615385,-0.08144562458877717,0.23903042402673486,Scientific & Technical Instruments,Technology,MINDP
2015Q1,2015,Q1,2014-04-30,2014-04-30,3737000.0,25732000.0,4772000.0,1.9825049376945967,11243000.0,0.4369267837711798,195049000.0,173719000.0,56534000.0,6203000.0,21330000.0,8302000.0,64853000.0,46163380.61,49660380.61,92.15915848845802,9.11397710785104,0.07781634358545801,0.08737098417559391,0.01948117117572373,92.15915848845802,0.021511751737000557,1.7940067079900512,3.088264691597538,0.2657359333751633,0.0,1.745242110334859,0.0,0.13192582376736103,6.783653071094632,0.019159288178867875,9.53394890747625,0.4369267837711798,1.0970819304152637,47.7125,1.4264026402640264,1.2002279779621303,0.3769748928352725,1.0970819304152637,1.0747826086956522,-0.3866732315772198,-0.02905441098784994,0.66962045998443,Scientific & Technical Instruments,Technology,MINDP
2014Q4,2014,Q4,2014-01-31,2014-01-31,1782000.0,23647000.0,2300000.0,0.9453636068963798,8165000.0,0.3452869285744492,205419000.0,170448000.0,62160000.0,12438000.0,34971000.0,8338000.0,61116000.0,46163380.61,53201380.61,90.42386984751636,4.997588036661843,0.10807179472200722,0.13024500140805406,0.00976368592622204,90.42386984751636,0.010454801464376232,1.952187618302533,6.476344081088664,0.2708355663310804,0.0,1.85680019189254,0.0,0.11511593377438309,3.67269657501206,0.008674952170928688,-1.6621675947863033,0.3452869285744492,1.678082191780822,3.2327790973871733,0.4565445026178011,1.210080002074608,0.6484958610942863,1.678082191780822,1.901253918495298,0.01596351197263395,0.19822650114010637,0.799588238399409,Scientific & Technical Instruments,Technology,MINDP
2014Q3,2014,Q3,2013-10-31,2013-10-31,-2628000.0,20275000.0,-2552000.0,-1.3941725919886006,4953000.0,0.24429099876695437,188572000.0,173475000.0,67731000.0,11581000.0,15097000.0,8490000.0,59334000.0,46163380.61,25204380.61,92.02971476226121,5.848458682324497,0.017234796258193158,0.018734687995388386,-0.01221818197717522,92.02971476226121,-0.015149156939040207,2.2768621755856966,-4.391493589231354,0.266109702320219,0.0,1.804711425206125,0.0,0.10751861357995884,4.347465676539159,-0.013936321405086652,-16.504605151948518,0.24429099876695437,-2.7922077922077926,-1.958774170010945,0.3936623590871597,1.2286672319432668,0.15186046511627907,-2.792207792207792,-0.20037629350893696,-4.614855570839065,0.015120412556951885,0.896067415730337,Scientific & Technical Instruments,Technology,MINDP
2014Q2,2014,Q2,2013-07-31,2013-07-31,-693000.0,20895000.0,-2126000.0,-0.36764140268192547,4300000.0,0.20579085905719072,183721000.0,175057000.0,65092000.0,8149000.0,8664000.0,6536000.0,61962000.0,46163380.61,26134380.61,92.86897695424217,7.9877285556510005,0.0014641766591734205,0.0015366423507771755,-0.008699074370278672,92.86897695424217,-0.00395871059140737,2.2093027331897583,-16.653456208513706,0.26370485390472814,0.0,2.539014687882497,0.0,0.11373223529155622,5.525095103693705,-0.003772023884041563,10.390137431915372,0.20579085905719072,-1.1098779134295227,-1.4264615384615384,0.1943412403543871,1.1069627489919962,-0.705418921696239,-1.1098779134295227,-1.2598069167786876,-3.746575342465753,0.37875288683602776,0.9549175293421331,Scientific & Technical Instruments,Technology,MINDP
2014Q1,2014,Q1,2013-04-30,2013-04-30,6307000.0,27291000.0,8183000.0,3.3459081193577256,14597000.0,0.5348649738008867,190835000.0,179894000.0,66865000.0,8366000.0,10941000.0,7445000.0,62655000.0,46163380.61,31965380.61,95.43503967397157,7.992469519483624,0.01229334241622344,0.01304101304101304,0.03576196159623652,95.43503967397157,0.03505953505953506,1.6915239679747902,1.8298470195814174,0.25661434294640173,0.0,1.7050369375419745,0.0,0.14300835800560693,5.569925890509204,0.03304949301752823,14.057058651035323,0.5348649738008867,0.8468521229868227,0.4742870500233755,0.4724830042084816,1.2185854350373064,0.6638550096888179,0.8468521229868229,1.9680812477330432,1.634502923976608,0.6539999999999999,1.0098989989274223,Scientific & Technical Instruments,Technology,MINDP
2013Q4,2013,Q4,2013-01-31,2013-01-31,3415000.0,28401000.0,2757000.0,1.8116816596807728,8773000.0,0.30889757402908347,190407000.0,176313000.0,57878000.0,9480000.0,14094000.0,6188000.0,56348000.0,46163380.61,35396380.61,93.535293839911,6.105274261603376,0.023019111692322236,0.024859199264943593,0.015484381639137977,93.535293839911,0.019368963150760296,1.625413915355093,3.379456852855051,0.2618263010101354,0.0,3.171945701357466,0.0,0.14915943216373348,4.259177215189873,0.017935264985005802,-38.309859427385895,0.30889757402908347,3.794599018003274,0.02031670152375262,0.36523578330048534,1.3270114032309155,1.0149288011024344,3.7945990180032734,2.4806659505907627,4.847602739726027,0.6360023041474652,1.0753693131657938,Scientific & Technical Instruments,Technology,MINDP
2013Q3,2013,Q3,2012-10-31,2012-10-31,-1222000.0,18573000.0,-1862000.0,-0.6482796451332077,4354000.0,0.23442631777311151,193721000.0,172044000.0,64035000.0,7786000.0,21677000.0,7524000.0,52932000.0,46163380.61,35789380.61,91.27055913854139,8.224377087079374,0.07028664935654885,0.07914254493036665,-0.005626970793991644,91.27055913854139,-0.007102834158703587,2.4855101819846013,-9.444226802373159,0.2683231069377601,0.0,1.889819245082403,0.0,0.0958749954831949,5.815309529925507,-0.006308040945483453,-27.543783180190932,0.23442631777311151,-1.190877850671665,-1.502673796791444,0.07951176983435043,1.3744289716659535,-0.41162162162162164,-1.190877850671665,-2.3885160328113346,-2.191033138401559,0.27825189263592576,1.0545020300931454,Scientific & Technical Instruments,Technology,MINDP
2013Q2,2013,Q2,2012-07-31,2012-07-31,6402000.0,23080000.0,1341000.0,3.3963062914425497,7400000.0,0.32062391681109187,193282000.0,172230000.0,63784000.0,8105000.0,21052000.0,6977000.0,54155000.0,46163380.61,37323380.61,91.36923345441274,7.869710055521283,0.06573297047836839,0.07376763630029612,0.03643811549214606,91.36923345441274,0.037171224525344014,2.0001464735701906,1.8026937132927208,0.2680333310689194,0.0,2.247384262577039,0.0,0.11941101602839374,5.9401603948180135,0.033122587721567454,-2.84274774370343,0.32062391681109187,-0.24290444654683058,2.719930273097037,0.4987986232872263,1.6144971537001898,-0.5617671443799598,-0.24290444654683066,-0.8850505743185325,7.338613861386139,0.8206200205095844,1.1023400021971852,Scientific & Technical Instruments,Technology,MINDP
2013Q1,2013,Q1,2012-04-30,2012-04-30,8456000.0,34631000.0,11666000.0,4.485967822623898,16886000.0,0.48759781698478244,205224000.0,166296000.0,64277000.0,14134000.0,38928000.0,6540000.0,47753000.0,46163380.61,48269380.61,88.22120447387226,4.547686429885383,0.09520329006354032,0.1174892961947371,0.04798316147341528,88.22120447387226,0.05084908837254053,1.3330074387109814,1.3648113945719016,0.2775976608577476,0.0,2.713302752293578,0.0,0.16874732000155926,3.6727041177302957,0.04120375784508634,2.605450988260526,0.48759781698478244,-0.1681259222823414,1.146192893401015,0.5047796993134614,1.686700271423032,-0.20607456862099768,-0.16812592228234136,-0.19942355201756795,106.69999999999999,2.265535124941066,1.1062123994680515,Scientific & Technical Instruments,Technology,MINDP
2012Q4,2012,Q4,2012-01-31,2012-01-31,10165000.0,37034000.0,14572000.0,5.392604413076151,21269000.0,0.574310093427661,198229000.0,155434000.0,65278000.0,23981000.0,42795000.0,6708000.0,39297000.0,46163380.61,45059380.61,82.45883662981588,2.7220716400483718,0.07154856252112456,0.09124773215641366,0.05963040951701857,82.45883662981588,0.06539753207149016,1.2465134905762272,1.135351220118052,0.2969966713203031,0.0,2.3501788908765655,0.0,0.1868243294371661,2.224594470622576,0.05127907621992746,-0.8395631646812767,0.574310093427661,0.5030311991719651,12.924657534246574,2.337899954934655,1.6120727321614627,0.48267689090275356,0.5030311991719651,0.7345554100702297,23.14489311163895,1.281121034801355,1.0154039650947186,Scientific & Technical Instruments,Technology,MINDP
2012Q3,2012,Q3,2011-10-31,2011-10-31,6763000.0,28020000.0,8401000.0,3.58781934536488,14345000.0,0.5119557458957887,184583000.0,142941000.0,56589000.0,32667000.0,41642000.0,5784000.0,29132000.0,46163380.61,36511380.61,75.83121174712426,1.7322986500137754,0.03388177676167361,0.04375231738969225,0.042051325476168515,75.83121174712426,0.04731322713567136,1.6475153679514631,1.7064683058553896,0.32295409021904137,0.0,2.364280774550484,0.0,0.1518016285356723,1.4032509872348242,0.036639343818228115,1.2036759650083437,0.5119557458957887,4.202307692307692,0.750711881957028,1.19919943489522,1.4145031333930171,0.7466212102763911,4.202307692307692,2.232397075798384,1.4673476833272525,0.926037943359912,0.8363909658521547,Scientific & Technical Instruments,Technology,MINDP
2012Q2,2012,Q2,2011-07-31,2011-07-31,1300000.0,21278000.0,2599000.0,0.6896591969502209,8213000.0,0.38598552495535293,164274000.0,138246000.0,49686000.0,20415000.0,26028000.0,5597000.0,22369000.0,46163380.61,36012380.61,73.34048103198481,2.4337986774430567,0.022803365109512155,0.027096624857138724,0.01097555467497883,73.34048103198481,0.00940352704599048,2.1695356993138453,8.877573194230768,0.33392199853883653,0.0,2.334286224763266,0.0,0.12952749674324604,1.8851334802841049,0.007913607752900642,-3.4248371993471327,0.38598552495535293,-0.7866404070244544,0.0375099760574621,0.941600510995529,1.5512290544031893,-0.410197486535009,-0.7866404070244543,-0.7103209986625055,-0.19999999999999998,0.2162332094884254,0.6639104531503883,Scientific & Technical Instruments,Technology,MINDP
2012Q1,2012,Q1,2011-04-30,2011-04-30,6093000.0,26502000.0,8972000.0,3.232379605398228,13925000.0,0.5254320428646895,163168000.0,104047000.0,51580000.0,33121000.0,59121000.0,5350000.0,21068000.0,46163380.61,54909380.61,55.1976695885228,1.5573201292231516,0.12330849186114924,0.19337414822147683,0.052034640655992205,55.1976695885228,0.05856007381279614,1.7418828997811486,1.894115403331692,0.44367815131623206,0.0,2.350841121495327,0.0,0.16242155324573446,1.2729386190030494,0.03734188076093352,19.21072851019559,0.5254320428646895,2.4737742303306725,0.7717359697586508,0.8775770456960679,0.9890840964270011,0.5361279646993933,2.473774230330673,1.7204366282595513,0.4242636746143059,0.4299125930721915,0.28318431275821665,Scientific & Technical Instruments,Technology,MINDP
2011Q4,2011,Q4,2011-01-31,2011-01-31,1754000.0,19735000.0,3298000.0,0.9305094088082212,9065000.0,0.45933620471243986,137971000.0,94715000.0,44754000.0,15599000.0,43256000.0,4813000.0,14976000.0,46163380.61,58036380.61,50.24697756856936,2.8690300660298735,0.16918772785585376,0.2464551549384997,0.01758117310300424,50.24697756856936,0.018518714036847385,2.339162939447682,6.57972927736602,0.48739249970965526,0.0,2.2169125285684603,0.0,0.14303730494089337,2.332585422142445,0.0127128164614303,-6.626956734137238,0.45933620471243986,1.4126547455295737,-0.6206747404844289,0.947404776001579,0.9960590925375649,0.5161398227128282,1.4126547455295735,0.8888888888888888,-0.4759486106961458,-0.05133874921886268,0.2500659909196494,Scientific & Technical Instruments,Technology,MINDP
2011Q3,2011,Q3,2010-10-31,2010-10-31,727000.0,19973000.0,1746000.0,0.38567864321754664,5979000.0,0.2993541280728984,130865000.0,91492000.0,37815000.0,22321000.0,39373000.0,4704000.0,13222000.0,46163380.61,53179380.61,48.537153267207394,1.6941445275749294,0.10259427654453063,0.14674507060726621,0.010968648883278477,48.537153267207394,0.007946049927862546,2.3112892710158714,15.874615065337,0.504561935579067,0.0,2.9749149659863945,0.0,0.1526229320291904,1.2363693382912953,0.005555343292706224,-6.481800141814097,0.2993541280728984,5.97945205479452,-0.7449122807017544,1.0349465104431992,1.2011259202232591,0.28442534908700323,5.97945205479452,3.91,-0.7009461127108185,0.16088346410927043,0.26270753688394494,Scientific & Technical Instruments,Technology,MINDP
2011Q2,2011,Q2,2010-07-31,2010-07-31,-146000.0,15155000.0,-600000.0,-0.07745403288825559,4655000.0,0.3071593533487298,123187000.0,89547000.0,34719000.0,19801000.0,33640000.0,3985000.0,12495000.0,46163380.61,47426380.61,47.50531700715495,1.7533962931165092,0.08361271887455657,0.11502339553530548,-0.0031222147109276482,47.50531700715495,-0.001630428713413068,3.0460825212801055,-79.04688460616437,0.5155212414709593,0.0,2.6348808030112925,0.0,0.12302434510134998,1.2919549517701125,-0.001185189995697598,7.699029454636424,0.3071593533487298,-1.0609857978279031,-1.1178369652945925,1.164381605255641,1.377143615609238,-0.3295405444332421,-1.0609857978279031,-1.242228502220428,-1.084834398605462,-0.015845184752256717,0.35934724857685,Scientific & Technical Instruments,Technology,MINDP
2011Q1,2011,Q1,2010-04-30,2010-04-30,2394000.0,16500000.0,2477000.0,1.2700339365375608,6943000.0,0.42078787878787877,127306000.0,89504000.0,40725000.0,13881000.0,37802000.0,4618000.0,12641000.0,46163380.61,54063380.61,47.48250520294813,2.933866436135725,0.15388905471855216,0.21888407222023595,0.01706616221671907,47.48250520294813,0.02674740793707544,2.797780643030303,4.820737323517125,0.5157689109983911,0.0,2.0695106106539627,0.0,0.12960897365403046,2.251566889993516,0.018805083813802963,9.03392966927593,0.42078787878787877,3.099315068493151,0.11764705882352948,1.1602513747054204,1.4947459375087102,0.42977759472817134,3.0993150684931505,1.6073684210526316,-0.3923857868020304,-0.2830451029807942,0.4460385162207572,Scientific & Technical Instruments,Technology,MINDP
2010Q4,2010,Q4,2010-01-31,2010-01-31,584000.0,17360000.0,950000.0,0.30981613155302234,4856000.0,0.27972350230414744,115397000.0,84955000.0,34673000.0,11449000.0,30442000.0,5199000.0,10247000.0,46163380.61,55768380.61,45.06922852069694,3.028474102541707,0.13635536452420774,0.1852157024306986,0.008930277358511521,45.06922852069694,0.006874227532222941,2.659180910714286,19.761721151541092,0.543386270496145,0.0,2.405077899596076,0.0,0.1504371864086588,2.1910210498733513,0.005060790141858108,-6.153476487603306,0.27972350230414744,-0.4307992202729044,-0.590749824807288,1.4690655667757078,1.5077486200076748,-0.21232765612327656,-0.43079922027290446,-0.32767162066525124,-0.2,0.5646687697160885,0.4276711592108359,Scientific & Technical Instruments,Technology,MINDP
2010Q3,2010,Q3,2009-10-31,2009-10-31,1026000.0,14530000.0,1413000.0,0.5443002585160974,6165000.0,0.424294562973159,108867000.0,83740000.0,32357000.0,10810000.0,25127000.0,5931000.0,9663000.0,46163380.61,51416380.61,44.42466242508577,2.9932469935245143,0.10420972379141522,0.13547886314783855,0.010782714401519254,44.42466242508577,0.012252209219011226,3.177108094287681,11.248387088206627,0.5512703679245282,0.0,1.4103861068959702,0.0,0.13346560482056086,2.09731729879741,0.009424343464961835,-10.406533050045086,0.424294562973159,2.015841584158416,2.246658566221142,2.066694807935838,1.5572589018506076,0.8502400960384153,2.015841584158416,1.9363817097415508,-0.7344033134869273,0.1404128404363865,0.4145031333930171,Scientific & Technical Instruments,Technology,MINDP
2010Q2,2010,Q2,2009-07-31,2009-07-31,-1010000.0,12677000.0,-1509000.0,-0.5358121453228639,3332000.0,0.2628382109331861,106810000.0,81923000.0,28326000.0,14471000.0,24887000.0,6074000.0,8637000.0,46163380.61,47425380.61,43.46073107057919,1.9574321055904913,0.06975002340604812,0.09093905252493195,-0.011858926879980601,43.46073107057919,-0.012328650073849834,3.6415067137335333,-11.42657935891089,0.563497193828351,0.0,1.538524860059269,0.0,0.11868738882127142,1.271923156658144,-0.009456043441625315,-249.5317870810811,0.2628382109331861,-11.624999999999998,-7.516129032258063,0.9829501016737054,1.5169902912621362,-0.11664899257688228,-11.625,-95.3125,-1.8060654429369511,0.1567661282963774,0.5118291872739352,Scientific & Technical Instruments,Technology,MINDP
2010Q1,2010,Q1,2009-04-30,2009-04-30,-80000.0,10605000.0,16000.0,-0.042440565966167444,3772000.0,0.3556812824139557,101339000.0,78955000.0,28608000.0,12486000.0,22384000.0,6057000.0,9647000.0,46163380.61,47857380.61,41.88618607323438,2.291206150888996,0.06364775653993034,0.08169210309670065,-0.00032581332423771143,41.88618607323438,-0.0010132353872458995,4.352982612918435,-144.26056440624998,0.584679635361915,0.0,1.128116229156348,0.0,0.10464875319472267,1.4454589139836618,-0.000789429538479756,-47.20182066462168,0.3556812824139557,-1.1900237529691213,-1.0583941605839415,0.29234706312454295,1.4961272169706932,-0.43209876543209874,-1.190023752969121,-0.8888888888888888,-1.0232625763303287,-0.24867162592986183,0.509396088627196,Scientific & Technical Instruments,Technology,MINDP
2009Q4,2009,Q4,2009-01-31,2009-01-31,421000.0,16235000.0,144000.0,0.22334347839695617,6642000.0,0.4091161071758546,104227000.0,77123000.0,29059000.0,17862000.0,27104000.0,3772000.0,9727000.0,46163380.61,47050380.61,40.91429711260915,1.6268614936737207,0.05708693524710488,0.07714948847944193,0.0019460474522408002,40.91429711260915,0.005458812546192446,2.843448143517093,27.412933853919238,0.5985682689988718,0.0,2.5432131495227996,0.0,0.1557657804599576,1.1813346769678648,0.00403926046034137,224.09408063106795,0.4091161071758546,-0.8464064210142284,1.5191122071516647,2.04311152764761,1.5042374257232851,-0.08512396694214876,-0.8464064210142284,-0.9457831325301205,-0.9089532871972319,0.6020327610025656,0.6253187498682852,Scientific & Technical Instruments,Technology,MINDP
2009Q3,2009,Q3,2008-10-31,2008-10-31,2741000.0,14548000.0,2656000.0,1.454119891415812,7260000.0,0.4990376684080286,102753000.0,77838000.0,31763000.0,13241000.0,24915000.0,5710000.0,9306000.0,46163380.61,48761380.61,41.293609670931765,2.3988369458500114,0.08174943797261394,0.10791644184074617,0.03102486414889748,41.293609670931765,0.035214162748272056,3.173177110943085,4.210450621123677,0.5930699736632493,0.0,1.2763572679509632,0.0,0.14158224090780805,1.64421116229892,0.026675620176539856,-8.299780764113628,0.4990376684080286,0.6867692307692308,25.104761904761904,0.999725085910653,1.4536771427670776,0.02052291256676975,0.6867692307692308,0.14482758620689656,-0.03824561403508771,0.4822210901681101,0.8726362892748879,Scientific & Technical Instruments,Technology,MINDP
2009Q2,2009,Q2,2008-07-31,2008-07-31,1625000.0,17495000.0,2320000.0,0.8620739961877761,7114000.0,0.406630465847385,109793000.0,83085000.0,35015000.0,22888000.0,26708000.0,5229000.0,6565000.0,46163380.61,42011380.61,44.077180291237774,1.529840964697658,0.0,0.0,0.017822159524778974,44.077180291237774,0.01955828368538244,2.6386613666761933,7.102058555384615,0.5556163039056388,0.0,1.9852744310575636,0.0,0.15934531345349887,1.1776476756378889,0.01480057927190258,38.151554223140494,0.406630465847385,-0.6201496026180457,1.3922278542119235,3.4414826097994418,1.7433467608796143,-0.38820089439284483,-0.6201496026180459,-0.6351053790500157,0.31154156577885395,1.4985718366181089,1.20560127422352,Scientific & Technical Instruments,Technology,MINDP
2009Q1,2009,Q1,2008-04-30,2008-04-30,4278000.0,18534000.0,6358000.0,2.2695092650408037,11628000.0,0.627387504046617,100186000.0,81085000.0,34116000.0,15725000.0,19101000.0,5603000.0,4940000.0,46163380.61,44093380.61,43.01616614208359,2.1695389507154212,0.0,0.0,0.051503851196862044,43.01616614208359,0.0527594499599186,2.4907402940541705,2.6977197644927537,0.5693208436825553,0.0,1.2325539889344994,0.0,0.18499590761184198,1.6548171701112877,0.04270057692691594,-4.335811083873391,0.627387504046617,0.2781595458619658,3.970833333333333,1.3348450491307633,1.38611617915367,0.18014817821983153,0.27815954586196595,0.48308840681128995,0.9971988795518205,1.4265514532600159,1.2600830615714804,Scientific & Technical Instruments,Technology,MINDP
2008Q4,2008,Q4,2008-01-31,2008-01-31,3347000.0,20803000.0,4287000.0,1.7756071786095304,9853000.0,0.4736336105369418,103901000.0,75768000.0,38737000.0,24742000.0,28133000.0,6352000.0,662000.0,46163380.61,33779380.61,40.195460026557186,1.5656373777382588,0.0,0.0,0.042527580677389244,40.195460026557186,0.044174321613346,2.2190732399173196,3.448116269046907,0.6092727881163551,0.0,1.723866498740554,0.0,0.20021943965890607,1.198932988440708,0.03221335694555394,-76.42943809602649,0.4736336105369418,0.37679967091731814,2.1419310815421357,2.6554208399226855,1.2511141481965653,0.062203536006899526,0.376799670917318,0.11582509109838626,1.345480028030834,1.958754089034277,1.2365616790152612,Scientific & Technical Instruments,Technology,MINDP
2008Q3,2008,Q3,2007-10-31,2007-10-31,2431000.0,17205000.0,3842000.0,1.289662698296913,9276000.0,0.5391455972101133,90234000.0,72457000.0,40621000.0,16245000.0,17777000.0,6157000.0,-2685000.0,46163380.61,31358380.61,38.43895110263243,2.5005232379193596,0.0,0.0,0.03211327531414453,38.43895110263243,0.03355093365720358,2.6831374954954956,4.747365344508433,0.6371141588804394,0.0,1.2878025012181258,0.0,0.19067092226876786,1.972176054170514,0.026941064343817187,54.566643747044914,0.5391455972101133,0.4125508425334108,2.302786709539121,3.2586633663366342,1.0133096223846176,0.41122774988589683,0.4125508425334108,0.4851178971781987,3.953827460510328,2.6312790206838335,1.2126977340743905,Scientific & Technical Instruments,Technology,MINDP
2008Q2,2008,Q2,2007-07-31,2007-07-31,1721000.0,15399000.0,2587000.0,0.913002675347177,6573000.0,0.4268458990843561,79113000.0,65875000.0,36161000.0,12079000.0,13238000.0,6630000.0,-5116000.0,46163380.61,33951380.61,34.947153537766006,2.9937080884179155,0.0,0.0,0.025494526071218698,34.947153537766006,0.026125237191650854,2.9978167809598024,6.705894917199303,0.7007723811764704,0.0,1.3312217194570135,0.0,0.19464563346099883,2.222617766371388,0.021753694083146893,4.767959162363148,0.4268458990843561,-0.5631979695431473,1.5298645320197044,6.563359528487231,0.0,-0.3494655581947744,-0.5631979695431472,-0.5484377727352069,10.103225806451611,1.4087282965743784,1.0239338822661919,Scientific & Technical Instruments,Technology,MINDP
2008Q1,2008,Q1,2007-04-30,2007-04-30,3940000.0,23014000.0,5729000.0,2.0901978738337466,10104000.0,0.43903710784739725,77891000.0,61896000.0,33957000.0,13260000.0,15995000.0,6852000.0,-6837000.0,46163380.61,45282380.61,32.83626588802375,2.560859728506787,0.01925768060494794,0.02423419930205506,0.061293131584692906,32.83626588802375,0.06365516350006463,2.005882532806118,2.929148515862944,0.7458217107729093,0.0,1.8841214244016347,0.0,0.29546417429484795,1.8403469079939667,0.050583507722329925,-4.723562939731915,0.43903710784739725,4.397260273972602,2.9182083739045765,2.1154731284689317,0.0,1.129848229342327,4.397260273972603,39.97278911564626,1.8759124087591241,1.8045332683402386,0.956814517403813,Scientific & Technical Instruments,Technology,MINDP
2007Q4,2007,Q4,2007-01-31,2007-01-31,730000.0,11095000.0,-147000.0,0.38727016444127793,4744000.0,0.42757999098693106,83302000.0,59506000.0,35986000.0,22296000.0,23796000.0,7308000.0,-6142000.0,46163380.61,36581380.61,31.568353979784497,1.6140114818801579,0.018006770545725193,0.0252075420965953,-0.019329750667651857,31.568353979784497,0.012267670487009713,4.160737324019829,15.809376921232875,0.7757769066984841,0.0,0.8690476190476191,0.0,0.13319007946988068,1.1747398636526731,0.008763294998919594,-8.070521085664335,0.42757999098693106,-0.8110276986797825,1.0795813801373597,1.537159844500343,0.0,-0.1972927241962775,-0.8110276986797825,-1.065537226928221,1.9001233045622687,1.0796626054358012,0.9322011884274444,Scientific & Technical Instruments,Technology,MINDP
2007Q3,2007,Q3,2006-10-31,2006-10-31,3863000.0,12741000.0,2243000.0,2.0493488290913104,5910000.0,0.4638568401224394,74168000.0,59201000.0,40425000.0,13467000.0,14967000.0,6407000.0,-6872000.0,,,,,,,,,,,,,,,,,,,,,,,,,,,,,,,Scientific & Technical Instruments,Technology,MINDP
2007Q2,2007,Q2,2006-07-31,2006-07-31,1253000.0,10959000.0,994000.0,0.6647253644450976,5132000.0,0.46829090245460353,64522000.0,54188000.0,36266000.0,8834000.0,10334000.0,3425000.0,-10735000.0,,,,,,,,,,,,,,,,,,,,,,,,,,,,,,,Scientific & Technical Instruments,Technology,MINDP
2007Q1,2007,Q1,2006-04-30,2006-04-30,3439000.0,14115000.0,3465000.0,1.824413829470623,7297000.0,0.5169677647892313,63431000.0,52309000.0,34760000.0,8122000.0,11122000.0,2148000.0,-11984000.0,,,,,,,,,,,,,,,,,,,,,,,,,,,,,,,Scientific & Technical Instruments,Technology,MINDP
