Year,Date,FillingDate,NetIncome,Revenue,OperatingIncome,EPSDiluted,GrossProfit,GrossProfitRatio,TotalAssets,CommonStockEquity,CurrentAssets,CurrentLiability,TotalLiability,Inventory,RetainedEarnings,EnterpriseValue,bookValuePerShare,currentRatio,debtToAssets,debtToEquity,roic,shareholdersEquityPerShare,roe,priceToSalesRatio,peRatio,pbRatio,payoutRatio,inventoryTurnover,dividendYield,assetTurnover,quickRatio,returnOnAssets,priceToFreeCashFlowsRatio,grossProfitMargin,epsdilutedGrowth,fiveYNetIncomeGrowthPerShare,fiveYRevenueGrowthPerShare,fiveYShareholdersEquityGrowthPerShare,grossProfitGrowth,netIncomeGrowth,operatingIncomeGrowth,threeYNetIncomeGrowthPerShare,threeYRevenueGrowthPerShare,threeYShareholdersEquityGrowthPerShare,Industry,Sector,Price,MarketCap,AvgVolume,Symbol
2023,2023-01-31,2023-05-01,-7431000.0,35091000.0,-7614000.0,-0.54,12975000.0,0.3697529281,32858000.0,23052000.0,22233000.0,8662000.0,9806000.0,15318000.0,-127635000.0,115516040.0,1.6723737666860128,2.566728238282152,0.053229046198794816,0.07587194169703279,-0.3165566935556965,1.6723737666860128,-0.3223581467985424,3.2642284346413613,-15.414485264432784,4.968984903695992,-0.2548782128919392,1.4437916177046612,0.016534980475802357,1.067959096719216,0.5507965827753406,-0.22615496987035122,-32.84916547175222,0.3697529281012225,0.925,0.9517677941576426,-0.9005972837066871,-0.9521267167843783,1.1545998007306542,0.45275793504676337,0.47648514851485146,0.0,0.0,0.0,Scientific & Technical Instruments,Technology,7.41,13967768,4293,MINDP
2022,2022-01-31,2022-04-29,-13579000.0,23107000.0,-14544000.0,-7.2,6022000.0,0.2606136669,42020000.0,30263000.0,29245000.0,10699000.0,11757000.0,14006000.0,-117856000.0,30650820.0,16.05472708078027,2.733433031124404,0.04366968110423608,0.060635098965733734,-0.4273818427115952,16.05472708078027,-0.4486997323464296,1.4683784134677804,-2.498697989542676,1.1211651191223606,-0.18631710729803372,1.2198343567042695,0.07456567703571666,0.5499048072346502,1.237498831666511,-0.32315564017134696,-1.8883470614425646,0.2606136668542,0.0,0.5904141405001057,-0.4364008878265323,-0.6260687984975041,-0.17608427965521958,0.030209970004285103,-0.23285581079935577,0.31557459677419347,-0.46190210050766145,-0.4660538480539186,Scientific & Technical Instruments,Technology,7.41,13967768,4293,MINDP
2021,2021-01-31,2021-04-16,-14002000.0,21215000.0,-11797000.0,0.0,7309000.0,0.3445203865,39763000.0,30416000.0,26791000.0,7836000.0,9347000.0,11453000.0,-99870000.0,-2290000.0,0.0,3.4189637570188873,0.058370847270075195,0.07630852183061547,-0.35858767558165755,0.0,-0.4603498158863756,0.0,0.0,0.0,-0.11976860448507357,1.2141796909106783,,0.5335362019968313,1.194231750893313,-0.3521364082186958,0.0,0.34452038651897243,0.0,1.0,-1.0,-1.0,-0.5602550989711811,-0.2405422167094888,-0.22693707748309933,1.0,-1.0,-1.0,Scientific & Technical Instruments,Technology,7.41,13967768,4293,MINDP
2020,2020-01-31,2020-04-28,-11287000.0,42675000.0,-9615000.0,0.0,16621000.0,0.3894786175,58228000.0,47652000.0,30627000.0,8448000.0,10576000.0,13261000.0,-77310000.0,-790000.0,0.0,3.6253551136363638,0.03949989695679055,0.04826659951313691,-0.19953353048996939,0.0,-0.2368630907412071,0.0,0.0,0.0,-0.18162487817843537,1.9647085438503884,,0.7328948272308855,1.7768702651515151,-0.19384145084838908,0.0,0.3894786174575278,1.0,1.0,-1.0,-1.0,0.4157580919931857,0.43109879032258064,0.26152073732718895,1.0,-1.0,-1.0,Scientific & Technical Instruments,Technology,7.41,13967768,4293,MINDP
2019,2019-01-31,2019-04-05,-19840000.0,42942000.0,-13020000.0,-10.52526,11740000.0,0.2733920171393973,65301000.0,56678000.0,36342000.0,7428000.0,8623000.0,10774000.0,-63973000.0,32929025.5,30.068064021559795,4.892568659127625,0.0,0.0,-0.232674098461188,30.068064021559795,-0.3500476375313173,0.9854693656560011,-2.1329649949596776,0.7466393574226331,-0.08608870967741936,2.8960460367551515,0.0403610513444206,0.6576009555749529,2.8905492730210014,-0.3038238311817583,-5.297699737105659,0.2733920171393973,0.05833187948735166,-5.1610738255033555,-0.5337864246319538,-0.6674762977565005,0.9296515450361604,0.05833214675589729,0.3393545768215953,0.48781495249896745,-0.17130782145545073,-0.46039966868817656,Scientific & Technical Instruments,Technology,7.41,13967768,4293,MINDP
2018,2018-01-31,2018-04-13,-21069000.0,48276000.0,-19708000.0,-11.17725,6084000.0,0.12602535421327368,73679000.0,65849000.0,33046000.0,7523000.0,7830000.0,10856000.0,-42425000.0,33102161.86,34.93334182144202,4.3926625016615715,0.0,0.0,-0.31280112608023664,34.93334182144202,-0.3199593008246139,0.890797950534427,-2.0411107247614977,0.6530723604003098,-0.042954103184773836,3.886514369933677,0.021044474787027045,0.6552206191723557,2.7111524657716335,-0.28595664979166385,-72.033771959799,0.12602535421327368,0.36449170423513,-2.23564600316697,-0.5388451067488179,-0.6265221509474628,1.8206096574049095,0.3644919011854131,0.37015020773410034,-1.2921018276762404,-0.4193827724725182,-0.5504389857585648,Scientific & Technical Instruments,Technology,7.41,13967768,4293,MINDP
2017,2017-01-31,2017-05-31,-33153000.0,40999000.0,-31290000.0,-17.58789,-7414000.0,-0.18083367887021634,94714000.0,80932000.0,35059000.0,13465000.0,13782000.0,11960000.0,-20451000.0,29151947.31414982,42.934975782364894,2.6037133308577793,0.0672656629431763,0.07872040725547373,-0.37915264911525587,42.934975782364894,-0.409640191765927,0.6264286278726267,-0.7746794351687575,0.3173398323796498,-0.014659306850058819,4.047909698996656,0.018923061829910857,0.4328715923728277,1.391162272558485,-0.3500327301138163,11.491251594697905,-0.18083367887021634,0.14412952786195032,-2.3631429628715925,-0.63664321037985,-0.4793159797727653,-3.7778194080179843,0.14412949194547708,-0.16928251121076232,-7.953229865771813,-0.554881226386416,-0.5251807002722237,Scientific & Technical Instruments,Technology,7.41,13967768,4293,MINDP
2016,2016-01-31,2016-04-07,-38736000.0,51819000.0,-26760000.0,-20.54971,2669000.0,0.05150620428800247,134759000.0,105037000.0,40696000.0,12456000.0,29722000.0,12944000.0,13188000.0,62878405.099999994,55.722842030992204,3.2671804752729607,0.15200468985373888,0.195016994011634,-0.2974956869554791,55.722842030992204,-0.36878433313975073,0.8908586638105713,-1.191744245662949,0.439496606909946,0.0,3.7971260815822,0.0,0.3845309033162906,1.8901734104046244,-0.28744647852833577,3.681879494337214,0.05150620428800247,-3.2140976372010615,-9.191160921970818,-0.2738674102826394,0.1089795702898168,-0.8852240474757032,-3.2140992167101827,-2.967383246849518,-3.2717729165444847,-0.5050007164350193,-0.4042583360274058,Scientific & Technical Instruments,Technology,7.41,13967768,4293,MINDP
2015,2015-01-31,2015-04-08,-9192000.0,83146000.0,-6745000.0,-4.87642,23254000.0,0.2796767132513891,179611000.0,146474000.0,54149000.0,10000000.0,33137000.0,11451000.0,51924000.0,67343405.1,77.7054520183131,5.4149,0.14673377465745416,0.1799295438098229,-0.035218566972953294,77.7054520183131,-0.06275516473913459,0.5552089709667332,-5.022128492167102,0.31516450086704806,0.0,5.230285564579512,0.0,0.46292264950364953,3.2507,-0.051177266425775705,8.70186712535344,0.2796767132513891,-2.927438735177866,-18.676923076923075,0.5070325527441455,0.7241363074568888,-0.27365297516789006,-2.9278523489932886,-2.1619293712316967,-1.377944985814728,-0.2631121824981832,-0.057645045485543715,Scientific & Technical Instruments,Technology,7.41,13967768,4293,MINDP
2014,2014-01-31,2014-04-03,4768000.0,92108000.0,5805000.0,2.53,32015000.0,0.347581100447301,205419000.0,170448000.0,62160000.0,12438000.0,34971000.0,8338000.0,61116000.0,53201405.099999994,90.42382187703913,4.997588036661843,0.10807179472200722,0.13024500140805406,0.023842118313685007,90.42382187703913,0.027973340842955035,0.5011877915056238,9.68192221057047,0.27083571001126444,0.0,7.2071240105540895,0.0,0.44839084992138023,3.67269657501206,0.023211095370924792,-2.0208994046316158,0.347581100447301,-0.7204419889502763,-0.47402095973524544,0.3786146201281208,1.2100800020746079,-0.14428139951353808,-0.7203683068441734,-0.5824341821320673,0.008246986677944618,0.29069685971722053,0.7995882383994087,Scientific & Technical Instruments,Technology,7.41,13967768,4293,MINDP
2013,2013-01-31,2013-04-04,17051000.0,104685000.0,13902000.0,9.05,37413000.0,0.357386445049434,190407000.0,176313000.0,57878000.0,9480000.0,14094000.0,6188000.0,56348000.0,35396405.099999994,93.53524421880222,6.105274261603376,0.023019111692322236,0.024859199264943593,0.09700038044750085,93.53524421880222,0.09670869419725148,0.44097440034388874,2.7073723007448245,0.26182643991084037,0.0,10.87136393018746,0.0,0.5497959633836992,4.259177215189873,0.08955027913889721,-32.926822467902994,0.357386445049434,-0.29844961240310075,0.49060232537809234,0.36984598474241387,1.3270114032309153,-0.3521782795401025,-0.29891862999054314,-0.5975567392311255,31.79038461538461,0.897429855723918,1.0753693131657935,Scientific & Technical Instruments,Technology,7.41,13967768,4293,MINDP
2012,2012-01-31,2012-04-04,24321000.0,112834000.0,34544000.0,12.9,57752000.0,0.5118315401386107,198229000.0,155434000.0,65278000.0,23981000.0,42795000.0,6708000.0,39297000.0,45059405.099999994,82.4587928848429,2.7220716400483718,0.07154856252112456,0.09124773215641366,0.14428157406583703,82.4587928848429,0.15647155705958798,0.4091267268731056,1.8980882817318365,0.29699682887913836,0.0,8.21138938580799,0.0,0.5692103577175892,2.224594470622576,0.1226914326359917,-1.666007618463315,0.5118315401386107,4.139442231075698,1.6193861066235866,1.3069719893682274,1.6120727321614627,1.1677051272426995,4.1429477690843735,3.9911862447623174,1.6829564258135687,0.6888283541878705,1.0154039650947189,Scientific & Technical Instruments,Technology,7.41,13967768,4293,MINDP
2011,2011-01-31,2011-01-31,4729000.0,71363000.0,6921000.0,2.51,26642000.0,0.37333071759875563,137971000.0,94715000.0,44754000.0,15599000.0,43256000.0,4813000.0,14976000.0,58036405.099999994,50.24695091220643,2.8690300660298735,0.16918772785585376,0.2464551549384997,0.040805358625036904,50.24695091220643,0.049928733569128435,0.6468815086249176,9.761768894057939,0.4873927582748245,0.0,9.291709952212758,0.0,0.5172318820621725,2.332585422142445,0.03427531872639902,-15.480685814889334,0.37333071759875563,7.964285714285712,-0.5643482266236757,1.0631703720836103,0.996059092537565,0.46990344827586206,8.09423076923077,6.946039035591275,-0.5865897368651106,-0.06618599599586504,0.2500659909196493,Scientific & Technical Instruments,Technology,7.41,13967768,4293,MINDP
2010,2010-01-31,2010-01-31,520000.0,55172000.0,871000.0,0.28,18125000.0,0.32851808888566664,115397000.0,84955000.0,34673000.0,11449000.0,30442000.0,5199000.0,10247000.0,55768405.099999994,45.06920461116505,3.028474102541707,0.13635536452420774,0.1852157024306986,0.007039378212089322,45.06920461116505,0.00612088752869166,0.8367179928224461,88.77577903846154,0.5433865587664056,0.0,7.125793421811887,0.0,0.4781060166208827,2.1910210498733513,0.0045061830030243425,-3.523655072131898,0.32851808888566664,-0.9417879417879418,-0.755753875058713,1.092384708737864,1.5077486200076753,-0.44476779806396277,-0.9426365140650855,-0.9241156995992333,-0.9439956919763058,0.12803107748926604,0.4276711592108359,Scientific & Technical Instruments,Technology,7.41,13967768,4293,MINDP
2009,2009-01-31,2009-01-31,9065000.0,66812000.0,11478000.0,4.81,32644000.0,0.48859486319822787,104227000.0,77123000.0,29059000.0,17862000.0,27104000.0,3772000.0,9727000.0,47050405.099999994,40.91427540729659,1.6268614936737207,0.05708693524710488,0.07714948847944193,0.1030431606388543,40.91427540729659,0.11753951480103211,0.6909448167993772,5.092488152233867,0.5985685865435731,0.0,9.05832449628844,0.0,0.6410239189461464,1.1813346769678648,0.08697362487647155,-3.120624964510241,0.48859486319822787,-0.20757825370675465,2.4414056288758146,1.98187985361064,1.504237425723285,-0.08830922191811429,-0.2075356237433342,-0.3020370933414412,-0.16490096729617693,0.9315967504119805,0.6253187498682852,Scientific & Technical Instruments,Technology,7.41,13967768,4293,MINDP
TTM,,,,,,,,,,,,,,,,18053768.0,1.6579882515048228,2.376269482151835,0.14480720933668192,0.21437319569591462,-0.201808380160624,1.6579882515048228,-0.20743898539912609,0.3619530448302669,-20.99804562268804,4.4692717172600815,-0.1946157007809289,1.6393751307622568,0.0,1.140197961294135,0.8250377073906485,-0.14377308317329,-4.813152308752584,0.3908525524747344,,,,,,,,,,,Scientific & Technical Instruments,Technology,7.41,13967768,4293,MINDP
