Quarters,Year,Quarter,FillingDate,Date,NetIncome,Revenue,OperatingIncome,EPSDiluted,GrossProfit,GrossProfitRatio,TotalAssets,CommonStockEquity,CurrentAssets,CurrentLiability,TotalLiability,Inventory,RetainedEarnings,MarketCap,EnterpriseValue,bookValuePerShare,currentRatio,debtToAssets,debtToEquity,roic,shareholdersEquityPerShare,roe,priceToSalesRatio,peRatio,pbRatio,payoutRatio,inventoryTurnover,dividendYield,assetTurnover,quickRatio,returnOnAssets,priceToFreeCashFlowsRatio,grossProfitMargin,epsdilutedGrowth,fiveYNetIncomeGrowthPerShare,fiveYRevenueGrowthPerShare,fiveYShareholdersEquityGrowthPerShare,grossProfitGrowth,netIncomeGrowth,operatingIncomeGrowth,threeYNetIncomeGrowthPerShare,threeYRevenueGrowthPerShare,threeYShareholdersEquityGrowthPerShare,Industry,Sector,Symbol
2023Q1,2023,Q1,2023-05-12,2023-03-31,-9623000.0,1107000.0,-474000.0,-0.64,-1785000.0,-1.6124661247,326544000.0,20837000.0,147750000.0,10952000.0,236275000.0,0.0,-9380000.0,107727770.0,320970770.0,1.390709470733498,13.490686632578525,0.6617668675584301,10.370782742237367,-0.001790570912275785,1.390709470733498,-0.46182271920142054,97.31505871725383,-2.7987054452873323,5.170023035945674,0.0,0.0,0.0,0.0033900485080111714,0.26050036523009495,-0.029469229261600276,-7.877140245685873,-1.6124661246612466,-0.18518518518518512,0.7631281941088063,1.038595546825445,0.1788154099214374,0.44375194764724213,-0.28512286324786323,0.8650725875320239,0.7631281941088063,1.038595546825445,0.1788154099214374,Aerospace & Defense,Industrials,SKYH
2022Q4,2022,Q4,2023-03-24,2022-12-31,-7488000.0,609000.0,-3513000.0,-0.54,-3209000.0,-5.2692939245,331204000.0,26279000.0,160492000.0,13236000.0,232829000.0,0.0,-3184000.0,37146900.0,250713900.0,1.8817758682420336,12.125415533393774,0.6513840412555404,8.20963506982762,-0.06666997414351461,1.8817758682420336,-0.28494234940446744,60.99655172413793,-1.240214342948718,1.4135583545797026,0.0,0.0,0.0,0.001838745908865835,2.0451042611060744,-0.022608422603591746,-3.112694821518351,-5.269293924466338,-10.625668449197862,-8.9921727164382,3.702434437606718,5.318795166847843,-3.026348808030113,-9.924910607866508,0.2268926056338028,-8.9921727164382,3.702434437606718,5.318795166847843,Aerospace & Defense,Industrials,SKYH
2022Q3,2022,Q3,2022-11-10,2022-09-30,839000.0,431000.0,-4544000.0,0.0561,-797000.0,-1.849187935,334640000.0,25317000.0,167217000.0,15020000.0,235451000.0,0.0,-3711000.0,55012320.0,268902320.0,1.6935580975316076,11.13295605858855,0.6413459239780062,8.477307737883635,0.004216789722657229,1.6935580975316076,0.03313978749456887,127.63879350348027,16.39222884386174,2.1729399217916816,0.0,0.0,0.0,0.0012879512311737987,2.030292942743009,0.0025071718862060724,-3.4389147965243483,-1.8491879350348028,-0.9403191489361702,0.0,0.0,0.0,-0.1484149855907781,-0.9698277412162405,0.06866161098585775,0.0,0.0,0.0,Aerospace & Defense,Industrials,SKYH
2022Q2,2022,Q2,2022-08-11,2022-06-30,27807000.0,409000.0,-4879000.0,0.94,-694000.0,-1.6968215159,339910000.0,25664000.0,184423000.0,17103000.0,237980000.0,0.0,-3098000.0,84549080.0,293837080.0,1.718034542776811,10.78307899198971,0.6268835868318084,8.302836658354115,-0.04542737448405894,1.718034542776811,1.0835021820448878,206.72146699266503,0.7601420505628079,3.294462281795511,0.0,0.0,0.0,0.0012032596863875732,1.9709407706250366,0.08180694889823777,-3.687429892276157,-1.6968215158924205,1.3468634686346863,0.0,0.0,0.0,-2.748110831234257,1.9362311033298543,0.125,0.0,0.0,0.0,Aerospace & Defense,Industrials,SKYH
2022Q1,2022,Q1,2022-05-12,2022-03-31,-29701000.0,397000.0,-5576000.0,-2.71,397000.0,1.0,347773000.0,12923000.0,237013000.0,10850000.0,256267000.0,0.0,-15763000.0,163433680.0,337095680.0,1.1797516888807742,21.844516129032257,0.6391295471471333,17.199721426913257,-0.02860315166795149,1.1797516888807742,-2.298305347055637,411.67173803526447,-1.375658058651224,12.64672908767314,0.0,0.0,0.0,0.0011415492289510686,4.480184331797235,-0.08540340969540476,-7.232218780423047,1.0,-13.904761904761905,0.0,0.0,0.0,0.0,-10.43812026938094,-2.480312192956677,0.0,0.0,0.0,Aerospace & Defense,Industrials,SKYH
2021Q4,2021,Q4,2022-03-28,2021-12-31,3146919.0,0.0,3766773.0,0.21,0.0,0.0,405647.0,-18437619.0,114626.0,6934595.0,18843266.0,0.0,-18437959.0,151915392.0,151800766.0,-1.2343093267994858,0.0165295882456005,0.0,0.0,-0.21816344259663556,-1.2343093267994858,-0.17067925093798716,0.0,12.068581364820638,-8.23942570892695,0.0,0.0,0.0,0.0,0.0165295882456005,7.757777082044241,-77.29914536872892,0.0,0.0,4.925904902579661,-1.0,-1.8328183206838728,0.0,0.0,0.0,4.925904902579661,-1.0,-1.8328183206838728,Aerospace & Defense,Industrials,SKYH
2020Q4,2020,Q4,2021-05-24,2020-12-31,-801578.0,138527.0,-611311.0,-0.053661766281062555,0.0,0.0,52020433.0,-6508578.0,273312.0,1040438.0,58529011.0,0.0,0.0,151168512.0,208657085.0,-0.4357177859897172,0.2626893673625915,1.105115234238823,-8.832739347980466,-0.0071253342745023806,-0.4357177859897172,0.12315716274737738,1091.2566647657136,-47.14716222251608,-23.226042923661666,0.0,0.0,0.0,0.0026629343896464683,0.0,-0.015408906727093179,-40.24519326508684,0.0,0.0,0.0,0.0,0.0,0.0,0.0,0.0,0.0,0.0,0.0,Aerospace & Defense,Industrials,SKYH
2021Q3,2021,Q3,2021-11-05,2021-09-30,,,,,,,306843755.0,22092541.0,219298724.0,8363628.0,284751214.0,0.0,0.0,0.0,212877131.0,0.0,26.220525829221483,0.7246643328295862,10.06487777933738,,0.0,,0.0,0.0,0.0,0.0,0.0,,,1.153269370660675,,0.0,0.0,0.0,0.0,0.0,0.0,0.0,0.0,0.0,0.0,0.0,0.0,Aerospace & Defense,Industrials,SKYH
