Quarters,Year,Quarter,FillingDate,Date,NetIncome,Revenue,OperatingIncome,EPSDiluted,GrossProfit,GrossProfitRatio,TotalAssets,CommonStockEquity,CurrentAssets,CurrentLiability,TotalLiability,Inventory,RetainedEarnings,MarketCap,EnterpriseValue,bookValuePerShare,currentRatio,debtToAssets,debtToEquity,roic,shareholdersEquityPerShare,roe,priceToSalesRatio,peRatio,pbRatio,payoutRatio,inventoryTurnover,dividendYield,assetTurnover,quickRatio,returnOnAssets,priceToFreeCashFlowsRatio,grossProfitMargin,epsdilutedGrowth,fiveYNetIncomeGrowthPerShare,fiveYRevenueGrowthPerShare,fiveYShareholdersEquityGrowthPerShare,grossProfitGrowth,netIncomeGrowth,operatingIncomeGrowth,threeYNetIncomeGrowthPerShare,threeYRevenueGrowthPerShare,threeYShareholdersEquityGrowthPerShare,Industry,Sector,Symbol
2023Q2,2023,Q2,2023-05-19,2023-04-30,272910000.0,1394863000.0,287332000.0,1.76,1096849000.0,0.7863489103,9790732000.0,5831859000.0,3160935000.0,2748680000.0,3917910000.0,256426000.0,6075009000.0,56555732940.0,55701064940.0,38.32034930710245,1.149982900883333,0.07046704985898909,0.11830258584784029,0.03698955308081743,38.32034930710245,0.0467963988841294,40.54572595301474,51.808043805650215,9.697719533342626,0.0,1.1621832419489444,0.0,0.142467692916117,0.9005522650872418,0.02787432032661092,86.41732654492557,0.7863489102514011,0.0057142857142857195,1.6080867849710085,0.7583689767963308,0.8208136888371528,0.018443136679585435,0.005060102527841612,0.1226888392229186,1.4568661351985863,0.6025155691109829,0.3909786174746999,Software—Infrastructure,Technology,SNPS
2023Q1,2023,Q1,2023-02-17,2023-01-31,271536000.0,1361340000.0,255932000.0,1.75,1076986000.0,0.7911219828,9565624000.0,5636754000.0,3028399000.0,2724997000.0,3886873000.0,220881000.0,5805843000.0,53911853750.0,53447413750.0,36.98633211068169,1.1113403060627223,0.0721785635730612,0.12248769415873036,0.035188963017544206,36.98633211068169,0.04817240560790838,39.60204926763336,49.636009359716574,9.564343902536814,0.0,1.287362878654117,0.0,0.1423158593731052,0.8577058983918148,0.028386647854860277,763.3320649326745,0.7911219827522882,0.7676767676767677,73.13820293864582,0.7349289588407201,0.6873979451073023,0.07529670887036466,0.7689641693811075,0.17738633592948527,1.572460659442313,0.6084646483830939,0.360998478730599,Software—Infrastructure,Technology,SNPS
2022Q4,2022,Q4,2022-12-12,2022-10-31,153500000.0,1284292000.0,217373000.0,0.99,1001571000.0,0.7798623677,9418087000.0,5515725000.0,3012669000.0,2774499000.0,3858897000.0,211927000.0,5534307000.0,44690230550.0,43928993550.0,36.10689246600899,1.085842525082907,0.069692603179393,0.118999950142547,0.02281312508570769,36.10689246600899,0.027829523770673846,34.797562041965534,72.78539177524429,8.10233116226788,0.0,1.3340489885668179,0.0,0.13636442305109306,0.8511850247558208,0.01629842663377393,124.37203591714511,0.7798623677481445,-0.30769230769230765,2.258938147098862,0.815627710318973,0.5868954599149446,0.025585074519883063,-0.3105028163826328,-0.0707696385212544,-0.05985527874030948,0.48536410468039315,0.38016086696608176,Software—Infrastructure,Technology,SNPS
2022Q3,2022,Q3,2022-08-19,2022-07-31,222626000.0,1247766000.0,233928000.0,1.43,976585000.0,0.7826667821,9329547000.0,5604026000.0,2899028000.0,2545863000.0,3677905000.0,219736000.0,5377586000.0,56588589380.0,55874090380.0,36.64246949744341,1.1387211330696114,0.0717140928707471,0.11938916771620973,0.0314141116052764,36.64246949744341,0.03972608264130109,45.35192446340099,63.54669870096035,10.097845616704847,0.0,1.23412185531729,0.0,0.1337434711460267,0.8695695722825619,0.02386246620548672,140.34102648169,0.7826667820729207,-0.24338624338624337,0.8728814085926989,0.7624034394696363,0.6296728531319702,-0.04855039564777703,-0.24477493461247501,-0.35681232660894524,1.1868357745339735,0.435923221159017,0.407028045106906,Software—Infrastructure,Technology,SNPS
2022Q2,2022,Q2,2022-05-20,2022-04-30,294781000.0,1279229000.0,363701000.0,1.89,1026418000.0,0.8023723665,9210381000.0,5564311000.0,3074246000.0,2462658000.0,3599435000.0,213532000.0,5157633000.0,43904681100.0,43011323100.0,36.34666536024561,1.2483446747376208,0.07385818241395226,0.12225448936984291,0.04558357880341633,36.34666536024561,0.05297708916701457,34.32120527286358,37.23499911798929,7.890407473629709,0.0,1.183949009984452,0.0,0.13888991128597178,0.9922258795171721,0.03200529923789255,60.66109551376819,0.802372366480122,-0.05025125628140708,4.432230655483127,0.8477794247703435,0.6440525714571985,0.012974811279509628,-0.0592325932450589,-0.01842505829518957,1.438681364384335,0.49598110869048995,0.4400151064843012,Software—Infrastructure,Technology,SNPS
2022Q1,2022,Q1,2022-02-18,2022-01-31,313341000.0,1270255000.0,370528000.0,1.99,1013271000.0,0.7976910148,8752260000.0,5295137000.0,2808341000.0,2413484000.0,3453317000.0,229023000.0,4549713000.0,47574189000.0,46808116000.0,34.55949692594865,1.1636045650188689,0.07618226606613607,0.12592063245955676,0.05434365307544388,34.55949692594865,0.05917523946972477,37.452471354176915,37.95720078125748,8.984505783325341,0.0,1.1220881745501543,0.0,0.14513451382842832,0.9039633161023649,0.03580115307360613,138.58187903627513,0.7976910147962417,0.5546875,2.5612234719597797,0.9149603750423113,0.6308957604717873,0.10415029862928016,0.5554513097737867,0.9471958294795257,1.4296801476194798,0.5508582782485071,0.4829240507689869,Software—Infrastructure,Technology,SNPS
2021Q4,2021,Q4,2021-12-13,2021-10-31,201447000.0,1152419000.0,190288000.0,1.28,917693000.0,0.7963188736,8485906000.0,5151020000.0,2763976000.0,2334636000.0,3330770000.0,241103000.0,4348266000.0,50443090879.99999,49684335879.99999,33.68176705986975,1.1839001882948776,0.07943583160124564,0.13086437249321495,0.03007776131622769,33.68176705986975,0.03910817663297755,43.771484919981354,62.600945757444876,9.792835376294402,0.0,0.9735507231349257,0.0,0.13580388470011334,0.9399144020738136,0.023739009128783656,146.93888567491908,0.7963188736041318,0.007874015748031503,1.7483822186354911,0.8036260396224336,0.6370714276035612,0.07702355691591242,0.014100460114978404,-0.057620974331799746,-0.22752275708112085,0.4135707639311417,0.5906735559915044,Software—Infrastructure,Technology,SNPS
2021Q3,2021,Q3,2021-08-20,2021-07-31,198646000.0,1057130000.0,201923000.0,1.27,852064000.0,0.8060162894,8339565000.0,5088135000.0,2689800000.0,2255700000.0,3247060000.0,230068000.0,4149620000.0,43957353650.0,43191563650.0,33.335309725816494,1.192445803963293,0.08299329761204571,0.13602783731170656,0.029539520266901115,33.335309725816494,0.03904102387220465,41.581786204156536,55.32121669955599,8.639187767227087,0.0,0.8913277813516004,0.0,0.12676080826757752,0.9964237265593829,0.02381970762263979,110.27465875765459,0.8060162893873034,0.024193548387096794,2.0399283380664666,0.7018365878445072,0.5997642657525792,0.05149339102126646,0.0182901198494961,0.03960232918535146,1.433622285112812,0.3189737177956538,0.5201212363833634,Software—Infrastructure,Technology,SNPS
2021Q2,2021,Q2,2021-05-21,2021-04-30,195078000.0,1024323000.0,194231000.0,1.24,810337000.0,0.7910951917,8012838000.0,4882252000.0,2397724000.0,2171383000.0,3125940000.0,230907000.0,3954542000.0,37732238500.0,37364892500.0,31.96760189883778,1.1042381744722143,0.08183467580400353,0.13430851172778463,0.028855896219810585,31.96760189883778,0.039956561029623215,36.836269907050806,48.35532261454392,7.7284495966205755,0.0,0.9267194151758067,0.0,0.12783523141239098,0.8462735500830577,0.0243456812679852,74.0132256710422,0.791095191653414,0.20388349514563103,1.8031491462146167,0.6878161108070859,0.627573253692939,0.06298519523246082,0.20162616649727433,0.30929301372448564,0.857711655133424,0.2867163074307151,0.5189592002469576,Software—Infrastructure,Technology,SNPS
2021Q1,2021,Q1,2021-02-19,2021-01-31,162345000.0,970321000.0,148348000.0,1.03,762322000.0,0.7856389793,8030062000.0,4907404000.0,2549217000.0,2139922000.0,3117695000.0,192333000.0,3795397000.0,40193897860.0,39621735860.0,32.180120395021575,1.1912663171835236,0.08262588757098015,0.13520203349877044,0.022225550611423246,32.180120395021575,0.033081645611406765,41.423299980109675,61.89580501401337,8.190460345225295,0.0,1.0814524808535197,0.0,0.12083605332063439,0.9573792876562791,0.020217153989595598,276.8784984294059,0.7856389792656244,-0.18253968253968253,1.7125068464922302,0.7117564011655748,0.5706911085474967,-0.048156425976101584,-0.17781266617710365,-0.24363183978137173,44.10230436677756,0.2358170708781817,0.4681279794214283,Software—Infrastructure,Technology,SNPS
2020Q4,2020,Q4,2020-12-15,2020-10-31,197455000.0,1025439000.0,196132000.0,1.26,800890000.0,0.7810215917,7663250000.0,4595925000.0,2186015000.0,2056277000.0,3061933000.0,159813000.0,3597944000.0,32581357140.000004,32019132140.000004,30.167083472815705,1.06309363962151,0.08787759762502854,0.14652719528712935,0.034626145396295785,30.167083472815705,0.0429630596669876,31.77308171427067,41.25162333189841,7.089183818273797,0.0,1.405073429570811,0.0,0.13381254689589925,0.9216180504863888,0.025766482889113627,195.49830875205512,0.7810215917280307,-0.22222222222222227,3.0454205362740594,0.7805225353965254,0.49306611178105764,0.03859810199630151,-0.219270810680437,-0.06869011101719864,2.6238168129783963,0.45360276554353546,0.325841260001898,Software—Infrastructure,Technology,SNPS
2020Q3,2020,Q3,2020-08-21,2020-07-31,252911000.0,964134000.0,210598000.0,1.62,771126000.0,0.7998120593,7322466000.0,4275086000.0,1960755000.0,2054197000.0,3041517000.0,166437000.0,3356489000.0,30152345440.0,30066262440.0,28.24598287435911,0.9545116656289538,0.10520240039352863,0.18019310020897825,0.04030028601922884,28.24598287435911,0.05915927773148891,31.27401942053698,29.805292612816366,7.053038334199592,0.0,1.1596459921772202,0.0,0.1316679380962643,0.7350998954822736,0.034539047364644644,85.4668007573782,0.7998120593195551,1.2816901408450707,3.692391733526232,0.7825812490095747,0.43333941960082706,0.1389296696609764,1.3008642649199418,0.6728067039993646,1.1499549331983059,0.37605827077359816,0.2562393346219548,Software—Infrastructure,Technology,SNPS
2020Q2,2020,Q2,2020-05-22,2020-04-30,109920000.0,861327000.0,125895000.0,0.71,677062000.0,0.7860684734,7202903000.0,4148827000.0,1951429000.0,2055738000.0,3048213000.0,148057000.0,3268205000.0,23661800640.0,23819962640.0,27.549200847294436,0.9492595846357853,0.11919055414185087,0.2069302962017939,0.022695406411539294,27.549200847294436,0.02649423559960442,27.4713327690877,53.815958515283846,5.7032507356898705,0.0,1.2445544621328273,0.0,0.11958053579230485,0.7400656114738356,0.015260513712318492,67.06935634190864,0.7860684734136977,0.059701492537313314,1.02855832577621,0.586018181338676,0.4493477468903696,0.055414309608690704,0.056303514284890596,0.4385369532428356,1.0591402911717707,0.26473749610455916,0.24612076639426797,Software—Infrastructure,Technology,SNPS
2020Q1,2020,Q1,2020-02-21,2020-01-31,104061000.0,834381000.0,87516000.0,0.67,641513000.0,0.768849003,6405160000.0,4083013000.0,1738917000.0,1752453000.0,2316284000.0,141518000.0,3164144000.0,22162492440.0,21571602440.0,27.175880567610022,0.9922759697407006,0.0214993848709478,0.033726809099064836,0.019262373431017995,27.175880567610022,0.025486325906873185,26.561597687387415,53.24399256205494,5.427974988078656,0.0,1.3628513687304795,0.0,0.1302670034784455,0.7460097360671014,0.01624643256374548,-483.36951886586695,0.7688490030333864,-0.3557692307692307,0.6410693928804749,0.5825007896663785,0.3734616074079351,-0.040136876849737706,-0.35250818223676844,-0.3253521018185182,0.20609814271881055,0.2827615579799143,0.28245583261152213,Software—Infrastructure,Technology,SNPS
2019Q4,2019,Q4,2019-12-20,2019-10-31,160714000.0,851081000.0,129721000.0,1.04,668338000.0,0.7852813069,6153408000.0,3933806000.0,1617645000.0,1630450000.0,2213739000.0,155108000.0,3003430000.0,20412320250.0,19825661250.0,26.161365193160734,0.9921463399674937,0.023066567339594578,0.03608159629630948,0.038862015013335284,26.161365193160734,0.04085458205107217,23.983992416702993,31.75255461565265,5.188949391505326,0.0,1.1781661809835728,0.0,0.13831051020832683,0.745645680640314,0.02611788459338305,142.2818285423521,0.7852813069496323,0.6,1.676264645819352,0.6421583031239745,0.3655449672393785,0.003001479729506647,0.6082818801348958,0.01667006285562017,1.2300565153456073,0.35473020854981735,0.2715491853114009,Software—Infrastructure,Technology,SNPS
2019Q3,2019,Q3,2019-08-26,2019-07-31,99929000.0,852970000.0,127594000.0,0.65,666338000.0,0.781197463,6194223000.0,3909572000.0,1643883000.0,1732927000.0,2278788000.0,166329000.0,2912811000.0,19930329480.0,19591012480.0,26.042458517349107,0.9486164160406064,0.04711551392321523,0.07464858045842358,0.022833116017211885,26.042458517349107,0.025560086884190904,23.36580358043073,49.86122516987061,5.097828989976396,0.0,1.122065304306525,0.0,0.13770411559286774,0.7026868413960888,0.016132612597253924,63.85654296067745,0.7811974629822854,-0.15584415584415584,0.5734205325419761,0.6898470067011352,0.3845387280002895,0.03218121236811899,-0.15464850689450976,0.10469082786445257,0.5548265905542651,0.39614367060898803,0.24977973419380195,Software—Infrastructure,Technology,SNPS
2019Q2,2019,Q2,2019-05-24,2019-04-30,118210000.0,836242000.0,115502000.0,0.77,645563000.0,0.7719810772,6344486000.0,3778802000.0,1797630000.0,2025638000.0,2559821000.0,137559000.0,2820910000.0,18127128960.0,18076693960.0,25.240475045420542,0.8874389204783876,0.08540802202101164,0.14339729893230713,0.023596995599482508,25.240475045420542,0.03128240114194922,21.6768937221522,38.33670789273327,4.7970570990488515,0.0,1.3861615743062976,0.0,0.13180610690921218,0.6961480777907998,0.018631926999287254,58.07910954756481,0.7719810772479737,-0.06097560975609748,0.9275608723370852,0.6677484355031693,0.3819247590852075,0.06675534771508597,-0.05925701916343032,0.014189628224715945,0.7327888723008693,0.4056386862788125,0.285073626242952,Software—Infrastructure,Technology,SNPS
2019Q1,2019,Q1,2019-02-25,2019-01-31,125656000.0,798057000.0,113886000.0,0.82,605165000.0,0.7582979662,6145974000.0,3479152000.0,1543797000.0,2102415000.0,2660959000.0,122407000.0,2543688000.0,13936034800.0,13682223800.0,23.30496757944376,0.7342969870363368,0.0763595810851136,0.13489034109461157,0.03192472066283812,23.30496757944376,0.036116846863833485,17.462455438646614,27.726560609919144,4.005583774436989,0.0,1.5758249119739884,0.0,0.1298503703399982,0.6439532632710478,0.02044525408015068,-80.20139385254629,0.7582979661853727,-0.5060240963855421,0.9155880981789922,0.7195893005162106,0.28771393053652217,0.0011000827129859388,-0.5059293510742033,0.8510524177163754,1.1446400126336107,0.43813511092839524,0.137500572175701,Software—Infrastructure,Technology,SNPS
2018Q4,2018,Q4,2018-12-17,2018-10-31,254328000.0,795082000.0,61525000.0,1.66,604500000.0,0.7602989377,5795215000.0,3158139000.0,1465583000.0,2083405000.0,2631213000.0,122407000.0,2296546000.0,13353220440.0,13233542440.0,21.174531337999838,0.7034556411259453,0.10725365668055456,0.1968114766322825,0.07923537938872016,21.174531337999838,0.08053097092939861,16.794771407225923,13.125983415117487,4.228192755290379,0.0,1.5569534422051026,0.0,0.13719629038784584,0.6177123506951361,0.043885861007745185,130.6347261734724,0.7602989377196314,2.192307692307692,3.627014910679653,0.6299366006974413,0.19464032341873264,0.017106571568464145,2.2027603923988464,-0.03819097048524262,4.32245366292575,0.4101708706219431,0.04799574682460107,Software—Infrastructure,Technology,SNPS
2018Q3,2018,Q3,2018-08-24,2018-07-31,79409000.0,779714000.0,63968000.0,0.52,594333000.0,0.7622448744,5699071000.0,3256293000.0,1370186000.0,1881922000.0,2438674000.0,0.0,2223287000.0,13279460700.000002,13233006700.000002,21.9293757155364,0.7280779968564053,0.09200569706887315,0.16102574307655976,0.01868876348789431,21.9293757155364,0.02438631904438575,17.031194386659728,41.80716511982269,4.078091467813247,0.0,0.0,0.0,0.13681422814349917,0.6302503504396038,0.013933674453257381,49.84876105032002,0.7622448744026656,-0.22388059701492538,0.5738983858173464,0.6734833565400141,0.2505909238383126,-0.006226831221773176,-0.22506635959091265,-0.49637047884485175,0.5017139882800403,0.4693938727767545,0.11280385604314352,Software—Infrastructure,Technology,SNPS
2018Q2,2018,Q2,2018-05-25,2018-04-30,102472000.0,776836000.0,127014000.0,0.67,598057000.0,0.7698626222,5717549000.0,3136529000.0,1332346000.0,1950414000.0,2576916000.0,0.0,2133854000.0,12743897340.0,12710140340.0,21.045727820497337,0.6831093296089958,0.10006647953519944,0.18241023755877914,0.029417279987018933,21.045727820497337,0.03267050934328999,16.40487482557451,31.091169636583654,4.063057392423281,0.0,0.0,0.0,0.1358687087771351,0.589373845757875,0.017922364985415953,302.1241160712169,0.7698626222265703,34.5,0.5366353961214864,0.6027679141214984,0.24159780642291606,0.016636918421813113,28.762665944188566,0.17913440650587645,0.9109395755517826,0.44544112301107,0.10720373949799687,Software—Infrastructure,Technology,SNPS
2018Q1,2018,Q1,2018-02-23,2018-01-31,-3691000.0,769426000.0,107718000.0,-0.02,588270000.0,0.7645569554,5396414000.0,3275620000.0,1682593000.0,1614109000.0,2116690000.0,0.0,2143873000.0,13839731010.0,12935362010.0,21.919152039935494,1.0424283614055805,0.026681978069139987,0.04395717451963292,-0.0009680599953253545,21.919152039935494,-0.0011268095810869393,17.98708519077858,-937.3971152804119,4.225072203124904,0.0,0.0,0.0,0.14258098062898805,0.958892491151465,-0.0006839727270739421,-156.40234845402767,0.7645569554447081,0.975,-1.0535065726757644,0.6414397137157207,0.327203891117154,0.11040431877383065,0.9692626705084859,0.17451179222138627,-1.0585208153326247,0.4671474375051844,0.10778797834687097,Software—Infrastructure,Technology,SNPS
2017Q4,2017,Q4,2017-12-14,2017-10-31,-120082000.0,696644000.0,91713000.0,-0.8,529780000.0,0.7604745035,5678939000.0,3423168000.0,1894632000.0,1764398000.0,2255771000.0,0.0,2277499000.0,13016760960.0,12297612960.0,22.75316388386685,1.073812144425464,0.07674637815267958,0.1273200731018752,-0.02855977985204939,22.75316388386685,-0.035079201488212086,18.684953807109515,-27.099733848536832,3.8025480957989792,0.0,0.0,0.0,0.12267150606829902,1.0028950384210364,-0.021145147007213847,79.05379643744268,0.7604745034766681,-2.066666666666667,-5.0565751870452695,0.5067537975228928,0.4064407072892829,0.007502353399830746,-2.028530804875333,-0.12960994590490652,-2.9985700530714134,0.3434488710434433,0.18764705897342862,Software—Infrastructure,Technology,SNPS
2017Q3,2017,Q3,2017-08-18,2017-07-31,116751000.0,695381000.0,105370000.0,0.75,525835000.0,0.7561825819,5466558000.0,3377495000.0,1682012000.0,1593347000.0,2089063000.0,0.0,2170133000.0,11501885979.999998,10928249979.999998,22.48455536767545,1.0556470122327402,0.07640804323305452,0.1236682807820589,0.028738910878558073,22.48455536767545,0.03456733466666864,16.540408754337548,24.62909521117592,3.4054487068078556,0.0,0.0,0.0,0.12720637007784424,0.9796001749775787,0.02135731478564757,44.27923675112989,0.7561825819227157,1.2058823529411764,0.5183930056374304,0.54189340800258,0.451211614400238,0.0150451412146915,1.1902037294113232,0.9656381748311756,0.8371757513117442,0.3768076609396687,0.19538397911528227,Software—Infrastructure,Technology,SNPS
2017Q2,2017,Q2,2017-05-19,2017-04-30,53306000.0,680069000.0,53606000.0,0.34,518041000.0,0.761747705,5264254000.0,3324685000.0,1484043000.0,1456555000.0,1939569000.0,0.0,2137395000.0,11119392960.0,10611223960.0,22.107970262793913,1.0188719272530045,0.060699958626616424,0.0961113609259223,0.01264307027599111,22.107970262793913,0.016033398652804703,16.350389386959264,52.14888080141072,3.344495180746447,0.0,0.0,0.0,0.1291862056808049,0.9288609081016508,0.010126031152752128,102.08302005967408,0.7617477050122855,-0.39285714285714285,1.466910937237872,0.5258158913702312,0.4856831271289301,0.04225213262514083,-0.38437196840208804,-0.4466420298532114,-0.13466362601151477,0.35022617965937664,0.21041903626205613,Software—Infrastructure,Technology,SNPS
2017Q1,2017,Q1,2017-02-17,2017-01-31,86588000.0,652786000.0,96874000.0,0.56,497040000.0,0.7614133882,5240365000.0,3195146000.0,1716938000.0,1714946000.0,2045219000.0,0.0,1947585000.0,9482679980.0,8711059980.0,21.19050019233065,1.0011615526086535,0.06631217481988373,0.10875872338854,0.02185064087204434,21.19050019233065,0.027099857095732087,14.526475720986664,27.378736025777243,2.967839335041341,0.0,0.0,0.0,0.1245688038905687,0.9401339750639379,0.01652327652749379,342.6937942250009,0.7614133881547704,0.19148936170212785,0.4573960077557629,0.4639704694961335,0.4509739440693469,0.011255157596621011,0.19108078737774598,0.17058375726524644,0.306929039923563,0.39263419580376474,0.17087922133690953,Software—Infrastructure,Technology,SNPS
2016Q4,2016,Q4,2016-12-12,2016-10-31,72697000.0,633719000.0,82757000.0,0.47,491508000.0,0.7755929679,5108789000.0,3120746000.0,1552038000.0,1663596000.0,1988043000.0,0.0,1894333000.0,8996200110.0,8327383110.0,20.574402858630943,0.9329416516990904,0.054318156416324884,0.0889210464421007,0.021393799172224028,20.574402858630943,0.023294750678203226,14.195881944521153,30.937315535716746,2.882708208229699,0.0,0.0,0.0,0.12404485681440357,0.8766485372650571,0.014229791052243496,70.37628185871861,0.7755929678611498,0.11904761904761903,0.7261576604131645,0.538975325140021,0.39510768676622526,0.03360692452794479,0.12328872956519052,0.07866061885769401,0.3004973241752752,0.2774437024038144,0.1607818323266804,Software—Infrastructure,Technology,SNPS
2016Q3,2016,Q3,2016-08-22,2016-07-31,64718000.0,615204000.0,76722000.0,0.42,475527000.0,0.7729582382,4965263000.0,3150005000.0,1403197000.0,1485212000.0,1815258000.0,0.0,1838704000.0,8246268950.0,7668322950.0,20.837638669303892,0.9447789271834593,0.05034980020192284,0.07936495338896288,0.017134359060557276,20.837638669303892,0.020545364213707597,13.404121153308497,31.854619078154453,2.617859003398407,0.0,0.0,0.0,0.12390159393369496,0.8802750045111405,0.013034153477872169,35.640430428656636,0.7729582382429243,-0.06666666666666672,0.1915790929316819,0.5251892629746748,0.4066438086941928,0.00454607869025614,-0.06714137453874539,-0.11616708522452365,0.2599883156010206,0.2969991244813959,0.18833121982543782,Software—Infrastructure,Technology,SNPS
2016Q2,2016,Q2,2016-05-24,2016-04-30,69376000.0,605005000.0,86806000.0,0.45,473375000.0,0.7824315502,4747523000.0,2990383000.0,1200528000.0,1433282000.0,1757140000.0,0.0,1784317000.0,7234920000.0,6879434000.0,19.64126765188834,0.8376076724608277,0.0479197257180218,0.07607721151437792,0.01924951241199749,19.64126765188834,0.02319970385064388,11.958446624408063,26.071407979704798,2.41939577639386,0.0,0.0,0.0,0.12743592816717264,0.7739230660819015,0.014613094028191121,34.81373124560914,0.7824315501524781,0.15384615384615383,-0.1659952617923495,0.49858618224536283,0.3513131851906925,0.07791010110210402,0.15559257100024984,0.2207284488820138,0.018363753109729517,0.22187932614334524,0.15874133885732533,Software—Infrastructure,Technology,SNPS
2016Q1,2016,Q1,2016-02-22,2016-01-31,60035000.0,568604000.0,71110000.0,0.39,439160000.0,0.7723477148,5045739000.0,3133989000.0,1563801000.0,1578353000.0,1911750000.0,0.0,1725727000.0,6513377440.0,5882189440.0,20.487873280686156,0.9907802627168953,0.04062834007070124,0.06541184413857228,0.01987127112591536,20.487873280686156,0.01915609786760579,11.455032746867767,27.123250770383944,2.0783025849803556,0.0,0.0,0.0,0.11268993501249272,0.8853285671836402,0.01189815802997341,-126.65287572675832,0.7723477147540292,0.2580645161290323,0.2127061673623388,0.5190537868893261,0.4536935012273833,-0.018231000525356852,0.20644266709537398,0.2354494596754578,-0.14976930507057754,0.18505134121071037,0.24054001219117688,Software—Infrastructure,Technology,SNPS
2015Q4,2015,Q4,2015-12-14,2015-10-31,49762000.0,587159000.0,57558000.0,0.31,447315000.0,0.7618294193,4953972000.0,3138248000.0,1627537000.0,1459343000.0,1815724000.0,0.0,1688764000.0,7762993559.999999,6989070559.999999,20.20478747376418,1.115253233818232,0.042894873043287284,0.06771294046869464,0.015286572660829072,20.20478747376418,0.015856618087544388,13.221280028067353,39.00061070696515,2.4736711566453637,0.0,0.0,0.0,0.11852287417046362,0.9999972590405408,0.010044869046494409,58.687846321328124,0.7618294192884721,-0.11428571428571424,0.8667809478874855,0.4901828142249415,0.45888144503243794,0.04921258919063457,-0.1015581273584054,-0.06382355811457012,0.6282942484644671,0.23010040228709336,0.24891798478098767,Software—Infrastructure,Technology,SNPS
2015Q3,2015,Q3,2015-08-24,2015-07-31,55387000.0,555805000.0,61482000.0,0.35,426334000.0,0.7670567915,4756167000.0,3064998000.0,1544975000.0,1325038000.0,1691169000.0,0.0,1643207000.0,7907297720.000001,7258452720.000001,19.706416001748824,1.1659854283424325,0.04625573492268038,0.07177818713095409,0.015900828486037386,19.706416001748824,0.01807081113919161,14.226748086109339,35.6911266181595,2.5798704338469394,0.0,0.0,0.0,0.11685985794863805,1.0390909543726292,0.011645301773465903,31.585602748207478,0.7670567915006162,0.0,0.3402129094928892,0.5697873642052339,0.4171232506858484,-0.013645449665920155,-0.0037592632563493776,-0.1902485281915524,-0.3043043466128493,0.1902600108197615,0.271903282599677,Software—Infrastructure,Technology,SNPS
2015Q2,2015,Q2,2015-05-22,2015-04-30,55596000.0,557204000.0,75927000.0,0.35,432232000.0,0.7757158958,4662349000.0,2937021000.0,1416273000.0,1343104000.0,1725328000.0,0.0,1608758000.0,7243663200.0,6749339200.0,19.00799922337637,1.05447753859716,0.06488145782308445,0.10299551824791174,0.015533876771705377,19.00799922337637,0.01892938457028397,13.000020100358217,32.57277142240449,2.4663300670986015,0.0,0.0,0.0,0.11951143082596348,0.9144176474792719,0.011924461253329598,55.82741712973311,0.775715895794,-0.14634146341463414,0.35457458556318494,0.5880209637777241,0.4360578748058512,0.03550945113916772,-0.1471567288959794,0.06193093609700835,1.504101381287673,0.21673042129903225,0.27736121366942906,Software—Infrastructure,Technology,SNPS
2015Q1,2015,Q1,2015-02-24,2015-01-31,65189000.0,542043000.0,71499000.0,0.41,417410000.0,0.7700680573,4775499000.0,3056170000.0,1504735000.0,1386759000.0,1719329000.0,0.0,1551592000.0,6640149420.0,5729387420.0,19.786414429812634,1.085073181425179,0.015705165051861595,0.024540519670044534,0.019429151444153525,19.786414429812634,0.021330292490273774,12.250226310458764,25.464991869793984,2.1727028993805977,0.0,0.0,0.0,0.1135049970694162,1.0522542128805366,0.013650720060877407,-61.56323922899341,0.770068057331245,0.05128205128205118,-0.5333122276017362,0.5606462328014843,0.5753675269630767,-0.0004334384601200696,0.043775518373228725,0.2434608695652174,0.07110803832294682,0.18668189775965258,0.3548321900681966,Software—Infrastructure,Technology,SNPS
2014Q4,2014,Q4,2014-12-15,2014-10-31,62455000.0,539012000.0,57500000.0,0.39,417591000.0,0.7747341432,4544929000.0,2996053000.0,1314783000.0,1227284000.0,1548876000.0,0.0,1501238000.0,6408657299.999999,5588111299.999999,19.158186526840808,1.0712948266252962,0.018152098745656972,0.027536228497960485,0.018775912359197143,19.158186526840808,0.020845759404122692,11.889637521984666,25.653099431590743,2.139033354883909,0.0,0.0,0.0,0.11859635211023098,0.9455456112847556,0.013741688814060682,50.50322547598032,0.7747341432101698,-0.07142857142857137,1.947764901710747,0.4686153966773134,0.5663931558959523,0.027835345892754295,-0.04875411234312173,-0.14468888988055395,0.43835892430570333,0.2696074180021149,0.29907698764071217,Software—Infrastructure,Technology,SNPS
2014Q3,2014,Q3,2014-08-26,2014-07-31,65656000.0,521812000.0,67227000.0,0.42,406282000.0,0.7785984224,4560536000.0,2919119000.0,1328271000.0,1304732000.0,1641417000.0,0.0,1437246000.0,5861677380.000001,5330044380.000001,18.809483614057246,1.0180412529163076,0.06358901672961248,0.09934504211715932,0.01943466225488999,18.809483614057246,0.02249171753532487,11.233312725655985,22.319656162422323,2.008029607563104,0.0,0.0,0.0,0.11441900688866397,0.8909722456412504,0.014396553387584266,18.84729181470633,0.7785984224203353,0.049999999999999906,0.28549361788650174,0.4040280269233286,0.6005004581981854,0.006615264164593719,0.03694110586414391,0.053153491869536613,0.17749757303951033,0.2601042150790876,0.26973329801636137,Software—Infrastructure,Technology,SNPS
2014Q2,2014,Q2,2014-05-28,2014-04-30,63317000.0,517697000.0,63834000.0,0.4,403612000.0,0.7796297834,4192156000.0,2823215000.0,1320865000.0,1036703000.0,1368941000.0,0.0,1382199000.0,5814998640.0,5019445640.0,18.26472452966902,1.2741016472413025,0.02325772227941899,0.03453509562679428,0.020332821313616814,18.26472452966902,0.022427268203094698,11.232436425167617,22.959863227885084,2.0597080420726015,0.0,0.0,0.0,0.12349182616295767,1.1179373456042858,0.015103684118625357,-64.5773722611525,0.7796297834447563,-0.06976744186046505,0.21540411465404372,0.42461668714137496,0.6313533674258571,0.08177388488938682,-0.06468624438666981,0.0611410333133852,-0.2502679679006823,0.26306262242207923,0.2566074409379943,Software—Infrastructure,Technology,SNPS
2014Q1,2014,Q1,2014-02-26,2014-01-31,67696000.0,478951000.0,60156000.0,0.43,373102000.0,0.7789982691,4358935000.0,2788277000.0,1447977000.0,1222919000.0,1570658000.0,0.0,1324854000.0,6141070760.0,5223629760.0,18.097938545818025,1.184033447840781,0.024088452798676743,0.03765766457206368,0.0197728629236816,18.097938545818025,0.024278792960670693,12.82191865138605,22.678853846608366,2.202460788508459,0.0,0.0,0.0,0.1098779862512288,1.0603678575604762,0.01553039905389734,-68.88701537909296,0.7789982691340033,0.19444444444444448,0.18893986434372137,0.29805675883155686,0.6798696467038919,-0.032828191183256174,0.18994550887677975,0.17920570823695456,0.3577126379962525,0.27042229540418433,0.28411842894740497,Software—Infrastructure,Technology,SNPS
2013Q4,2013,Q4,2013-12-20,2013-10-31,56890000.0,504875000.0,51014000.0,0.36,385766000.0,0.7640821986,4288472000.0,2736130000.0,1330084000.0,1171682000.0,1552342000.0,0.0,1283068000.0,5622118980.0,4842248980.0,17.724607919983935,1.135191971883156,0.026233119861806257,0.041116467419311215,0.017251143436304014,17.724607919983935,0.02079214072430769,11.135665224065363,24.70609500791,2.054770416610322,0.0,0.0,0.0,0.11772841235759497,1.0152925452469186,0.013265797235005847,32.578396147694875,0.764082198564001,0.09090909090909081,0.13216704590111758,0.32133704478898845,0.6508024773084952,0.05028069850638991,0.08782530546685278,-0.07238839894535867,1.147357483337847,0.28926020534925084,0.27980072289877717,Software—Infrastructure,Technology,SNPS
2013Q3,2013,Q3,2013-08-30,2013-07-31,52297000.0,482945000.0,54995000.0,0.33,367298000.0,0.7605379495,4098888000.0,2698932000.0,1106369000.0,1012922000.0,1399956000.0,0.0,1231378000.0,5701011600.0,5139993600.0,17.535210993080597,1.0922548824095044,0.02927623296855147,0.04446203164807413,0.01753886105930468,17.535210993080597,0.019376923909161105,11.804680864280611,27.253052756372256,2.112321318210314,0.0,0.0,0.0,0.11782341942497575,0.9407219904395403,0.012758826296302803,23.36614231964129,0.7605379494559422,-0.24999999999999997,-0.16135931311035115,0.29963465680751905,0.7419525671473308,-0.06187615574013343,-0.23866299806379293,-0.3082650969145818,0.27874613227574074,0.37834411409659513,0.2609880559596099,Software—Infrastructure,Technology,SNPS
2013Q2,2013,Q2,2013-05-31,2013-04-30,68691000.0,499257000.0,79503000.0,0.44,391524000.0,0.784213341,4020546000.0,2602159000.0,999782000.0,1022012000.0,1418387000.0,0.0,1167623000.0,5460528550.0,5037663550.0,16.950519493209132,0.9782487876854675,0.03171211074316772,0.04899777454029519,0.02307388898886981,16.950519493209132,0.026397695144685623,10.937309942574666,19.873522550261317,2.0984607589313335,0.0,0.0,0.0,0.12417641782981714,0.8252828733909191,0.01708499293379556,46.5430912360853,0.7842133410247628,-0.02222222222222224,0.6114138376892363,0.4213423219650444,0.6697590619203737,0.0753967599993408,-0.017605331655273018,0.3037339499188272,0.6845311452038796,0.432141724964674,0.28061489871784784,Software—Infrastructure,Technology,SNPS
2013Q1,2013,Q1,2013-03-04,2013-01-31,69922000.0,475137000.0,60981000.0,0.45,364074000.0,0.7662505761,4147656000.0,2501686000.0,1140656000.0,1252639000.0,1603685000.0,0.0,1098694000.0,5065390880.0,4500008880.0,16.515286149052333,0.9106023363475032,0.03254850450471302,0.05396360694347732,0.022544942909721356,16.515286149052333,0.027949950553346824,10.660905970278046,18.11086238951975,2.0247908330621827,0.0,0.0,0.0,0.11455554655448764,0.8065508099300757,0.0168581965331744,-47.677408205717086,0.7662505761496158,-0.09999999999999998,0.45105545403224556,0.451699756070948,0.6786828486687067,0.03521577302673669,1.404387744575496,0.5442137249936693,-0.48957768025977194,0.3949328154877137,0.31492472221337675,Software—Infrastructure,Technology,SNPS
2012Q4,2012,Q4,2012-12-20,2012-10-31,29081000.0,454213000.0,39490000.0,0.5,351689000.0,0.7742821099,3869271000.0,2391100000.0,1293702000.0,1138215000.0,1478171000.0,0.0,1079382000.0,4759192200.0,3937925200.0,16.177833708838236,1.1366060015023525,0.036828642914905674,0.05959600184015725,0.01060730850291672,16.177833708838236,0.012162184768516581,10.477886366088157,40.91324404250198,1.9903777340972775,0.0,0.0,0.0,0.1173898132232144,1.0476017272659384,0.007515886067427172,59.14611570247934,0.7742821099352066,0.0,-0.3100476133182134,0.4020703229294637,0.7653835252380505,0.022476581443083166,-0.6156154171513165,-0.3770802113731367,0.45228780052397294,0.3094439847483964,0.3227164253382889,Software—Infrastructure,Technology,SNPS
2012Q3,2012,Q3,2012-08-31,2012-07-31,75656000.0,443747000.0,63395000.0,0.5,343958000.0,0.77512186,3744482000.0,2289976000.0,1173541000.0,1073217000.0,1454506000.0,0.0,1009475000.0,4476892290.0,3930298290.0,15.493643480084708,1.0934796970230625,0.06676490900477022,0.10917144983178863,0.03091250438409321,15.493643480084708,0.033037900833895205,10.088839563985784,14.793579788780796,1.9549952881602253,0.0,0.0,0.0,0.11850691230455908,0.9893302100134456,0.020204663822659584,15.888012158507761,0.7751218599787717,2.571428571428571,1.9619076984219315,0.4199196785457245,0.6962965089750057,0.03584647121711765,2.607648657670116,2.6995214752567693,0.555379730069054,0.25370309880643305,0.3183553572147222,Software—Infrastructure,Technology,SNPS
2012Q2,2012,Q2,2012-06-04,2012-04-30,20971000.0,432561000.0,17136000.0,0.14,332055000.0,0.7676489559,3299000000.0,2171805000.0,1289650000.0,863828000.0,1127195000.0,0.0,1001409000.0,4379899480.0,3818560480.0,14.880676679365253,1.4929476701380366,0.07578053955744164,0.11511162374154217,0.006317203893082158,14.880676679365253,0.009656023445935524,10.125507107668051,52.2137651995613,2.016709363870145,0.0,0.0,0.0,0.13111882388602608,1.3655739336997643,0.006356774780236435,37.3071735334452,0.767648955869808,-0.641025641025641,-0.49729164960784633,0.46071430578874867,0.6944483556543795,-0.010686981962924783,-0.6301019508237203,-0.7552104909789581,-0.5736638183285975,0.2606729015192539,0.3290998159334315,Software—Infrastructure,Technology,SNPS
2012Q1,2012,Q1,2012-03-06,2012-01-31,56694000.0,425496000.0,70003000.0,0.39,335642000.0,0.7888252769,3367334000.0,2101300000.0,1338055000.0,1008810000.0,1266034000.0,0.0,957517000.0,4197037940.0000005,3341960940.0000005,14.604328547003794,1.3263696830919598,0.0,0.0,0.02558224801761625,14.604328547003794,0.026980440679579307,9.86387166976893,18.507416746040146,1.9973530385951557,0.0,0.0,0.0,0.12635990371017547,1.2219773792884685,0.016836464692840093,-82.18367189488733,0.7888252768533665,0.4444444444444444,1.408555265906129,0.40639367485642397,0.7925965878612665,0.09992823178185084,0.41940814180561814,0.24301720617220376,0.06618930418669983,0.23480511944015067,0.35558910063112503,Software—Infrastructure,Technology,SNPS
2011Q4,2011,Q4,2011-12-16,2011-10-31,39942000.0,390534000.0,56317000.0,0.27,305149000.0,0.7813634664,3368638000.0,2121507000.0,1362296000.0,982090000.0,1247131000.0,0.0,931281000.0,3856752550.0,2966866550.0,14.747537450905426,1.3871396715168671,0.0,0.0,0.019798159855854605,14.747537450905426,0.01882718275263763,9.875587144781248,24.13970601121626,1.8179306266724549,0.0,0.0,0.0,0.11593231448437025,1.2576688490871508,0.011857017583961233,66.60942902540543,0.7813634664331403,-0.22857142857142848,2.9107044381948617,0.36549219764367313,0.8175647281908847,0.010216411808132741,-0.23309396720556047,-0.03200467522645628,-0.14701869505859172,0.09679061063892386,0.3735294720232409,Software—Infrastructure,Technology,SNPS
2011Q3,2011,Q3,2011-09-02,2011-07-31,52082000.0,386795000.0,58179000.0,0.35,302063000.0,0.7809382231,3209469000.0,2147398000.0,1206622000.0,807836000.0,1062071000.0,0.0,883487000.0,3425404800.0,2731372800.0,14.813727924944812,1.493647225426943,0.0,0.0,0.025212118115210496,14.813727924944812,0.024253538468416196,8.855866285758607,16.44236396451749,1.5951420277005006,0.0,0.0,0.0,0.12051682069526143,1.3359481379884035,0.016227606498146578,11.916855574341954,0.7809382230897504,-0.33962264150943405,5.783021318509422,0.3720109338108765,0.7618382953051033,-0.018134715025906734,-0.35791601942944495,0.12564573860888073,-0.11321248187663928,0.10519071497884049,0.4715997086127056,Software—Infrastructure,Technology,SNPS
2011Q2,2011,Q2,2011-05-27,2011-04-30,81114000.0,393670000.0,51685000.0,0.53,307642000.0,0.7814717911,3213288000.0,2157873000.0,1194277000.0,785082000.0,1055415000.0,0.0,816700000.0,4066346790.0,3365734790.0,14.534948572352334,1.52121307073656,0.0,0.0,0.03393053434060483,14.534948572352334,0.037589793282551846,10.329328600096527,12.53281427990236,1.8844235921205743,0.0,0.0,0.0,0.12251313918951554,1.35992291251105,0.02524330218766572,47.667770027899564,0.7814717910940635,0.7096774193548389,13.571649781643384,0.3833757438233397,0.781084310085636,0.09739279943211612,0.6819557914817733,0.10764647893360765,0.9676212476787939,0.15889817960253658,0.4318063881732426,Software—Infrastructure,Technology,SNPS
2011Q1,2011,Q1,2011-03-02,2011-01-31,48226000.0,364644000.0,46662000.0,0.31,280339000.0,0.7688018999,3286541000.0,2100182000.0,1247755000.0,921768000.0,1186359000.0,0.0,770674000.0,4042804080.0,3267397080.0,14.093667794062382,1.3536540647972157,0.0,0.0,0.020474831033255723,14.093667794062382,0.022962771797872757,11.086989173001612,20.95759590262514,1.9249779685760569,0.0,0.0,0.0,0.11095069253662133,1.2346794421155867,0.014673786208661325,-79.9557795225758,0.7688018999352794,0.19230769230769226,26.650408538191638,0.36358524403319115,0.6764020422674454,-0.05199921546348524,0.898586669816149,0.4030730372553147,0.017337851712552407,0.13250679983491387,0.43253941755557274,Software—Infrastructure,Technology,SNPS
2010Q4,2010,Q4,2010-12-17,2010-10-31,25401000.0,375459000.0,33257000.0,0.26,295716000.0,0.787611963,3114649000.0,2049810000.0,1495974000.0,837054000.0,1064839000.0,0.0,758727000.0,3766752700.0,2883311700.0,13.849506101104009,1.7871893569590493,0.0,0.0,0.010381820852927492,13.849506101104009,0.012391880223045063,10.032394216146104,37.07287803629778,1.8376106565974408,0.0,0.0,0.0,0.12054616748147223,1.6545826195203654,0.008155333072843843,44.56324326242813,0.7876119629573403,0.0,2.8318596621101735,0.4317542797622869,0.6569768290794759,0.09449046212609091,-0.3541078648256923,-0.3452444234441754,-0.398191038847051,0.15736623171792163,0.5113080245234309,Software—Infrastructure,Technology,SNPS
2010Q3,2010,Q3,2010-09-08,2010-07-31,39327000.0,336929000.0,50793000.0,0.26,270186000.0,0.8019078203,3005336000.0,2058161000.0,1379894000.0,720597000.0,947175000.0,0.0,725102000.0,3232451040.0,2563020040.0,13.905929489345027,1.9149316469538453,0.0,0.0,0.02032681097499973,13.905929489345027,0.01910783461546497,9.593864107868423,20.548548325577848,1.5705530519721245,0.0,0.0,0.0,0.11211025988441892,1.7546589841478664,0.013085724857386995,16.712946796959827,0.8019078203419712,0.0,1.2098638747092825,0.30213769689467834,0.7062250004073388,0.004114033425127937,-0.005613289842979595,0.12953655933107988,0.5375066878782444,0.07662582237989411,0.5224682094401456,Software—Infrastructure,Technology,SNPS
2010Q2,2010,Q2,2010-06-04,2010-04-30,39549000.0,338106000.0,44968000.0,0.26,269079000.0,0.7958421323,2909765000.0,1970743000.0,1398521000.0,723184000.0,939022000.0,0.0,705216000.0,3373847400.0,2747357400.0,13.23623480421788,1.933838414566694,0.0,0.0,0.0167508915107045,13.23623480421788,0.020068065699078978,9.978667636776633,21.327008268224226,1.7119672123660974,0.0,0.0,0.0,0.11619701247351591,1.7653073076837984,0.013591819270628384,44.86558863814678,0.7958421323490267,-0.7045454545454546,8.735892357265161,0.3457553557649606,0.5835503146540518,0.016981246173266917,-0.7021598662509602,-0.183765337980106,-0.0706804276277923,0.11918896111540019,0.5071973393631278,Software—Infrastructure,Technology,SNPS
2010Q1,2010,Q1,2010-03-09,2010-01-31,132786000.0,330167000.0,55092000.0,0.88,264586000.0,0.8013702157,2938854000.0,1844166000.0,1463800000.0,814593000.0,1094688000.0,0.0,574980000.0,3136288800.0,2434675800.0,12.559871960770959,1.7969710026970525,0.0,0.0,0.06917799651101833,12.559871960770959,0.07200327953123525,9.499098335084971,5.904780624463422,1.7006542794954467,0.0,0.0,0.0,0.11234549249469351,1.6530058569125932,0.04518291823955869,-57.89287850260273,0.8013702156787322,1.7500000000000002,10.220917904489752,0.36108622921320216,0.4501374243924197,-0.0019614795591197482,5.799774682507169,1.2105770002407512,4.527941931710905,0.06939156357037388,0.5416514048139188,Software—Infrastructure,Technology,SNPS
2009Q4,2009,Q4,2009-12-18,2009-10-31,19528000.0,338278000.0,24922000.0,0.32,265106000.0,0.7836927025,2877744000.0,1762918000.0,1448957000.0,816092000.0,1114826000.0,0.0,568639000.0,3173918760.0,2551637760.0,12.230764961356478,1.7754824210995819,0.0,0.0,0.008677685786151681,12.230764961356478,0.01107708923500696,9.38257516007544,40.632921446128634,1.8003779869511798,0.0,0.0,0.0,0.11754971950249918,1.5480975184170411,0.00678587115462668,65.14477863754848,0.7836927024518295,0.0,1.7408413213146012,0.5798273791625526,0.3428695371185037,-0.0364757107239171,-0.5883295387469433,-0.5920378464207959,0.9082243043653216,0.18045815621619515,0.5073843390165221,Software—Infrastructure,Technology,SNPS
2009Q3,2009,Q3,2009-09-09,2009-07-31,47436000.0,345177000.0,61089000.0,0.32,275142000.0,0.7971040944,2696051000.0,1693946000.0,1294997000.0,726098000.0,1002105000.0,0.0,522129000.0,2879877240.0,2373478240.0,11.75225131471229,1.783501676082292,0.0,0.0,0.02573512222991959,11.75225131471229,0.028003253940798584,8.343189841733372,15.177698583354413,1.7000997906662905,0.0,0.0,0.0,0.12803058992578403,1.5336951761332491,0.01759462265365158,12.982888184617327,0.7971040944211231,-0.030303030303030328,0.2211004407410386,0.31945542467365823,0.30665229953737816,0.012236218618477205,-0.0176441351888668,0.11745445233043096,5.213170590105014,0.23136912346272653,0.3977282779335908,Software—Infrastructure,Technology,SNPS
2009Q2,2009,Q2,2009-06-10,2009-04-30,48288000.0,336835000.0,54668000.0,0.33,271816000.0,0.806970772,2636658000.0,1604115000.0,1221367000.0,739346000.0,1032543000.0,0.0,485175000.0,3120529500.0,2650364500.0,11.19605653463619,1.651955917797621,0.0,0.0,0.025273721675592914,11.19605653463619,0.030102579927249604,9.264267371264863,16.15582287524851,1.945327797570623,0.0,0.0,0.0,0.12775073596954933,1.4092157122646232,0.018314093067815392,178.62218088151116,0.8069707720397227,-0.10810810810810806,0.8154526978281279,0.2353668545600166,0.2268511087003447,-0.009167757198420886,-0.07898300558851018,-0.19096667258627834,7.988642106860689,0.22649847538617648,0.37194297794787495,Software—Infrastructure,Technology,SNPS
2009Q1,2009,Q1,2009-03-09,2009-01-31,52429000.0,339755000.0,67572000.0,0.37,274331000.0,0.8074377125,2742478000.0,1528371000.0,1322290000.0,908983000.0,1214107000.0,0.0,434057000.0,2624502500.0,2046870500.0,10.773418390723576,1.4546916719014547,0.0,0.0,0.03327036113927891,10.773418390723576,0.034303843765682546,7.724691321687687,12.51455539872971,1.717189412780012,0.0,0.0,0.0,0.12388613509388224,1.2635274807119605,0.01911738216313859,-28.871144284079907,0.8074377124692793,-0.05128205128205133,0.7967669561897626,0.31234209620759257,0.17486111382252564,-0.04058936059341743,0.13000840571588682,0.034729878721058434,30.57544821561229,0.3345557379657836,0.28146773830014093,Software—Infrastructure,Technology,SNPS
2008Q4,2008,Q4,2008-12-22,2008-10-31,46397000.0,352805000.0,65304000.0,0.39,285937000.0,0.8104675387,2658857000.0,1530404000.0,1254171000.0,846097000.0,1128453000.0,0.0,395378000.0,2605558080.0,2060069080.0,10.736964696638042,1.4823016746306865,0.0,0.0,0.03553141342351572,10.736964696638042,0.03031683137263102,7.385264041042502,14.039474966053842,1.7025295804245155,0.0,0.0,0.0,0.13269047564423359,1.266915022745619,0.017449979446055204,61.13463350539653,0.8104675387253581,0.0,0.11904132469600963,0.19859673553298948,0.267842506532742,0.03188356634019242,-0.19657483246463142,0.30524464342820595,4.474449789099923,0.39699694640043737,0.2845874493354953,Software—Infrastructure,Technology,SNPS
2008Q3,2008,Q3,2008-09-09,2008-07-31,57749000.0,344128000.0,50032000.0,0.39,277102000.0,0.8052294495,2430159000.0,1434826000.0,1216897000.0,709104000.0,995333000.0,0.0,342424000.0,3423714720.0,2848825720.0,10.066411292585732,1.7161051129312483,0.0,0.0,0.03800925329427508,10.066411292585732,0.0402480858306164,9.948957132229868,14.82153249406916,2.3861532478502623,0.0,0.0,0.0,0.14160719524936435,1.4556609467722648,0.023763465682698128,80.33117597372126,0.8052294495071601,0.4444444444444444,0.2807790845228014,0.2317336771235965,0.28672455580047185,0.062259210844089384,0.46619442963414326,0.0019023970202455094,2.3695656874470394,0.3809987451911203,0.2351251043630528,Software—Infrastructure,Technology,SNPS
2008Q2,2008,Q2,2008-06-10,2008-04-30,39387000.0,324553000.0,49937000.0,0.27,260861000.0,0.8037547026,2464871000.0,1439926000.0,1221502000.0,710555000.0,1024945000.0,0.0,313413000.0,3278014840.0,2849959840.0,10.151476269704746,1.7190815630035676,0.0,0.0,0.027271026595793203,10.151476269704746,0.027353488998740214,10.10009101749175,20.806451621093252,2.276516182081579,0.0,0.0,0.0,0.13167139375650896,1.467941257186284,0.01597933522687394,133.45879162934614,0.8037547026217597,-0.12903225806451607,0.49574675711913385,0.20233034435932384,0.11238719435755375,0.02638547343156735,-0.1519646894175907,-0.07247534315273314,9.08690561478903,0.3559804466534968,0.21449745179584515,Software—Infrastructure,Technology,SNPS
2008Q1,2008,Q1,2008-03-12,2008-01-31,46445000.0,315465000.0,53839000.0,0.31,254155000.0,0.8056519741,2617337000.0,1436393000.0,1327539000.0,1031076000.0,1180944000.0,0.0,263977000.0,3214942020.0,2635615020.0,9.838240833966891,1.2875277865065233,0.0,0.0,0.028932760918287736,9.838240833966891,0.03233446556757099,10.191121106937379,17.305102917429217,2.2382050177075494,0.0,0.0,0.0,0.1205289956929505,1.1161912409948442,0.0177451356092089,-52.18129911866387,0.8056519740700236,0.8235294117647057,0.37043086399468184,0.1936671674908678,0.3088131856183587,0.003966012379962947,0.13241819866387086,0.42145421903052066,4.243544065710994,0.30786261959331584,0.13590339679269658,Software—Infrastructure,Technology,SNPS
2007Q4,2007,Q4,2007-12-21,2007-10-31,41014000.0,315233000.0,37876000.0,0.17,253151000.0,0.8030599588,2455046000.0,1317955000.0,1206467000.0,989016000.0,1137091000.0,0.0,249097000.0,4064353200.0,3628499200.0,9.163920178000279,1.2198660082344472,0.0,0.0,0.024972018861527192,9.163920178000279,0.03111942365255263,12.89317171742806,24.77418198663871,3.083833059550592,0.0,0.0,0.0,0.1284020747472756,1.0542539251134462,0.016706000620762298,24.72354615796389,0.8030599588241079,0.0,1.41482199878376,0.008653225922466146,-0.0031452734782130396,0.030296247156165676,0.6501307583987125,0.6469258196364901,2.5594044369404867,0.4754577033361128,0.006147145048017813,Software—Infrastructure,Technology,SNPS
2007Q3,2007,Q3,2007-09-13,2007-07-31,24855000.0,304098000.0,22998000.0,0.17,245707000.0,0.8079862413,2351004000.0,1313624000.0,1121097000.0,897443000.0,1037380000.0,0.0,226606000.0,3517837200.0,3056763200.0,9.133806146572104,1.249212484804049,0.0,0.0,0.012863799999962587,9.133806146572104,0.01892093932510368,11.568103703411401,35.38359686179843,2.6779635573040688,0.0,0.0,0.0,0.12934814232557665,1.087451793595805,0.010572078992634636,33.93041146627057,0.8079862412774829,-0.39285714285714285,1.1787550806459,0.2745448286776863,1.127371216281048,0.03450787542471717,-0.3976735732460923,-0.3842240548356003,-0.3587663535501427,0.16499924583378778,0.015525322370053097,Software—Infrastructure,Technology,SNPS
2007Q2,2007,Q2,2007-06-06,2007-04-30,41265000.0,292928000.0,37348000.0,0.28,237511000.0,0.8108169926,2275764000.0,1267860000.0,1023991000.0,874958000.0,1007904000.0,0.0,192838000.0,3993274200.0,3616118200.0,8.782018424880516,1.170331604488444,0.0,0.0,0.021319703149728378,8.782018424880516,0.03254696890823908,13.632272094166485,24.192864412940747,3.149617623396905,0.0,0.0,0.0,0.1287163343826513,0.985502161246597,0.018132372249495116,53.71130240628405,0.8108169925715534,0.7500000000000001,0.637214689700802,0.33852192598708897,0.9349101422819341,-0.017879959476502574,0.7667080532602646,0.8841691050348098,0.5396465377854031,0.066186256139894,-0.03767643474644011,Software—Infrastructure,Technology,SNPS
2007Q1,2007,Q1,2007-03-09,2007-01-31,23357000.0,300210000.0,19822000.0,0.16,241835000.0,0.8055527797,2157822000.0,1163167000.0,894490000.0,871096000.0,994655000.0,0.0,170743000.0,3797735200.0,3466976200.0,8.1470246266775,1.0268558230091747,0.0,0.0,0.014340542513257165,8.1470246266775,0.020080521541618702,12.650262149828453,40.648790512480204,3.2649956541064187,0.0,0.0,0.0,0.13912639689464654,0.847029489287059,0.010824340469232401,86.76174723567577,0.805552779720862,2.0534351145038165,0.40023332414516427,0.44064899303072724,1.0175987651748486,0.06736489945800893,1.30800395256917,0.7336015392688473,-0.20462953957383684,0.152228403629152,-0.1115519624226704,Software—Infrastructure,Technology,SNPS
