Quarters,Year,Quarter,FillingDate,Date,NetIncome,Revenue,OperatingIncome,EPSDiluted,GrossProfit,GrossProfitRatio,TotalAssets,CommonStockEquity,CurrentAssets,CurrentLiability,TotalLiability,Inventory,RetainedEarnings,MarketCap,EnterpriseValue,bookValuePerShare,currentRatio,debtToAssets,debtToEquity,roic,shareholdersEquityPerShare,roe,priceToSalesRatio,peRatio,pbRatio,payoutRatio,inventoryTurnover,dividendYield,assetTurnover,quickRatio,returnOnAssets,priceToFreeCashFlowsRatio,grossProfitMargin,epsdilutedGrowth,fiveYNetIncomeGrowthPerShare,fiveYRevenueGrowthPerShare,fiveYShareholdersEquityGrowthPerShare,grossProfitGrowth,netIncomeGrowth,operatingIncomeGrowth,threeYNetIncomeGrowthPerShare,threeYRevenueGrowthPerShare,threeYShareholdersEquityGrowthPerShare,Industry,Sector,Symbol
2023Q1,2023,Q1,2023-05-12,2023-03-31,3292000.0,15768000.0,6781000.0,0.75,16583000.0,1.0516869609,1711285000.0,123583000.0,475721000.0,55999000.0,1587702000.0,0.0,127877000.0,130099830.12,109693830.12,28.15530286720101,8.495169556599224,0.04419719684330781,0.6120097424403033,0.030955697603429144,28.15530286720101,0.026637968005308172,8.250877100456622,9.879999249696233,1.052732415623508,0.42679222357229646,0.0,0.010799399189868827,0.009214128564207598,9.88958731405918,0.0019237006109444072,17.10489483565606,1.0516869609335362,-0.11764705882352938,-0.06646195080743982,0.24248459798811503,0.04785496736902084,-0.07103243515769425,-0.11433952111918214,0.0029581422866439876,0.8965970026695002,0.12530988284375275,-0.05126854336093341,Banks—Regional,Financial Services,FRAF
2022Q4,2022,Q4,2023-03-10,2022-12-31,3717000.0,17851000.0,6761000.0,0.85,17851000.0,1.0,1699579000.0,114197000.0,565710000.0,6144000.0,1585382000.0,0.0,125892000.0,157287700.0,104180700.0,26.210006885471653,92.0751953125,0.018775826248735715,0.27943816387470777,0.03777969487372211,26.210006885471653,0.032549016173804915,8.811142232928127,10.57894135055152,1.3773365324833404,0.37772397094430993,0.0,0.008926317823962077,0.010503189319237294,92.0751953125,0.0021870121953730896,25.01792587879752,1.0,-0.19047619047619052,1.5120069144810768,0.4338975648575404,-0.007769227977394028,0.027868946853227387,-0.19736557978838265,0.03919458960959114,-0.15620730361326676,0.1706342282435041,-0.10658914174812376,Banks—Regional,Financial Services,FRAF
2022Q3,2022,Q3,2022-11-04,2022-09-30,4631000.0,17367000.0,6506000.0,1.05,17367000.0,1.0,1847162000.0,108151000.0,714664000.0,6293000.0,1739011000.0,0.0,123579000.0,138895560.0,-57828440.0,24.574187684617133,113.56491339583664,0.01743268863261587,0.2977411212101599,0.037180112494903036,24.574187684617133,0.04281976125972021,7.997671445845569,7.498140790326063,1.2842743941341273,0.30360613258475494,0.0,0.01012271378581144,0.009401990729562432,113.56491339583664,0.0025070892536767212,23.007381149577604,1.0,0.3125,0.4856855886577381,0.4030391634097226,-0.14331596472714556,0.09626309809367505,0.2942984907769704,0.31780433461616364,0.01670991645041795,0.22031073311945104,-0.1528628559474173,Banks—Regional,Financial Services,FRAF
2022Q2,2022,Q2,2022-08-05,2022-06-30,3578000.0,15842000.0,4937000.0,0.8,15842000.0,1.0,1832296000.0,121797000.0,528197000.0,5010000.0,1710499000.0,0.0,120354000.0,134212000.0,-51918000.0,27.37011235955056,105.42854291417166,0.016168239192794177,0.24323259193576197,0.02706010521570882,27.37011235955056,0.02937674983784494,8.47191011235955,9.377585243152598,1.1019319030846408,0.39882615986584685,0.0,0.010632432271331923,0.00864598296345132,143.8187624750499,0.0019527412601457407,259.5976789168279,1.0,0.19402985074626866,0.04198643078557552,0.2554645387183455,-0.031219707181975503,0.10427993865885961,0.18791500664010624,0.1890655105973025,-0.11280583006182034,0.11688267199543245,-0.029011944311504195,Banks—Regional,Financial Services,FRAF
2022Q1,2022,Q1,2022-05-13,2022-03-31,3012000.0,14346000.0,4152000.0,0.67,14346000.0,1.0,1767061000.0,137136000.0,695928000.0,0.0,1629925000.0,0.0,118203000.0,149963580.0,-10126420.0,30.844804318488528,0.0,0.013786168106251,0.17764117372535293,0.02195518887451406,30.844804318488528,0.021963598179908995,10.453337515683815,12.447176294820716,1.0935391144557227,0.4717795484727756,0.0,0.009475634017272729,0.008118565233458268,0.0,0.0017045251974889379,810.6139459459459,1.0,-0.1829268292682926,-0.030689689072400883,0.1945390609174384,0.11833055983645414,-0.07397366382649109,-0.1754722146181221,-0.18747553816046966,-0.07662457157603736,0.07557354925775976,0.12014286369501762,Banks—Regional,Financial Services,FRAF
2021Q4,2021,Q4,2022-03-10,2021-12-31,3653000.0,15492000.0,5110000.0,0.82,15492000.0,1.0,1773806000.0,157065000.0,540274000.0,534668000.0,1616741000.0,0.0,116612000.0,146974895.0,666322895.0,35.367034451700064,1.0104850112593236,0.3014241692721752,3.4041193136599497,0.0063977240244749,35.367034451700064,0.023257886862127146,9.487147882778208,10.058506364631809,0.9357584121223698,0.38844785108130303,0.0,0.009654710078207574,0.008733762316735878,1.0104850112593236,0.002059413487156995,141.45803176130894,1.0,-0.3740458015267176,1.0616545833461768,0.2844816002107642,0.31184668491493883,-0.09809629155265763,-0.37683384510406004,0.0,-0.04596590748997665,0.15020075466191268,0.317944491375559,Banks—Regional,Financial Services,FRAF
2021Q3,2021,Q3,2021-11-08,2021-09-30,5862000.0,17177000.0,0.0,1.31,17177000.0,1.0,1732441000.0,152838000.0,1154209000.0,0.0,1579603000.0,0.0,114378000.0,141090570.0,56017570.0,34.415221796892595,0.0,0.014177683395855905,0.1607061071199571,0.0,34.415221796892595,0.03835433596356927,8.213923851662106,6.017168628454452,0.9231380285007654,0.2412146025247356,0.0,0.010021931302708608,0.00991491196525596,0.0,0.0033836650137003222,30.420562742561447,1.0,0.10084033613445388,1.7398186124366868,0.46463089296877835,0.2682035291131547,0.16107881573610924,0.11212293682413205,0.0,0.44900033776176546,0.2849821345143151,0.3252643114862611,Banks—Regional,Financial Services,FRAF
2021Q2,2021,Q2,2021-08-09,2021-06-30,5271000.0,14794000.0,0.0,1.19,14794000.0,1.0,1678308000.0,151156000.0,1140357000.0,0.0,1527152000.0,0.0,109930000.0,141334500.0,57387500.0,34.15954802259887,0.0,0.014702903161994104,0.16324856439704677,0.0,34.15954802259887,0.03487125883193522,9.55350141949439,6.703400682982356,0.9350240810817964,0.2604818819958262,0.0,0.009714542450710902,0.008814830174199253,0.0,0.003140663096404236,89.22632575757575,1.0,0.09174311926605491,2.276716576727218,0.2938023372803962,0.2650593301224648,0.015374056280027453,0.09130434782608696,0.0,2.0054156157276095,0.11749213517692986,0.3436809943405251,Banks—Regional,Financial Services,FRAF
2021Q1,2021,Q1,2021-05-10,2021-03-31,4830000.0,14570000.0,0.0,1.09,14570000.0,1.0,1597559000.0,140699000.0,1147797000.0,0.0,1456860000.0,0.0,106032000.0,137067280.0,43239280.0,32.00614194722475,0.0,0.015516797814666,0.17618462107051222,0.0,32.00614194722475,0.03432860219333471,9.407500343170899,7.094579710144927,0.9741880183938764,0.2728778467908903,0.0,0.009615715727342078,0.009120163950126412,0.0,0.0030233625174406705,13.332096099601205,1.0,0.04354569420035147,0.7262817127823135,0.2586873055693475,0.1991838720002414,-0.023065575968888294,0.06107205623901582,0.0,0.36760340769787614,0.14634357390101022,0.1911715169218322,Banks—Regional,Financial Services,FRAF
2020Q4,2020,Q4,2021-03-11,2020-12-31,4552000.0,14914000.0,0.0,1.044515832950895,14914000.0,1.0,1535038000.0,145176000.0,1110314000.0,0.0,1389862000.0,0.0,102520000.0,117796740.0,72796740.0,33.31252868288205,0.0,0.016212627961001615,0.17142640656857883,0.0,33.31252868288205,0.031355044911004576,7.898400160922623,6.469504613356766,0.8114064308150108,0.28822495606326887,0.0,0.011137829450967827,0.00971572039258963,0.0,0.0029653989021770147,29.251735783461633,1.0,0.32217194044417086,0.9733839049531023,0.3181055843714197,0.2810440341616132,0.08853368367272461,0.3148469093009821,0.0,1.6268820757032838,0.19770551682247006,0.2611105444372514,Banks—Regional,Financial Services,FRAF
2020Q3,2020,Q3,2020-11-09,2020-09-30,3462000.0,13701000.0,0.0,0.79,13701000.0,1.0,1511213000.0,139574000.0,1137149000.0,0.0,1371639000.0,0.0,99280000.0,93174040.0,32279040.0,32.02707664066085,0.0,0.016212142166590678,0.17553412526688353,0.0,32.02707664066085,0.024804046598936765,6.800528428581855,6.728339110340843,0.667560147305372,0.37723859041016755,0.0,0.014016779781149341,0.009066226931610567,0.0,0.002290874946152528,-338.8146909090909,1.0,0.11267605633802827,0.30972992758790113,0.24873885346495644,0.23672163937128168,0.017526921648718902,0.12879034887512228,0.0,0.12161377876419373,0.11779303315219879,0.11650019144638045,Banks—Regional,Financial Services,FRAF
2020Q2,2020,Q2,2020-08-07,2020-06-30,3067000.0,13465000.0,0.0,0.71,13465000.0,1.0,1423111000.0,134840000.0,1108981000.0,0.0,1288271000.0,0.0,97124000.0,112535500.0,45003500.0,31.03337169159954,0.0,0.0035499690466871524,0.03746662711361614,0.0,31.03337169159954,0.02274547611984574,8.357630894912736,9.173092598630584,0.8345854345891426,0.42451907401369415,0.0,0.011569682455758406,0.0094616653233655,0.0,0.0021551375823811356,-953.6906779661017,1.0,0.8205128205128204,0.2101213527475153,0.20707207662297059,0.2280836196889676,-0.029689414138502557,0.7841768470040721,0.0,-0.0852430171772035,0.0928763536702734,0.09844338669759407,Banks—Regional,Financial Services,FRAF
2020Q1,2020,Q1,2020-05-11,2020-03-31,1719000.0,13877000.0,0.0,0.39,13877000.0,1.0,1262126000.0,129005000.0,1025922000.0,0.0,1133121000.0,0.0,95359000.0,119325150.0,60396150.0,29.676788589832068,0.0,0.004087547519027419,0.03999069803495989,0.0,29.676788589832068,0.013325064919964342,8.598771348274123,17.3538612565445,0.9249653114220379,0.7597440372309482,0.0,0.01094488462826152,0.010994940283299766,0.0,0.0013619876303950637,51.499848942598184,1.0,-0.614259385665529,-0.4202430163707526,0.18922791484126464,0.18419102255133915,-0.0878795845931379,-0.6088737201365187,0.0,-0.43419919652283606,0.18180258481462408,0.07598217369534954,Banks—Regional,Financial Services,FRAF
2019Q4,2019,Q4,2020-03-13,2019-12-31,4395000.0,15214000.0,0.0,1.0110420979986197,15214000.0,1.0,1269157000.0,127528000.0,1053291000.0,0.0,1141629000.0,0.0,94946000.0,168185430.0,80772430.0,29.337014032666207,0.0,0.0040664787729177716,0.04046954394329089,0.0,29.337014032666207,0.03446301988582899,11.054649007493099,9.566861774744028,1.3188117903519225,0.2967007963594994,0.0,0.00775334700514783,0.011987484605923459,0.0,0.0034629285423316424,50.114848033373065,1.0,-0.01840573009842754,1.3145008898469268,0.4012116433265205,0.1982362617038968,0.08230774702994949,-0.02311624805512336,0.0,1.5340562096589532,0.2887092450420288,0.08817901191617245,Banks—Regional,Financial Services,FRAF
2019Q3,2019,Q3,2019-11-08,2019-09-30,4499000.0,14057000.0,0.0,1.03,14057000.0,1.0,1301773000.0,126100000.0,1126344000.0,0.0,1175673000.0,0.0,91855000.0,154535850.0,448850.0,29.00851161720727,0.0,0.004258038843945911,0.04395717684377478,0.0,29.00851161720727,0.03567803330689929,10.993515686135021,8.587233274060903,1.2255023790642348,0.2893976439208713,0.0,0.008425229485585384,0.010798349635458717,0.0,0.0034560557024919092,26.281607142857144,1.0,0.14444444444444446,0.8042831167008867,0.280389385040551,0.19385169335160832,0.00321153297173851,0.12926706827309237,0.0,1.1482416068691603,0.22451653100883598,0.06896584959925828,Banks—Regional,Financial Services,FRAF
2019Q2,2019,Q2,2019-08-02,2019-06-30,3984000.0,14012000.0,0.0,0.9,14012000.0,1.0,1252141000.0,123914000.0,1094335000.0,0.0,1128227000.0,0.0,88658000.0,166740280.0,89963280.0,28.187898089171973,0.0,0.004528244023636316,0.04575754152073212,0.0,28.187898089171973,0.03215133076165728,11.899820154153582,10.463119979919679,1.3456129250932098,0.3305722891566265,0.0,0.007898511385491256,0.011190433026312532,0.0,0.0031817502980894326,41.768607214428854,1.0,0.2328767123287672,0.6385666517956463,0.2574598107801839,0.18234441538228116,0.05862798428528256,0.23076923076923078,0.0,1.492991415525966,0.23349682775125585,0.04390618548749833,Banks—Regional,Financial Services,FRAF
2019Q1,2019,Q1,2019-05-08,2019-03-31,3237000.0,13236000.0,0.0,0.73,13236000.0,1.0,1212960000.0,121491000.0,1056240000.0,0.0,1091469000.0,0.0,85991000.0,158832000.0,117912000.0,27.53649138712602,0.0,0.005039737501648859,0.05031648434863488,0.0,27.53649138712602,0.026643948934488973,12.0,12.266913809082485,1.3073561004518852,0.36824219956750076,0.0,0.00750478492998892,0.010912148793035219,0.0,0.0026686782746339534,38.89128305582762,1.0,-0.15332281808622503,0.6789844741613779,0.26054027149321257,0.1780787805326039,-0.010836260369180182,-0.14905362776025236,0.0,0.152734837756562,0.139297747827629,0.03171811264738693,Banks—Regional,Financial Services,FRAF
2018Q4,2018,Q4,2019-03-18,2018-12-31,3804000.0,13381000.0,0.0,0.8621940163191296,13381000.0,1.0,1209587000.0,118396000.0,1055204000.0,0.0,1091191000.0,0.0,83946000.0,138978000.0,217493000.0,26.83499546690843,0.0,0.0,0.0,0.0,26.83499546690843,0.03212946383323761,10.386219266123607,9.133675078864353,1.1738403324436637,0.31230283911671924,0.0,0.008548115529076545,0.011062453548194549,0.0,0.0031448750689284854,20.5527950310559,1.0,-0.05253404800095649,2.1576182088050833,0.1923422071511533,0.17556877219997327,0.012408262086706515,-0.049,0.0,0.6289267630766793,0.16814392321138544,0.03194840526476807,Banks—Regional,Financial Services,FRAF
2018Q3,2018,Q3,2018-11-05,2018-09-30,4000000.0,13217000.0,0.0,0.91,13217000.0,1.0,1194624000.0,114028000.0,1046555000.0,0.0,1080596000.0,0.0,81330000.0,154782750.0,235408750.0,25.96857207925302,0.0,0.0,0.0,0.0,25.96857207925302,0.035079103378117656,11.710883710373004,9.673921875,1.357410022099835,0.296,0.0,0.007649431218918128,0.011063732186863816,0.0,0.0033483338690667524,37.74268471104609,1.0,1.771186440677966,0.7293409079420303,0.20912954761983218,0.15370511705553483,0.010242299166857755,1.7720517274657401,0.0,0.501891183709779,0.1955728305456014,0.0027732282381175036,Banks—Regional,Financial Services,FRAF
2018Q2,2018,Q2,2018-08-03,2018-06-30,-5181000.0,13083000.0,0.0,-1.18,13083000.0,1.0,1177541000.0,111172000.0,1026771000.0,0.0,1066369000.0,0.0,78514000.0,149775250.0,248204250.0,25.422364509490052,0.0,0.0,0.0,0.0,25.422364509490052,-0.04660346130320584,11.448081479782925,-7.22714003088207,1.3472389630482495,-0.22794827253425978,0.0,0.00788514791329008,0.011110441165105928,0.0,-0.004399846799389575,-24.50511289267016,1.0,-2.4749999999999996,-4.614613158234486,0.2599703341157145,0.13296769056179927,0.03808616995953344,-2.479440319817247,0.0,-3.0311361881842367,0.16531809585015386,0.006039232157235422,Banks—Regional,Financial Services,FRAF
2018Q1,2018,Q1,2018-05-07,2018-03-31,3502000.0,12603000.0,0.0,0.8,12603000.0,1.0,1168542000.0,117124000.0,1012218000.0,0.0,1051418000.0,0.0,84876000.0,159277864.359,250517864.359,26.869465473732507,0.0,0.0,0.0,0.0,26.869465473732507,0.029899935111505755,12.638091276600809,11.37049288685037,1.3599079980106552,0.2984009137635637,0.0,0.006560861449301272,0.010785234933789287,0.0,0.0029968969878703547,46.998484614635586,1.0,1.4801321767864517,1.1341944234780186,0.18379390726242967,0.1914239653891479,0.01188277800080289,1.4821699022442516,0.0,0.17784739291449544,0.07707566571971694,0.07217058538635,Banks—Regional,Financial Services,FRAF
2017Q4,2017,Q4,2018-03-12,2017-12-31,-7263000.0,12455000.0,0.0,-1.666207845836201,12455000.0,1.0,1179813000.0,115144000.0,1029720000.0,0.0,1064669000.0,0.0,82218000.0,162852244.359,104249244.359,26.41523285157146,0.0,0.0,0.0,0.0,26.41523285157146,-0.06307753769193358,13.075250450341228,-5.60554331402313,1.4143354786962412,-0.1436045711138648,0.0,0.006404578605012998,0.010556757723469735,0.0,-0.0061560603248141865,68.77206265160473,1.0,-3.380296922623145,-20.956631514188768,0.23312313613048713,0.1877206422952862,0.019647973802701595,-3.361183355006502,0.0,-4.814321430820464,0.1439494360633216,0.07889950316216221,Banks—Regional,Financial Services,FRAF
2017Q3,2017,Q3,2017-11-06,2017-09-30,3076000.0,12215000.0,0.0,0.7,12215000.0,1.0,1165549000.0,124580000.0,1010404000.0,0.0,1040969000.0,0.0,89532000.0,152222145.657,80861145.657,28.685240617084965,0.0,0.0,0.0,0.0,28.685240617084965,0.024690961631080432,12.461903041915678,12.371760862890117,1.2218826910980896,0.33907672301690506,0.0,0.006851828263872834,0.010480039878203319,0.0,0.0026390996860706844,21.17431432146335,1.0,-0.09090909090909098,0.6553238662746216,0.11546685689498042,0.27717261449400143,-0.005374155199088022,-0.07959305804907241,0.0,0.23473805685306548,0.11363456550992697,0.18054740404506733,Banks—Regional,Financial Services,FRAF
2017Q2,2017,Q2,2017-08-04,2017-06-30,3342000.0,12281000.0,0.0,0.77,12281000.0,1.0,1134655000.0,122360000.0,975706000.0,0.0,1012295000.0,0.0,87498000.0,138592000.0,92843000.0,28.252135765412145,0.0,0.0,0.0,0.0,28.252135765412145,0.027312847335730632,11.285074505333442,10.367444643925793,1.1326577312847335,0.3105924596050269,0.0,0.007489609789886862,0.010823554296239827,0.0,0.0029453886864289143,57.01028383381325,1.0,0.10000000000000009,0.6461247314620698,0.07914311087014196,0.27739062385648283,0.052176148046607265,0.10662251655629139,0.0,0.3951494353263559,0.1186577000611864,0.18503887161734459,Banks—Regional,Financial Services,FRAF
2017Q1,2017,Q1,2017-05-08,2017-03-31,3020000.0,11672000.0,0.0,0.7,11672000.0,1.0,1131134000.0,119178000.0,971153000.0,0.0,1011956000.0,0.0,85194000.0,131574454.321,91901454.321,27.581115482527192,0.0,0.0,0.0,0.0,27.581115482527192,0.025340247361090133,11.272657155671693,10.891925026572848,1.1040162976472168,0.30033112582781457,0.0,0.006893435391244012,0.010318848164762088,0.0,0.0026698870337201427,41.83607450588235,1.0,0.7544663573085846,1.0630420446529079,0.03495368929375682,0.26277772614366746,-0.005368555602897316,0.7517401392111369,0.0,0.5994186698192909,0.13500162376523767,0.17998790901064818,Banks—Regional,Financial Services,FRAF
2016Q4,2016,Q4,2017-03-10,2016-12-31,1724000.0,11735000.0,0.0,0.39898171719509373,11735000.0,1.0,1127443000.0,116493000.0,960494000.0,24270000.0,1010950000.0,0.0,83081000.0,123580600.0,111185600.0,26.959731543624162,39.57536052740008,0.0215265871534082,0.20833869846256856,0.0,26.959731543624162,0.014799172482466757,10.530941627609714,17.920620649651973,1.06084142394822,0.5249419953596288,0.0,0.007323155899874251,0.010408508456746816,7.438813349814586,0.0015291238670158934,24.47140594059406,1.0,-0.16878808917688803,-0.15232117813597593,1.3601234779882194,0.24961890261504951,0.03173905398276772,-0.1691566265060241,0.0,0.46119308572101964,0.06769369546085795,0.18103312328341498,Banks—Regional,Financial Services,FRAF
2016Q3,2016,Q3,2016-11-07,2016-09-30,2075000.0,11374000.0,0.0,0.48,11374000.0,1.0,1107120000.0,116879000.0,928437000.0,8530000.0,990241000.0,0.0,82262000.0,104703165.693,72639165.693,27.136986301369863,108.84372801875733,0.007704675193294313,0.07298145945807202,0.0,27.136986301369863,0.017753403092086686,9.205483180323546,12.614839240120483,0.8958253038869258,0.4351807228915663,0.0,0.008624381068359336,0.010273502420695137,22.970574443141853,0.0018742322422140329,21.727156192778587,1.0,0.3333333333333333,0.8065382287174205,-0.18531033282573078,0.24613733987163752,0.025054073540014418,0.3292761050608584,0.0,-0.08540822799774093,0.06082008406604102,0.20561422714378735,Banks—Regional,Financial Services,FRAF
2016Q2,2016,Q2,2016-08-08,2016-06-30,1561000.0,11096000.0,0.0,0.36,11096000.0,1.0,1084046000.0,115948000.0,897059000.0,0.0,968098000.0,0.0,81090000.0,101896620.0,60847620.0,27.002328830926874,0.0,0.0,0.0,0.0,27.002328830926874,0.01346293165901956,9.18318493150685,16.31912556053812,0.8788130886259358,0.5778347213324792,0.0,0.008852109127859196,0.010235728004162186,0.0,0.0014399757943851091,46.169741730856366,1.0,-0.43750000000000006,-0.18484797423502272,-0.03592588684024057,0.23491130867815702,-0.016137613051959567,-0.4273661041819516,0.0,0.10909455517610601,0.08827051734210359,0.20338004452518063,Banks—Regional,Financial Services,FRAF
2016Q1,2016,Q1,2016-05-09,2016-03-31,2726000.0,11278000.0,0.0,0.64,11278000.0,1.0,1069936000.0,114313000.0,891637000.0,0.0,955623000.0,0.0,80430000.0,94226000.0,35099000.0,26.689936960074714,0.0,0.0,0.0,0.0,26.689936960074714,0.023846806574930237,8.354850150735945,8.641415994130595,0.824280702982163,0.29823917828319885,0.0,0.00862819179419693,0.010540817394685289,0.0,0.0025478159441312377,42.81054066333485,1.0,0.20913983237759148,0.3510783258096993,-0.00784160197557773,0.24209156471772889,0.01420863309352518,0.20247022496691663,0.0,0.6907620260508422,0.07813476183397385,0.18346345817877224,Banks—Regional,Financial Services,FRAF
2015Q4,2015,Q4,2016-03-09,2015-12-31,2267000.0,11120000.0,0.0,0.5293018911977586,11120000.0,1.0,1035295000.0,111376000.0,852047000.0,0.0,923919000.0,0.0,78517000.0,100650500.0,62407500.0,26.004202661685735,0.0,0.0,0.0,0.0,26.004202661685735,0.02035447493176268,9.051303956834532,11.099525805028671,0.9037000790116363,0.35685928539920597,0.0,0.008037714666097038,0.010740899936733009,0.0,0.0021897140428573498,29.224883855981417,1.0,-0.13229198164301864,0.2403044316126582,-0.015789002985645922,0.2350887044508828,0.038766931340495095,-0.12097712291585885,0.0,5.33959492436295,0.12048564286238522,0.16923929693380535,Banks—Regional,Financial Services,FRAF
2015Q3,2015,Q3,2015-11-09,2015-09-30,2579000.0,10705000.0,0.0,0.61,10705000.0,1.0,1036323000.0,110113000.0,842994000.0,3500000.0,926210000.0,0.0,77059000.0,97370800.0,59967800.0,25.89675446848542,240.85542857142858,0.0033773254091629735,0.03178552941069628,0.0,25.89675446848542,0.023421394385767347,9.095824381130313,9.438813493602172,0.8842806934694358,0.3132997285769678,0.0,0.008298175633762894,0.01032979100145418,60.11971428571429,0.0024886063514946593,19.96121361213612,1.0,0.04576687284846313,0.3096244160850343,-0.002527204783745089,0.2258762785239998,-0.01689778675727799,0.04244139046079224,0.0,0.41757015520761026,-0.0015037348364361866,0.15301893586785703,Banks—Regional,Financial Services,FRAF
2015Q2,2015,Q2,2015-08-07,2015-06-30,2474000.0,10889000.0,0.0,0.583304,10889000.0,1.0,1028539000.0,107178000.0,828568000.0,0.0,921361000.0,0.0,75288000.0,104125261.008645,39722261.008645,25.269754594934874,0.0,0.0,0.0,0.0,25.269754594934874,0.023083095411371737,9.562426394402149,10.521954426904303,0.9715171118013491,0.3249797898140663,0.0,0.007721469240141908,0.010586861557996343,0.0,0.002405353613231973,179.83637479904144,1.0,-0.14482588756875941,0.04827240694159542,-0.012463677629329699,0.20811079547478722,-0.04061674008810573,-0.1421636615811373,0.0,0.24434139541739514,-0.022949821359728978,0.14254539390406995,Banks—Regional,Financial Services,FRAF
2015Q1,2015,Q1,2015-05-11,2015-03-31,2884000.0,11350000.0,0.0,0.682088,11350000.0,1.0,1019337000.0,105962000.0,818648000.0,0.0,913375000.0,0.0,73618000.0,98939763.0,33612763.0,25.060812001338633,0.0,0.0,0.0,0.0,25.060812001338633,0.027217304316641815,8.71715973568282,8.576609136615811,0.9337287235046525,0.24895977808599168,0.0,0.007256940771123537,0.011134688527935315,0.0,0.0028292900189044448,26.475719293550977,1.0,0.5614515815701139,0.3365326261858515,0.044578142796843086,0.2023271376800395,0.0747088343906827,0.5614510016242555,0.0,1.0133795356197939,0.02849162040907115,0.14738779199892832,Banks—Regional,Financial Services,FRAF
2014Q4,2014,Q4,2015-03-16,2014-12-31,1847000.0,10561000.0,0.0,0.43682942721421314,10561000.0,1.0,1001448000.0,103521000.0,805454000.0,0.0,897927000.0,0.0,71452000.0,93020290.0,44427290.0,24.483497095096133,0.0,0.0,0.0,0.0,24.483497095096133,0.017841790554573467,8.807905501372977,12.590726854358419,0.8985644458612263,0.3871142393069843,0.0,0.0076864950646789,0.01054572978327382,0.0,0.0018443294110128533,21.01678490736557,1.0,-0.23846499107555547,-0.041601687768249324,0.016446157712587454,0.20232291551979073,-0.004712091226086137,-0.23360995850622407,0.0,-0.07190971852122224,1.1706306538414983,0.13484218945749676,Banks—Regional,Financial Services,FRAF
2014Q3,2014,Q3,2014-11-10,2014-09-30,2410000.0,10611000.0,0.0,0.573617,10611000.0,1.0,1022798000.0,102087000.0,821898000.0,0.0,920711000.0,0.0,70320000.0,88229673.0,44022673.0,24.298253944565793,0.0,0.011732521964258827,0.11754679831908078,0.0,24.298253944565793,0.023607315329082057,8.314925360474978,9.15245570539419,0.8642596314907872,0.295850622406639,0.0,0.00808118148641444,0.010374482546895868,0.0,0.002356281494488648,24.958889108910892,1.0,0.0371095586267746,1.034405485645656,0.05157165678982101,0.20214325056774182,-0.001599548362815205,0.039241052177662786,0.0,1.150926620887873,-0.22086126552401522,0.11578202523093999,Banks—Regional,Financial Services,FRAF
2014Q2,2014,Q2,2014-08-11,2014-06-30,2319000.0,10628000.0,0.0,0.553092,10628000.0,1.0,1022551000.0,99959000.0,821863000.0,0.0,922592000.0,0.0,68623000.0,83436540.89999999,40645540.89999999,23.84068273376851,0.0,0.011735355987134138,0.12004922018027392,0.0,23.84068273376851,0.023199511799837935,7.8506342585622875,8.994883667529107,0.834707639132044,0.3061664510564899,0.0,0.008509461110701439,0.010393613619271802,0.0,0.0022678575445136723,31.73698779003423,1.0,0.26571757452875316,0.2948229243002467,-0.021515960502996753,0.204322177672496,0.06867772750125692,0.26998904709748084,0.0,0.24021015584182104,-0.054297918625449346,0.09031813140571346,Banks—Regional,Financial Services,FRAF
2014Q1,2014,Q1,2014-05-09,2014-03-31,1826000.0,9945000.0,0.0,0.436979,9945000.0,1.0,1026451000.0,97673000.0,839209000.0,0.0,928778000.0,0.0,67014000.0,76804336.40130901,9824336.401309013,23.374066184841137,0.0,0.012081433989542608,0.12696446305529677,0.0,23.374066184841137,0.018695033427866454,7.722909643168327,10.515380120661145,0.78634153144993,0.3882803943044907,0.0,0.009231249604129335,0.00968872357277649,0.0,0.001778945122563084,22.450843730286177,1.0,0.600350757659071,-0.20403691739027657,-0.06248076468400203,0.2212285835707055,-0.06435224386113463,0.6003505696757231,0.0,-0.07239460598552495,-0.10327035643336913,0.08777815716743496,Banks—Regional,Financial Services,FRAF
2013Q4,2013,Q4,2014-03-10,2013-12-31,1141000.0,10629000.0,0.0,0.2730520155713835,10629000.0,1.0,984587000.0,95388000.0,799054000.0,0.0,889199000.0,0.0,65897000.0,71455616.10000001,43113616.10000001,22.827244225524215,0.0,0.012597160027503917,0.1300268377573699,0.0,22.827244225524215,0.011961672327756112,6.722703556308214,15.656357602979844,0.7491048779720719,0.6196319018404908,0.0,0.009894253784203255,0.010795389335833197,0.0,0.0011588615328051255,27.738981405279507,1.0,-0.4816426035731685,0.04392613745423025,0.33659644473780465,0.19574403771035975,0.029343404997094712,-0.4778032036613272,0.0,-0.36016169485511634,-0.035763316584171555,0.08419673017803385,Banks—Regional,Financial Services,FRAF
2013Q3,2013,Q3,2013-11-12,2013-09-30,2185000.0,10326000.0,0.0,0.526764,10326000.0,1.0,1003270000.0,93366000.0,814281000.0,0.0,909904000.0,0.0,65463000.0,66160105.55,16932105.549999997,22.508847100834167,0.0,0.012364567863087704,0.13286421181158023,0.0,22.508847100834167,0.0234025234025234,6.40713786073988,7.569806127002288,0.7086102601589443,0.32219679633867276,0.0,0.010640853640536551,0.010292344035005532,0.0,0.0021778783378352787,13.37919222446916,1.0,0.6071049387989212,-0.22881131253402062,-0.020626750936853684,0.10312880558767938,0.0519559902200489,0.6125461254612546,0.0,0.1373774571896693,-0.013710833949542766,0.06550269654118943,Banks—Regional,Financial Services,FRAF
2013Q2,2013,Q2,2013-08-05,2013-06-30,1355000.0,9816000.0,0.0,0.327772,9816000.0,1.0,1032641000.0,92761000.0,856112000.0,0.0,939880000.0,0.0,63982000.0,66143472.0,-15565528.0,22.438737416142896,0.0,0.012013855734955323,0.1337415508672826,0.0,22.438737416142896,0.014607432002673537,6.738332518337408,12.2035926199262,0.7130525975356022,0.5173431734317343,0.0,0.010598173618705712,0.00950572367357097,0.0,0.001312169476129652,19.459685789938217,1.0,-0.12928487939645095,-0.4874127520007157,-0.062295335178168196,0.10508525762987732,-0.024545364205505318,-0.12637008381689233,0.0,-0.41095106789960306,-0.08664996658392328,0.07276391653997108,Banks—Regional,Financial Services,FRAF
2013Q1,2013,Q1,2013-05-10,2013-03-31,1551000.0,10063000.0,0.0,0.37644,10063000.0,1.0,1054196000.0,92920000.0,892434000.0,0.0,961276000.0,0.0,63328000.0,65964129.830000006,-33414870.169999994,22.552396337735484,0.0,0.011770107266580409,0.13353422298751613,0.0,22.552396337735484,0.016691777873439517,6.555115753751367,10.632516091231464,0.7099023873224279,0.45003223726627983,0.0,0.010581508492552792,0.009545663235299697,0.0,0.0014712634083225511,16.69977970379747,1.0,3.50872583872093,-0.4296369305079859,-0.01546603225062004,0.11044486772364732,0.054048392165078035,3.508720930232558,0.0,-0.26237673007658713,-0.049589889213917465,0.08198242479640853,Banks—Regional,Financial Services,FRAF
2012Q4,2012,Q4,2013-03-12,2012-12-31,344000.0,9547000.0,0.0,0.08349143715218474,9547000.0,1.0,1027363000.0,91634000.0,866859000.0,0.0,935729000.0,0.0,62475000.0,57682562.0,-7741438.0,22.24027427907935,0.0,0.012079469476708817,0.13543008053779165,0.0,22.24027427907935,0.0037540650850121132,6.0419568450822245,41.92046656976745,0.6294886395879259,2.0232558139534884,0.0,0.012066038259535004,0.009292723214676798,0.0,0.0003348378323922508,-44.95912860483242,1.0,-0.8058338670879426,-0.8756585621898664,-0.0682995015855265,0.09891279970101204,-0.07265662943176299,-0.8030910131654264,0.0,-0.8168208287551614,-0.05705847629072241,0.09216388938728541,Banks—Regional,Financial Services,FRAF
2012Q3,2012,Q3,2012-11-09,2012-09-30,1747000.0,10295000.0,0.0,0.43,10295000.0,1.0,1057273000.0,91704000.0,896525000.0,0.0,965569000.0,0.0,62827000.0,58795200.0,-7499800.0,22.459955914768553,0.0,0.035867746551742075,0.4135261275407834,0.0,22.459955914768553,0.019050423100410014,5.711044196211753,8.413737836290785,0.6411410625490709,0.3972524327418432,0.0,0.011803684654529622,0.009737314771113989,0.0,0.001652364148143384,13.879886685552409,1.0,-0.08510638297872336,-0.3517096725158668,0.04634010808499976,0.1667847261641625,-0.03640958442530887,-0.08342077649527807,0.0,0.5175023615472932,0.04984432112261367,0.11119442872669903,Banks—Regional,Financial Services,FRAF
2012Q2,2012,Q2,2012-08-09,2012-06-30,1906000.0,10684000.0,0.0,0.47,10684000.0,1.0,1056901000.0,89928000.0,897658000.0,0.0,966973000.0,0.0,61775000.0,53345920.0,8533920.0,22.11706837186424,0.0,0.043799750402355564,0.5147673694511165,0.0,22.11706837186424,0.021194733564629482,4.993066267315612,6.99710388247639,0.5932070100524864,0.3620146904512067,0.0,0.012934447470396987,0.010108799215820592,0.0,0.001803385558344632,23.36658782303986,1.0,0.3823529411764704,-0.13191597050798778,0.16029054736967419,0.15751020328303214,0.012989475680288234,0.3922571219868517,0.0,0.09740862108342305,0.014312832231955381,0.11725306874735822,Banks—Regional,Financial Services,FRAF
2012Q1,2012,Q1,2012-05-10,2012-03-31,1369000.0,10547000.0,0.0,0.34,10547000.0,1.0,1035898000.0,88262000.0,887750000.0,0.0,947636000.0,0.0,60559000.0,63847800.0,24133800.0,21.84162336055432,0.0,0.045042079432531,0.5286419976886996,0.0,21.84162336055432,0.01551063877999592,6.05364558642268,11.659569028487947,0.7233894541252182,0.7962016070124178,0.0,0.01707184899088144,0.010181504356606539,0.0,0.0013215586862799233,21.09276511397423,1.0,-0.27763406940063085,-0.37263423959646186,0.19344299095534095,0.14716153192657605,1.2681720430107526,-0.28023133543638273,0.0,-0.3829121330258237,0.02814827890601013,0.1411627976305344,Banks—Regional,Financial Services,FRAF
2011Q4,2011,Q4,2012-03-14,2011-12-31,1902000.0,4650000.0,0.0,0.4706755753526355,4650000.0,1.0,990248000.0,87182000.0,838332000.0,0.0,903066000.0,0.0,60280000.0,49906350.0,64098350.0,21.57436278148973,0.0,0.048812014768017706,0.5544263724163244,0.0,21.57436278148973,0.021816429997017734,10.732548387096774,6.559720031545741,0.5724386914730105,0.5678233438485805,0.0,0.021640532717780405,0.004695793377012627,0.0,0.0019207309684038745,8.326051051051051,1.0,0.7432428716764277,-0.14413580448358654,-0.4490478514058409,0.15147881782041545,-0.6387507768800498,0.7960339943342776,0.0,0.7994759509236122,-0.3953385868444489,0.1301151995614667,Banks—Regional,Financial Services,FRAF
2011Q3,2011,Q3,2011-11-09,2011-09-30,1059000.0,12872000.0,0.0,0.27,12872000.0,1.0,996941000.0,86476000.0,838457000.0,0.0,910465000.0,0.0,59458000.0,60756300.0,74247300.0,21.776882397381012,0.0,0.049042019537766025,0.5653823026041908,0.0,21.776882397381012,0.012246172348397243,4.720035736482287,14.342847025495752,0.7025799065636709,1.0113314447592068,0.0,0.017627801561319566,0.012911496267081001,0.0,0.0010622494209787741,15.703360041354355,1.0,-0.39999999999999997,-0.5151209908198073,0.5626619594788109,0.16589383131274216,0.21824720802574296,-0.39761092150170646,0.0,-0.6095721546294864,0.27525713687609654,0.06725618423859682,Banks—Regional,Financial Services,FRAF
2011Q2,2011,Q2,2011-08-09,2011-06-30,1758000.0,10566000.0,0.0,0.45,10566000.0,1.0,1006530000.0,86195000.0,846940000.0,0.0,920335000.0,0.0,59470000.0,70167596.058,78852596.058,21.865804160324707,0.0,0.048984133607542744,0.5720053367364696,0.0,21.865804160324707,0.020395614594814083,6.640885487223168,9.97832708447099,0.8140564540634608,0.6052332195676906,0.0,0.015163694636488695,0.010497451640785669,0.0,0.0017465947363714941,-112.2681536928,1.0,-0.042553191489361625,-0.20363132595153693,0.3017806413855357,0.2866233874992417,0.014303542286646827,-0.04921579232017307,0.0,-0.3025746022342324,0.05850403695120558,0.07686887081325218,Banks—Regional,Financial Services,FRAF
2011Q1,2011,Q1,2011-05-10,2011-03-31,1849000.0,10417000.0,0.0,0.47,10417000.0,1.0,971983000.0,84340000.0,821214000.0,0.0,887643000.0,0.0,58775000.0,69472503.925,109204503.925,21.487898089171974,0.0,0.0634908223703501,0.731705003557031,0.0,21.487898089171974,0.02192316812900166,6.669146964097148,9.393253640481342,0.8237195153545175,0.5722011898323418,0.0,0.015229046604426097,0.010717265631189023,0.0,0.001902296645105933,13.600725122357087,1.0,0.10134328358208945,0.07064276182450498,0.40576312778830653,0.2899718389328569,0.006084604983581225,0.10388059701492537,0.0,-0.28623811030277424,0.06984962980760548,0.058030632042613106,Banks—Regional,Financial Services,FRAF
2010Q4,2010,Q4,2011-03-11,2010-12-31,1675000.0,10354000.0,0.0,0.4267515923566879,10354000.0,1.0,951889000.0,82639000.0,806661000.0,0.0,869250000.0,0.0,57984000.0,71631250.0,120410250.0,21.05452229299363,0.0,0.07446771629885417,0.8577669139268385,0.0,21.05452229299363,0.020268880310749162,6.918220011589724,10.691231343283581,0.8667971538861796,0.6292537313432836,0.0,0.01471424832039089,0.010877318678963618,0.0,0.0017596589518315685,21.543233082706767,1.0,-0.07227914705067849,-0.11292001048529712,0.3608388307441355,0.2798710149275932,0.053734988805210666,-0.07099278979478647,0.0,-0.36445091387427303,0.06070449841348464,0.04032368256920508,Banks—Regional,Financial Services,FRAF
2010Q3,2010,Q3,2010-11-08,2010-09-30,1803000.0,9826000.0,0.0,0.46,9826000.0,1.0,967588000.0,82240000.0,814511000.0,0.0,885348000.0,0.0,57363000.0,64429146.107,134374146.107,21.1250963267403,0.0,0.09440278300268296,1.1106882295719844,0.0,21.1250963267403,0.02192363813229572,6.557006524221453,8.933603176234055,0.7834283330131323,0.5829173599556295,0.0,0.016312493079677998,0.010155148678983204,0.0,0.0018633964042547035,32.49074438073626,1.0,-0.1785714285714286,-0.054818549049435325,0.31745062509352584,0.27649566858707264,-0.02587488847030832,-0.16489115331171839,0.0,-0.2982743686938069,0.04741371897486545,0.09743936392055189,Banks—Regional,Financial Services,FRAF
2010Q2,2010,Q2,2010-08-09,2010-06-30,2159000.0,10087000.0,0.0,0.56,10087000.0,1.0,986605000.0,81157000.0,830728000.0,0.0,905448000.0,0.0,56610000.0,68676003.88,125461003.88,20.91675257731959,0.0,0.09506945535447317,1.155735179959831,0.0,20.91675257731959,0.026602757617950393,6.808367589967284,7.9522931773969425,0.8462117116206859,0.48494673459935156,0.0,0.015245499750239689,0.01022394980767379,0.0,0.002188312445203501,30.85175376460018,1.0,0.09803921568627459,0.29405427270985735,0.4491440293088261,0.28146443897096013,0.014788732394366197,0.09371833839918946,0.0,0.030450563655663117,0.14797001477444352,0.09469094731352581,Banks—Regional,Financial Services,FRAF
2010Q1,2010,Q1,2010-05-10,2010-03-31,1974000.0,9940000.0,0.0,0.51,9940000.0,1.0,974267000.0,80623000.0,814470000.0,0.0,893644000.0,0.0,55498000.0,64789000.0,130592000.0,20.84358841778697,0.0,0.09673323637154907,1.1689468265879464,0.0,20.84358841778697,0.02448432829341503,6.5180080482897385,8.205293819655521,0.8036044304975006,0.5278622087132725,0.0,0.01608297704857306,0.010202542013636918,0.0,0.002026138625243388,23.97816432272391,1.0,0.11893363584798641,0.24473482927984166,0.5855023129886132,0.30219287549967355,0.04576538663861126,0.11968235961429381,0.0,-0.05492364451311899,0.17506394719981178,0.09474293304491369,Banks—Regional,Financial Services,FRAF
2009Q4,2009,Q4,2010-03-16,2009-12-31,1763000.0,9505000.0,0.0,0.4557911065149948,9505000.0,1.0,979373000.0,78766000.0,808724000.0,0.0,900607000.0,0.0,54566000.0,63164439.99999999,124604440.0,20.363495346432266,0.0,0.09668226508184317,1.2021430566488078,0.0,20.363495346432266,0.022382753980143718,6.6453908469226715,8.956954055587067,0.8019251961506232,0.5904707884288145,0.0,0.016480792040584863,0.009705188932102479,0.0,0.0018001313085004385,-69.3352799121844,1.0,0.6278253804106957,0.11650859696820831,0.38749941938124793,0.2625139789564987,0.03035230352303523,0.6278855032317636,0.0,-0.17120133457375997,0.17656367084864028,0.08685173164508375,Banks—Regional,Financial Services,FRAF
2009Q3,2009,Q3,2009-11-09,2009-09-30,1083000.0,9225000.0,0.0,0.28,9225000.0,1.0,975590000.0,77636000.0,791694000.0,9900000.0,897954000.0,0.0,53844000.0,64336750.0,150566750.0,20.21244467586566,79.96909090909091,0.11573201857337612,1.4543124323767325,0.0,20.21244467586566,0.013949714050182905,6.9741734417344174,14.851512003693443,0.8286973826575299,0.9566020313942751,0.0,0.01610277174398769,0.009455816480283727,2.6946464646464645,0.0011100974794739594,33.317840497151735,1.0,-0.34883720930232553,-0.3286717540954419,0.38039884603801805,0.259194696282634,-0.07193158953722334,-0.3392312385600976,0.0,-0.48734941184824027,0.15781977734060665,0.08213674176685438,Banks—Regional,Financial Services,FRAF
2009Q2,2009,Q2,2009-08-10,2009-06-30,1639000.0,9940000.0,0.0,0.43,9940000.0,1.0,966663000.0,75957000.0,791729000.0,0.0,890706000.0,0.0,53798000.0,65229000.0,123401000.0,19.795934323690382,0.0,0.10700833692817456,1.3618363021183038,0.0,19.795934323690382,0.02157799807785984,6.562273641851107,9.949511897498475,0.8587621943994629,0.6314826113483831,0.0,0.01586717564273559,0.010282797624404783,0.0,0.0016955236726759998,27.453282828282827,1.0,-0.21818181818181825,0.2944139234816084,0.5927321174349784,0.29014398616416576,0.023160061760164694,-0.2198952879581152,0.0,-0.23722039607620765,0.25816734086357984,0.16482850991933523,Banks—Regional,Financial Services,FRAF
2009Q1,2009,Q1,2009-05-11,2009-03-31,2101000.0,9715000.0,0.0,0.55,9715000.0,1.0,915272000.0,73248000.0,747147000.0,0.0,842024000.0,0.0,53194000.0,57405000.0,148313000.0,19.139796185001305,0.0,0.11495817636724384,1.4364624290083006,0.0,19.139796185001305,0.028683377020532985,5.908903757076685,6.830675868633984,0.7837074049803407,0.49167063303188957,0.0,0.017994948175246057,0.010614331040390178,0.0,0.002295492487479132,15.519059205190592,1.0,1.1027472527472528,0.8059012375879321,0.8662807738862184,0.4892088552933965,0.33392832623918717,1.098901098901099,0.0,0.24771364731487064,0.34460117833830795,0.14900945542029154,Banks—Regional,Financial Services,FRAF
2008Q4,2008,Q4,2009-03-13,2008-12-31,1001000.0,7283000.0,0.0,0.26156258165665014,7283000.0,1.0,902460000.0,73059000.0,727195000.0,18850000.0,829401000.0,0.0,52126000.0,69842750.0,178120750.0,19.09041024301019,38.57798408488064,0.13850032134388227,1.710822759687376,0.0,19.09041024301019,0.013701255149947304,9.589832486612659,17.443244255744254,0.9559773607632188,1.030969030969031,0.0,0.014776050484839156,0.008070163774571726,0.886631299734748,0.0011091904350331316,29.076915070774355,1.0,-0.6153491446225734,-0.17967567976124404,0.35493974119719307,0.5366944593819207,-0.2507201646090535,-0.6167687595712098,0.0,-0.4562950991885536,-0.018274568972384945,0.16047575875118736,Banks—Regional,Financial Services,FRAF
2008Q3,2008,Q3,2008-11-10,2008-09-30,2612000.0,9720000.0,0.0,0.68,9720000.0,1.0,884585000.0,78027000.0,698509000.0,0.0,806558000.0,0.0,52054000.0,81260000.0,163594000.0,20.40455020920502,0.0,0.11223681161222494,1.272418521793738,0.0,20.40455020920502,0.033475591782331754,8.360082304526749,7.777565084226645,1.0414343752803517,0.39509954058192953,0.0,0.012699975387644597,0.010988203507859617,0.0,0.0029527970743342923,59.53113553113553,1.0,0.06250000000000006,0.6109775770254849,0.5034583879399286,0.36504231020497546,0.001442406758705955,0.065687474500204,0.0,0.3939883879746611,0.3267539005982872,0.23295626957913715,Banks—Regional,Financial Services,FRAF
2008Q2,2008,Q2,2008-08-11,2008-06-30,2451000.0,9706000.0,0.0,0.64,9706000.0,1.0,852192000.0,77829000.0,673102000.0,17050000.0,774363000.0,0.0,50474000.0,88159000.0,154272000.0,20.304983042003652,39.478123167155424,0.1050185873605948,1.1499055621940408,0.0,20.304983042003652,0.03149211733415565,9.082938388625593,8.992146062831496,1.1327268755862212,0.4222766217870257,0.0,0.01174015131750587,0.011389452142240247,1.3714369501466275,0.0028761124253689307,41.64336324988191,1.0,-0.030303030303030328,0.3825460979776643,0.38593874277204265,0.354116740020591,0.019859199327519176,-0.031990521327014215,0.0,0.4870859358966371,0.4115059861042814,0.24398439031353975,Banks—Regional,Financial Services,FRAF
2008Q1,2008,Q1,2008-05-08,2008-03-31,2532000.0,9517000.0,0.0,0.66,9517000.0,1.0,828989000.0,77914000.0,647236000.0,500000.0,751075000.0,0.0,49059000.0,91689099.6,140866099.6,20.309334567835585,1294.472,0.08760429873013996,0.9320917935159279,0.0,20.309334567835585,0.03249736889390867,9.634243942418829,9.05303116113744,1.176798773006135,0.39375987361769355,0.0,0.010873702592232677,0.011480248833217329,46.892,0.0030543227955980115,30.330499371485278,1.0,-0.01708065217391298,0.44658259669611583,0.41387092358930516,0.40553563254706343,-0.0025154595954302483,-0.017080745341614908,0.0,0.609756002924052,0.5305489483352028,0.26881563050853335,Banks—Regional,Financial Services,FRAF
2007Q4,2007,Q4,2008-03-12,2007-12-31,2576000.0,9541000.0,0.0,0.6714691306664331,9541000.0,1.0,820371000.0,77642000.0,626212000.0,0.0,742729000.0,0.0,47946000.0,95717285.636364,137340285.63636398,20.23843410062236,0.0,0.0727890186269383,0.7690940470363978,0.0,20.23843410062236,0.03317791916746091,10.032206858438737,9.289332845144022,1.2328029370233122,0.38819875776397517,0.0,0.01044743374565659,0.011630103940778014,0.0,0.0031400427367617822,10.942870199652909,1.0,0.01737747070671677,0.47751866326059345,0.47123145535651784,0.4360983374208242,0.021958011996572407,0.007430582714118107,0.0,0.644834763714675,0.4042396874140897,0.2547603213267743,Banks—Regional,Financial Services,FRAF
2007Q3,2007,Q3,2007-11-07,2007-09-30,2557000.0,9336000.0,0.0,0.66,9336000.0,1.0,820859000.0,74577000.0,616980000.0,7950000.0,746282000.0,0.0,46370000.0,98018318.725758,122000318.725758,19.24944285875792,77.60754716981133,0.04911562156229023,0.5406090349571584,0.0,19.24944285875792,0.03428671037987583,10.498963016897815,9.583331905138639,1.3143237020228489,0.3906922174423152,0.0,0.010191972408699103,0.011373451469740845,2.0547169811320756,0.0031150294995851906,32.25347769850543,1.0,0.24528301886792453,0.8223577552932908,0.5899054251417635,0.36994135363042296,0.08118123914302258,0.241864983001457,0.0,0.5714289653018191,0.3850218281793092,0.1992016177580703,Banks—Regional,Financial Services,FRAF
2007Q2,2007,Q2,2007-08-08,2007-06-30,2059000.0,8635000.0,0.0,0.53,8635000.0,1.0,827091000.0,72856000.0,610082000.0,0.0,754235000.0,0.0,44812000.0,103903241.75,119161241.75,19.107450032953373,0.0,0.039921846568273626,0.45320906994619525,0.0,19.107450032953373,0.02826122762710003,12.032801592356687,12.615740863283147,1.42614529688701,0.48567265662943176,0.0,0.00962433879018024,0.010440205491294187,0.0,0.002489447956754456,104.53042429577465,1.0,-0.018518518518518535,0.27067204958560626,0.3976375156895215,0.37977618070808417,0.03301830362483551,-0.0024224806201550387,0.0,0.6363634747553045,0.39234834644184785,0.24527397130460618,Banks—Regional,Financial Services,FRAF
2007Q1,2007,Q1,2007-05-08,2007-03-31,2064000.0,8359000.0,0.0,0.54,8359000.0,1.0,796707000.0,72774000.0,596839000.0,0.0,723933000.0,0.0,43753000.0,103964442.222222,121794442.222222,19.03971040928549,0.0,0.04225392773001869,0.4625827905570671,0.0,19.03971040928549,0.02836177755791904,12.43742579521737,12.592592323428052,1.428593209418501,0.46511627906976744,0.0,0.009233926325964587,0.010491937437477014,0.0,0.0025906638199488644,799.7264786324769,1.0,-0.018078078020932396,0.2633639662581636,0.35890603702896323,0.38904931020175954,0.04710008768633346,-0.01807802093244529,0.0,0.7763158479550285,0.6077964177329479,0.48142148796491363,Banks—Regional,Financial Services,FRAF
