Quarters,Year,Quarter,FillingDate,Date,NetIncome,Revenue,OperatingIncome,EPSDiluted,GrossProfit,GrossProfitRatio,TotalAssets,CommonStockEquity,CurrentAssets,CurrentLiability,TotalLiability,Inventory,RetainedEarnings,MarketCap,EnterpriseValue,bookValuePerShare,currentRatio,debtToAssets,debtToEquity,roic,shareholdersEquityPerShare,roe,priceToSalesRatio,peRatio,pbRatio,payoutRatio,inventoryTurnover,dividendYield,assetTurnover,quickRatio,returnOnAssets,priceToFreeCashFlowsRatio,grossProfitMargin,epsdilutedGrowth,fiveYNetIncomeGrowthPerShare,fiveYRevenueGrowthPerShare,fiveYShareholdersEquityGrowthPerShare,grossProfitGrowth,netIncomeGrowth,operatingIncomeGrowth,threeYNetIncomeGrowthPerShare,threeYRevenueGrowthPerShare,threeYShareholdersEquityGrowthPerShare,Industry,Sector,Symbol
2023Q1,2023,Q1,2023-05-05,2023-03-31,33000000.0,2644000000.0,176000000.0,0.05,835000000.0,0.3158093797,12200000000.0,578000000.0,3886000000.0,2262000000.0,11509000000.0,1326000000.0,358000000.0,0.0,5411000000.0,0.0,1.7179487179487178,0.5489344262295082,11.586505190311419,0.011372514465297969,0.0,0.05709342560553633,0.0,0.0,0.0,0.21212121212121213,1.3642533936651584,,0.21672131147540982,1.0508399646330682,0.0027049180327868854,0.0,0.3158093797276853,0.0,0.0,0.0,0.0,-0.15995975855130784,2.1,-0.6970740103270223,0.0,0.0,0.0,Internet Retail,Consumer Cyclical,QRTEP
2022Q4,2022,Q4,2023-03-01,2022-12-31,-30000000.0,3526000000.0,581000000.0,0.0,994000000.0,0.2819058423,12571000000.0,412000000.0,4275000000.0,3099000000.0,12046000000.0,1346000000.0,337000000.0,0.0,5596000000.0,0.0,1.3794772507260407,0.5465754514358444,16.67718446601942,0.031469421580115224,0.0,-0.07281553398058252,0.0,0.0,0.0,-0.03333333333333333,1.8811292719167905,,0.28048683477845837,0.877379799935463,-0.002386444992442924,0.0,0.2819058423142371,1.0,0.0,0.0,0.0,0.18474374255065554,0.9890350877192983,3.2720588235294117,0.0,0.0,0.0,Internet Retail,Consumer Cyclical,QRTEP
2022Q3,2022,Q3,2022-11-04,2022-09-30,-2736000000.0,2744000000.0,136000000.0,-7.21,839000000.0,0.3057580175,11796000000.0,235000000.0,3577000000.0,2734000000.0,11448000000.0,1737000000.0,387000000.0,0.0,5282000000.0,0.0,1.3083394294074615,0.5006781959986436,25.131914893617022,0.02287356964117862,0.0,-11.642553191489363,0.0,0.0,0.0,-0.0003654970760233918,1.0967184801381693,,0.23262122753475756,0.6038771031455743,-0.23194303153611392,0.0,0.30575801749271136,-14.60377358490566,0.0,0.0,0.0,-0.13948717948717948,-14.47783251231527,-0.37327188940092165,0.0,0.0,0.0,Internet Retail,Consumer Cyclical,QRTEP
2022Q2,2022,Q2,2022-08-05,2022-06-30,203000000.0,2953000000.0,217000000.0,0.53,975000000.0,0.3301727057,15229000000.0,3072000000.0,3841000000.0,3374000000.0,12038000000.0,1737000000.0,3134000000.0,0.0,5908000000.0,0.0,1.1384113811499703,0.4247816665572263,2.1057942708333335,0.014740212098979523,0.0,0.06608072916666667,0.0,0.0,0.0,0.08374384236453201,1.1387449625791595,,0.19390636286033225,0.5566093657379965,0.01332983124302318,0.0,0.33017270572299356,0.0,0.0,0.0,0.0,0.10669693530079455,14.615384615384615,0.3395061728395062,0.0,0.0,0.0,Internet Retail,Consumer Cyclical,QRTEP
2022Q1,2022,Q1,2022-05-06,2022-03-31,13000000.0,2883000000.0,162000000.0,0.0,881000000.0,0.3055844606,15808000000.0,2880000000.0,4169000000.0,4310000000.0,12801000000.0,1772000000.0,2973000000.0,0.0,6484000000.0,0.0,0.9672853828306265,0.4486336032388664,2.4625,0.0029745258554939743,0.0,0.0045138888888888885,0.0,0.0,0.0,0.7692307692307693,1.1297968397291196,,0.182376012145749,0.4997679814385151,0.0008223684210526315,0.0,0.30558446063128686,1.0,0.0,0.0,0.0,-0.3385885885885886,1.064039408866995,-0.5856777493606138,0.0,0.0,0.0,Internet Retail,Consumer Cyclical,QRTEP
2021Q4,2021,Q4,2022-02-25,2021-12-31,-203000000.0,4059000000.0,391000000.0,-0.07,1332000000.0,0.3281596452,16249000000.0,2894000000.0,4448000000.0,4224000000.0,13219000000.0,1623000000.0,2969000000.0,0.0,6402000000.0,0.0,1.053030303030303,0.4301187765400948,2.414996544574983,0.081123897070472,0.0,-0.07014512785072564,0.0,0.0,0.0,-2.4088669950738915,1.6802218114602587,,0.24979998769155026,0.6131628787878788,-0.0124930764970152,0.0,0.328159645232816,-1.916666666666667,0.0,0.0,0.0,0.23906976744186045,-2.5984251968503935,0.42700729927007297,0.0,0.0,0.0,Internet Retail,Consumer Cyclical,QRTEP
2021Q3,2021,Q3,2021-11-04,2021-09-30,127000000.0,3144000000.0,274000000.0,-0.024,1075000000.0,0.3419211196,16960000000.0,3766000000.0,4537000000.0,4445000000.0,13046000000.0,1742000000.0,3822000000.0,0.0,6496000000.0,0.0,1.020697412823397,0.43007075471698114,1.936802973977695,0.02185937666205723,0.0,0.033722782793414764,0.0,0.0,0.0,0.007874015748031496,1.1877152698048221,,0.18537735849056602,0.5347581552305962,0.007488207547169811,0.0,0.3419211195928753,0.0,0.0,0.0,0.0,-0.1495253164556962,-0.42792792792792794,-0.3672055427251732,0.0,0.0,0.0,Internet Retail,Consumer Cyclical,QRTEP
2021Q2,2021,Q2,2021-08-06,2021-06-30,222000000.0,3504000000.0,433000000.0,0.0,1264000000.0,0.3607305936,16906000000.0,3771000000.0,4427000000.0,4402000000.0,12994000000.0,1428000000.0,3787000000.0,0.0,6238000000.0,0.0,1.005679236710586,0.42517449426239207,1.9061256961018298,0.03417898294081968,0.0,0.0588703261734288,0.0,0.0,0.0,0.0,1.5686274509803921,,0.20726369336330297,0.5756474329850069,0.013131432627469538,0.0,0.3607305936073059,0.0,0.0,0.0,0.0,0.10683012259194395,0.07766990291262135,0.16085790884718498,0.0,0.0,0.0,Internet Retail,Consumer Cyclical,QRTEP
2021Q1,2021,Q1,2021-05-07,2021-03-31,206000000.0,3337000000.0,373000000.0,0.0,1142000000.0,0.3422235541,16571000000.0,3636000000.0,4135000000.0,4220000000.0,12807000000.0,1374000000.0,3680000000.0,0.0,6291000000.0,0.0,0.9798578199052133,0.4242351095286947,1.9334433443344334,0.028178020119063195,0.0,0.05665566556655666,0.0,0.0,0.0,0.06310679611650485,1.5975254730713246,,0.2013758976525255,0.5395734597156399,0.012431355983344397,0.0,0.3422235540905004,1.0,0.0,0.0,0.0,-0.23304231027535258,-0.6906906906906907,-0.2962264150943396,0.0,0.0,0.0,Internet Retail,Consumer Cyclical,QRTEP
2020Q4,2020,Q4,2021-02-26,2020-12-31,666000000.0,4452000000.0,530000000.0,-0.13,1489000000.0,0.3344564241,16999000000.0,3598000000.0,4565000000.0,4704000000.0,13266000000.0,1301000000.0,3522000000.0,0.0,6130000000.0,0.0,0.9704506802721088,0.40802400141184775,1.9277376320177877,0.0949437764426459,0.0,0.1851028349082824,0.0,0.0,0.0,0.9384384384384384,2.277478862413528,,0.26189775869168774,0.5933248299319728,0.03917877522207189,0.0,0.33445642407906556,-3.0625,0.0,0.0,0.0,0.23568464730290456,0.35365853658536583,0.3054187192118227,0.0,0.0,0.0,Internet Retail,Consumer Cyclical,QRTEP
2020Q3,2020,Q3,2020-11-05,2020-09-30,492000000.0,3383000000.0,406000000.0,-0.032,1205000000.0,0.3561927283,13051000000.0,3578000000.0,4369000000.0,4156000000.0,13085000000.0,1481000000.0,3531000000.0,0.0,5822000000.0,0.0,1.0512512030798844,0.5260899547927362,1.9189491335941866,0.04532228758751255,0.0,0.13750698714365567,0.0,0.0,0.0,0.0,1.4706279540850777,,0.2592138533445713,0.5259865255052936,0.03769826066968048,0.0,0.35619272834762045,0.0,0.0,0.0,0.0,0.0,1.2363636363636363,0.0024691358024691358,0.0,0.0,0.0,Internet Retail,Consumer Cyclical,QRTEP
2020Q2,2020,Q2,2020-08-10,2020-06-30,220000000.0,3422000000.0,405000000.0,0.0,1205000000.0,0.3521332554,16697000000.0,5157000000.0,4194000000.0,3750000000.0,11411000000.0,1304000000.0,5091000000.0,0.0,5693000000.0,0.0,1.1184,0.39773612026112476,1.2877642039945705,0.027415417780650042,0.0,0.042660461508629045,0.0,0.0,0.0,0.0,1.7001533742331287,,0.2049469964664311,0.6058666666666667,0.01317601964424747,0.0,0.3521332554061952,0.0,0.0,0.0,0.0,0.22087132725430597,25.444444444444443,0.7532467532467533,0.0,0.0,0.0,Internet Retail,Consumer Cyclical,QRTEP
2020Q1,2020,Q1,2020-05-08,2020-03-31,-9000000.0,2920000000.0,231000000.0,0.0,987000000.0,0.3380136986,16510000000.0,4972000000.0,3748000000.0,2813000000.0,11409000000.0,1433000000.0,4871000000.0,0.0,6490000000.0,0.0,1.332385353714895,0.42671108419139914,1.416934835076428,0.006407589248564534,0.0,-0.0018101367658889783,0.0,0.0,0.0,0.0,1.3489183531053734,,0.17686250757116898,0.7092072520440811,-0.0005451241671714113,0.0,0.33801369863013697,0.0,0.0,0.0,0.0,-0.2517058377558757,-1.0638297872340425,-0.46774193548387094,0.0,0.0,0.0,Internet Retail,Consumer Cyclical,QRTEP
2019Q4,2019,Q4,2020-02-26,2019-12-31,141000000.0,4173000000.0,434000000.0,0.0,1319000000.0,0.3160795591,17305000000.0,4840000000.0,4576000000.0,4001000000.0,12333000000.0,1413000000.0,4891000000.0,0.0,6739000000.0,0.0,1.1437140714821294,0.42831551574689397,1.531404958677686,0.043640874959190334,0.0,0.02913223140495868,0.0,0.0,0.0,0.0,2.019815994338287,,0.24114417798324184,0.6315921019745063,0.008147934123085813,0.0,0.3160795590702133,0.0,0.0,0.0,0.0,0.24082784571966134,1.1867549668874173,0.4812286689419795,0.0,0.0,0.0,Internet Retail,Consumer Cyclical,QRTEP
2019Q3,2019,Q3,2019-11-12,2019-09-30,-755000000.0,3089000000.0,293000000.0,0.0,1063000000.0,0.3441243121,16979000000.0,4643000000.0,3829000000.0,3351000000.0,12210000000.0,1674000000.0,4734000000.0,0.0,6935000000.0,0.0,1.1426439868695912,0.4440779786795453,1.6239500323066982,0.020063733406254433,0.0,-0.16261038121903942,0.0,0.0,0.0,0.0,1.2102747909199523,,0.18193062017786676,0.5565502834974635,-0.04446669415159903,0.0,0.3441243120751052,0.0,0.0,0.0,0.0,-0.04663677130044843,-7.398305084745763,-0.12797619047619047,0.0,0.0,0.0,Internet Retail,Consumer Cyclical,QRTEP
2019Q2,2019,Q2,2019-08-08,2019-06-30,118000000.0,3111000000.0,336000000.0,0.0,1115000000.0,0.3584056573,17721000000.0,5523000000.0,3533000000.0,3172000000.0,12080000000.0,1516000000.0,5583000000.0,0.0,6939000000.0,0.0,1.1138083228247162,0.4208566108007449,1.3503530689842478,0.03364917957014098,0.0,0.021365200072424408,0.0,0.0,0.0,0.0,1.316622691292876,,0.17555442695107498,0.5718789407313998,0.006658766435302748,0.0,0.35840565734490515,0.0,0.0,0.0,0.0,0.04990583804143126,1.1454545454545455,0.16666666666666666,0.0,0.0,0.0,Internet Retail,Consumer Cyclical,QRTEP
2019Q1,2019,Q1,2019-05-10,2019-03-31,55000000.0,3085000000.0,288000000.0,0.0,1062000000.0,0.3442463533,17797000000.0,5453000000.0,3718000000.0,3656000000.0,12235000000.0,1562000000.0,5533000000.0,0.0,6935000000.0,0.0,1.0169584245076586,0.4182165533516885,1.3649367320740877,0.025412851886711732,0.0,0.010086191087474784,0.0,0.0,0.0,0.0,1.295134443021767,,0.17334382199247064,0.5393873085339168,0.003090408495813901,0.0,0.34424635332252834,0.0,0.0,0.0,0.0,-0.25158562367864695,-0.56,-0.33793103448275863,0.0,0.0,0.0,Internet Retail,Consumer Cyclical,QRTEP
2018Q4,2018,Q4,2019-02-28,2018-12-31,125000000.0,4376000000.0,435000000.0,0.0,1419000000.0,0.3242687386,17841000000.0,5624000000.0,4186000000.0,3951000000.0,12097000000.0,1474000000.0,5675000000.0,0.0,6720000000.0,0.0,1.0594786130093647,0.41326158847598227,1.3109886201991465,0.014577204763683068,0.0,0.022226173541963015,0.0,0.0,0.0,0.0,2.0061058344640434,,0.24527773106888628,0.6297139964565933,0.007006333725688022,0.0,0.3242687385740402,0.0,0.0,0.0,0.0,0.2647058823529412,0.7361111111111112,1.0813397129186604,0.0,0.0,0.0,Internet Retail,Consumer Cyclical,QRTEP
2018Q3,2018,Q3,2018-11-09,2018-09-30,72000000.0,3231000000.0,209000000.0,0.0,1122000000.0,0.3472609099,17673000000.0,5636000000.0,3643000000.0,3768000000.0,11916000000.0,1727000000.0,5747000000.0,0.0,6825000000.0,0.0,0.9668259023354565,0.41628472811633566,1.3053584102200142,0.014988840144693297,0.0,0.0127750177430802,0.0,0.0,0.0,0.0,1.2211928199189346,,0.18282125275844507,0.4559447983014862,0.00407401120353081,0.0,0.34726090993500464,0.0,0.0,0.0,0.0,-0.05156382079459002,-0.6149732620320856,-0.41620111731843573,0.0,0.0,0.0,Internet Retail,Consumer Cyclical,QRTEP
2018Q2,2018,Q2,2018-08-08,2018-06-30,187000000.0,3233000000.0,358000000.0,0.0,1183000000.0,0.3659140118,17829000000.0,5687000000.0,3470000000.0,3459000000.0,12028000000.0,1510000000.0,5784000000.0,0.0,7038000000.0,0.0,1.0031801098583406,0.4316002019182231,1.35308598558115,0.023753211093410397,0.0,0.03288201160541586,0.0,0.0,0.0,0.0,1.3576158940397351,,0.18133378204049583,0.5088175773344897,0.010488529923158898,0.0,0.36591401175378907,0.0,0.0,0.0,0.0,0.040457343887423045,-0.26953125,0.21768707482993196,0.0,0.0,0.0,Internet Retail,Consumer Cyclical,QRTEP
2018Q1,2018,Q1,2018-05-10,2018-03-31,256000000.0,3230000000.0,294000000.0,0.0,1137000000.0,0.3520123839,18715000000.0,5861000000.0,4303000000.0,3937000000.0,12747000000.0,1510000000.0,5853000000.0,0.0,7183000000.0,0.0,1.0929641859283719,0.4401816724552498,1.4055621907524314,0.018730705051870047,0.0,0.04367855314792698,0.0,0.0,0.0,0.0,1.3860927152317881,,0.17258883248730963,0.5913131826263652,0.013678867218808443,0.0,0.3520123839009288,0.0,0.0,0.0,0.0,0.0326975476839237,-0.7113866967305524,-0.6365883807169345,0.0,0.0,0.0,Internet Retail,Consumer Cyclical,QRTEP
2017Q4,2017,Q4,2018-03-01,2017-12-31,887000000.0,3337000000.0,809000000.0,0.0,1101000000.0,0.3299370692,17237000000.0,6819000000.0,3582000000.0,2482000000.0,10309000000.0,1411000000.0,0.0,0.0,6373000000.0,0.0,1.443190975020145,0.3888727736845159,0.982988708021704,0.07296149725289591,0.0,0.13007772400645257,0.0,0.0,0.0,0.0,1.5846917080085046,,0.1935951731739862,0.8255439161966156,0.0514590706039334,0.0,0.32993706922385374,0.0,0.0,0.0,0.0,0.341047503045067,6.453781512605042,2.7110091743119265,0.0,0.0,0.0,Internet Retail,Consumer Cyclical,QRTEP
2017Q3,2017,Q3,2017-11-09,2017-09-30,119000000.0,2375000000.0,218000000.0,0.0,821000000.0,0.3456842105,13980000000.0,4871000000.0,2567000000.0,1675000000.0,8994000000.0,1197000000.0,0.0,0.0,5792000000.0,0.0,1.5325373134328357,0.4417024320457797,1.267706836378567,0.015959075739388373,0.0,0.024430301786080886,0.0,0.0,0.0,0.0,1.2982456140350878,,0.16988555078683834,0.7707462686567165,0.008512160228898426,0.0,0.3456842105263158,0.0,0.0,0.0,0.0,-0.036384976525821594,0.07207207207207207,-0.17735849056603772,0.0,0.0,0.0,Internet Retail,Consumer Cyclical,QRTEP
2017Q2,2017,Q2,2017-08-08,2017-06-30,111000000.0,2346000000.0,265000000.0,0.0,852000000.0,0.3631713555,13953000000.0,5005000000.0,2455000000.0,1562000000.0,8846000000.0,1096000000.0,0.0,0.0,5677000000.0,0.0,1.5717029449423816,0.43696696051028455,1.2181818181818183,0.015155284476127566,0.0,0.022177822177822177,0.0,0.0,0.0,0.0,1.3631386861313868,,0.16813588475596647,0.8156209987195903,0.007955278434745217,0.0,0.3631713554987212,0.0,0.0,0.0,0.0,0.04156479217603912,0.21978021978021978,0.17256637168141592,0.0,0.0,0.0,Internet Retail,Consumer Cyclical,QRTEP
2017Q1,2017,Q1,2017-05-09,2017-03-31,91000000.0,2323000000.0,226000000.0,0.0,818000000.0,0.3521308653,14040000000.0,4830000000.0,2440000000.0,1671000000.0,9116000000.0,1050000000.0,0.0,0.0,5805000000.0,0.0,1.4602034709754639,0.44045584045584046,1.2803312629399586,0.013046246415897161,0.0,0.01884057971014493,0.0,0.0,0.0,0.0,1.4333333333333333,,0.16545584045584047,0.7851585876720527,0.006481481481481481,0.0,0.3521308652604391,0.0,0.0,0.0,0.0,-0.22830188679245284,-0.5159574468085106,-0.4114583333333333,0.0,0.0,0.0,Internet Retail,Consumer Cyclical,QRTEP
2016Q4,2016,Q4,2017-02-28,2016-12-31,188000000.0,3125000000.0,384000000.0,0.0,1060000000.0,0.3392,14357000000.0,4860000000.0,2642000000.0,1760000000.0,9398000000.0,968000000.0,0.0,0.0,6037000000.0,0.0,1.5011363636363637,0.4440342689977015,1.3117283950617284,0.020261746200522852,0.0,0.03868312757201646,0.0,0.0,0.0,0.0,2.1332644628099175,,0.21766385735181445,0.9136363636363637,0.013094657658285156,0.0,0.3392,0.0,0.0,0.0,0.0,0.32665832290362956,2.081967213114754,1.2994011976047903,0.0,0.0,0.0,Internet Retail,Consumer Cyclical,QRTEP
2016Q3,2016,Q3,2016-11-08,2016-09-30,61000000.0,2303000000.0,167000000.0,0.0,799000000.0,0.3469387755,14442000000.0,4956000000.0,2454000000.0,1600000000.0,9364000000.0,1148000000.0,0.0,0.0,6104000000.0,0.0,1.53375,0.4467525273507824,1.3018563357546409,0.010046269559717295,0.0,0.012308313155770783,0.0,0.0,0.0,0.0,1.3101045296167246,,0.15946544799889212,0.723125,0.004223791718598532,0.0,0.3469387755102041,0.0,0.0,0.0,0.0,-0.0981941309255079,-0.5196850393700787,-0.3425196850393701,0.0,0.0,0.0,Internet Retail,Consumer Cyclical,QRTEP
2016Q2,2016,Q2,2016-08-05,2016-06-30,127000000.0,2424000000.0,254000000.0,0.0,886000000.0,0.3655115512,14630000000.0,5066000000.0,2488000000.0,1911000000.0,9452000000.0,1043000000.0,0.0,0.0,6004000000.0,0.0,1.3019361590790162,0.43732057416267944,1.2629293328069482,0.014090191374481044,0.0,0.025069088037899725,0.0,0.0,0.0,0.0,1.4745925215723874,,0.16568694463431305,0.6567242281527996,0.008680792891319207,0.0,0.3655115511551155,0.0,0.0,0.0,0.0,0.06490384615384616,0.4111111111111111,0.23300970873786409,0.0,0.0,0.0,Internet Retail,Consumer Cyclical,QRTEP
2016Q1,2016,Q1,2016-05-09,2016-03-31,90000000.0,2367000000.0,206000000.0,0.0,832000000.0,0.3514997888,14825000000.0,5098000000.0,2591000000.0,1805000000.0,9635000000.0,1032000000.0,0.0,0.0,6175000000.0,0.0,1.4354570637119113,0.4462057335581788,1.2975676735974893,0.011119709834399607,0.0,0.017653981953707338,0.0,0.0,0.0,0.0,1.4874031007751938,,0.1596627318718381,0.8199445983379502,0.0060708263069139965,0.0,0.35149978876214616,0.0,0.0,0.0,0.0,-0.24363636363636362,-0.5964125560538116,-0.4649350649350649,0.0,0.0,0.0,Internet Retail,Consumer Cyclical,QRTEP
2015Q4,2015,Q4,2016-02-26,2015-12-31,223000000.0,3226000000.0,385000000.0,0.0,1100000000.0,0.3409795412,15141000000.0,5195000000.0,2827000000.0,2103000000.0,9848000000.0,945000000.0,0.0,0.0,6109000000.0,0.0,1.3442700903471232,0.431609537018691,1.2579403272377285,0.022200184421594726,0.0,0.04292589027911453,0.0,0.0,0.0,0.0,2.2497354497354496,,0.21306386632322832,0.8640038040893961,0.014728221385641635,0.0,0.34097954122752633,0.0,0.0,0.0,0.0,0.4844804318488529,0.44805194805194803,0.4583333333333333,0.0,0.0,0.0,Internet Retail,Consumer Cyclical,QRTEP
2015Q3,2015,Q3,2015-11-05,2015-09-30,154000000.0,2007000000.0,264000000.0,0.0,741000000.0,0.3692077728,12588000000.0,4155000000.0,2840000000.0,1514000000.0,8327000000.0,1166000000.0,0.0,0.0,5179000000.0,0.0,1.8758256274768825,0.4520972354623451,1.3696750902527075,0.01730554928366971,0.0,0.03706377858002407,0.0,0.0,0.0,0.0,1.085763293310463,,0.15943755958055292,0.9266842800528402,0.012233873530346362,0.0,0.3692077727952167,0.0,0.0,0.0,0.0,-0.030104712041884817,0.375,-0.07042253521126761,0.0,0.0,0.0,Internet Retail,Consumer Cyclical,QRTEP
2015Q2,2015,Q2,2015-08-05,2015-06-30,112000000.0,1998000000.0,284000000.0,0.0,764000000.0,0.3823823824,12351000000.0,4130000000.0,2542000000.0,1302000000.0,8126000000.0,964000000.0,0.0,0.0,5197000000.0,0.0,1.9523809523809523,0.4610153024046636,1.3786924939467313,0.01734527687296417,0.0,0.02711864406779661,0.0,0.0,0.0,0.0,1.2800829875518671,,0.16176827787223708,1.0023041474654377,0.009068091652497773,0.0,0.38238238238238237,0.0,0.0,0.0,0.0,0.06555090655509066,-0.2582781456953642,0.19831223628691982,0.0,0.0,0.0,Internet Retail,Consumer Cyclical,QRTEP
2015Q1,2015,Q1,2015-05-08,2015-03-31,151000000.0,1938000000.0,237000000.0,0.0,717000000.0,0.3699690402,12481000000.0,4231000000.0,2610000000.0,1315000000.0,8160000000.0,966000000.0,0.0,0.0,5218000000.0,0.0,1.984790874524715,0.4605400208316641,1.3585440794138501,0.020652064988650076,0.0,0.035688962420231625,0.0,0.0,0.0,0.0,1.263975155279503,,0.15527601954971557,1.0456273764258555,0.012098389552119221,0.0,0.369969040247678,0.0,0.0,0.0,0.0,-0.2865671641791045,-0.31981981981981983,-0.46741573033707867,0.0,0.0,0.0,Internet Retail,Consumer Cyclical,QRTEP
2014Q4,2014,Q4,2015-02-27,2014-12-31,222000000.0,2781000000.0,445000000.0,0.0,1005000000.0,0.3613807983,13012000000.0,4280000000.0,2783000000.0,1590000000.0,8631000000.0,882000000.0,0.0,0.0,5438000000.0,0.0,1.750314465408805,0.4503535198278512,1.3691588785046729,0.029340659340659343,0.0,0.05186915887850467,0.0,0.0,0.0,0.0,2.0136054421768708,,0.21372579157700583,1.0308176100628932,0.01706117430064556,0.0,0.36138079827400216,0.0,0.0,0.0,0.0,0.19358669833729217,1.6746987951807228,0.8016194331983806,0.0,0.0,0.0,Internet Retail,Consumer Cyclical,QRTEP
2014Q3,2014,Q3,2014-11-05,2014-09-30,83000000.0,2330000000.0,247000000.0,0.0,842000000.0,0.3613733906,14293000000.0,5908000000.0,3081000000.0,1592000000.0,8264000000.0,1279000000.0,0.0,0.0,4702000000.0,0.0,1.9353015075376885,0.38025606940460366,0.9199390656736628,0.015210858212631786,0.0,0.014048747461069737,0.0,0.0,0.0,0.0,1.163408913213448,,0.16301686140068564,0.9711055276381909,0.00580703841041069,0.0,0.36137339055793993,0.0,0.0,0.0,0.0,-0.09169363538295577,-0.20952380952380953,-0.03137254901960784,0.0,0.0,0.0,Internet Retail,Consumer Cyclical,QRTEP
2014Q2,2014,Q2,2014-08-05,2014-06-30,105000000.0,2495000000.0,255000000.0,0.0,927000000.0,0.3715430862,14346000000.0,6164000000.0,2921000000.0,1543000000.0,8060000000.0,1181000000.0,0.0,0.0,4542000000.0,0.0,1.8930654569021388,0.3648403736233096,0.8491239454899416,0.013566209824045281,0.0,0.017034393251135625,0.0,0.0,0.0,0.0,1.327688399661304,,0.17391607416701518,0.9643551523007129,0.007319113341698034,0.0,0.3715430861723447,0.0,0.0,0.0,0.0,0.05221339387060159,-0.045454545454545456,0.045081967213114756,0.0,0.0,0.0,Internet Retail,Consumer Cyclical,QRTEP
2014Q1,2014,Q1,2014-05-08,2014-03-31,110000000.0,2447000000.0,244000000.0,0.0,881000000.0,0.3600326931,14580000000.0,6306000000.0,3028000000.0,1563000000.0,8162000000.0,1213000000.0,0.0,0.0,4605000000.0,0.0,1.9373000639795266,0.36262002743484223,0.8384078655248969,0.013292958091770442,0.0,0.017443704408499842,0.0,0.0,0.0,0.0,1.2910140148392415,,0.16783264746227708,1.0025591810620602,0.0075445816186556925,0.0,0.360032693093584,0.0,0.0,0.0,0.0,-0.22515391380826738,-0.29936305732484075,-0.39603960396039606,0.0,0.0,0.0,Internet Retail,Consumer Cyclical,QRTEP
2013Q4,2013,Q4,2014-02-28,2013-12-31,157000000.0,3228000000.0,404000000.0,0.0,1137000000.0,0.3522304833,14862000000.0,6378000000.0,3245000000.0,1916000000.0,8360000000.0,1135000000.0,0.0,0.0,4485000000.0,0.0,1.6936325678496869,0.342013187996232,0.7969582941360929,0.01741884887013217,0.0,0.024615867042960177,0.0,0.0,0.0,0.0,1.8422907488986784,,0.21719822365765037,0.9123173277661796,0.010563854124613107,0.0,0.35223048327137546,0.0,0.0,0.0,0.0,0.40717821782178215,1.0389610389610389,1.0301507537688441,0.0,0.0,0.0,Internet Retail,Consumer Cyclical,QRTEP
2013Q3,2013,Q3,2013-11-05,2013-09-30,77000000.0,2245000000.0,199000000.0,0.0,808000000.0,0.3599109131,14484000000.0,6575000000.0,2835000000.0,2002000000.0,7768000000.0,1328000000.0,0.0,0.0,4380000000.0,0.0,1.416083916083916,0.33381662524164596,0.7353612167300381,0.012052613952958108,0.0,0.011711026615969582,0.0,0.0,0.0,0.0,1.082078313253012,,0.15499861916597624,0.6088911088911089,0.005316210991438829,0.0,0.3599109131403118,0.0,0.0,0.0,0.0,-0.080773606370876,-0.29357798165137616,-0.2574626865671642,0.0,0.0,0.0,Internet Retail,Consumer Cyclical,QRTEP
2013Q2,2013,Q2,2013-08-06,2013-06-30,109000000.0,2400000000.0,268000000.0,0.0,879000000.0,0.36625,14359000000.0,6664000000.0,2689000000.0,1465000000.0,7565000000.0,1129000000.0,0.0,0.0,4133000000.0,0.0,1.8354948805460751,0.32899226965666134,0.7088835534213686,0.015031897266710434,0.0,0.016356542617046818,0.0,0.0,0.0,0.0,1.3472099202834367,,0.16714255867400238,0.9023890784982935,0.007591057873110941,0.0,0.36625,0.0,0.0,0.0,0.0,-0.0022701475595913734,0.14736842105263157,0.03076923076923077,0.0,0.0,0.0,Internet Retail,Consumer Cyclical,QRTEP
2013Q1,2013,Q1,2013-05-08,2013-03-31,95000000.0,2434000000.0,260000000.0,0.0,881000000.0,0.3619556286,14554000000.0,6792000000.0,2755000000.0,1752000000.0,7638000000.0,1116000000.0,0.0,0.0,4084000000.0,0.0,1.572488584474886,0.32094269616600246,0.6877208480565371,0.014708720283177231,0.0,0.013987043580683157,0.0,0.0,0.0,0.0,1.3915770609318996,,0.16723924694242132,0.7996575342465754,0.006527415143603133,0.0,0.3619556285949055,0.0,0.0,0.0,0.0,-0.20487364620938628,-0.4540229885057471,-0.3193717277486911,0.0,0.0,0.0,Internet Retail,Consumer Cyclical,QRTEP
2012Q4,2012,Q4,2013-02-28,2012-12-31,174000000.0,3143000000.0,382000000.0,0.0,1108000000.0,0.3525294305,15115000000.0,7011000000.0,3141000000.0,2126000000.0,7955000000.0,1106000000.0,0.0,0.0,3843000000.0,0.0,1.4774223894637817,0.300496195831955,0.6478391099700471,0.020004846140466978,0.0,0.024818142918271287,0.0,0.0,0.0,0.0,1.8399638336347197,,0.2079391333112802,0.8438381937911571,0.01151174330135627,0.0,0.3525294304804327,0.0,0.0,0.0,0.0,0.40430925221799746,2.5510204081632653,0.9792746113989638,0.0,0.0,0.0,Internet Retail,Consumer Cyclical,QRTEP
2012Q3,2012,Q3,2012-11-06,2012-09-30,49000000.0,2196000000.0,193000000.0,0.0,789000000.0,0.3592896175,14830000000.0,6995000000.0,2776000000.0,1861000000.0,7684000000.0,1247000000.0,0.0,0.0,3962000000.0,0.0,1.491671144545943,0.3047875927174646,0.6461758398856325,0.008315409290881122,0.0,0.0070050035739814154,0.0,0.0,0.0,0.0,1.128307939053729,,0.1480782198246797,0.6818914562063407,0.0033041132838840187,0.0,0.3592896174863388,0.0,0.0,0.0,0.0,-0.10034207525655645,-0.7905982905982906,-0.40615384615384614,0.0,0.0,0.0,Internet Retail,Consumer Cyclical,QRTEP
2012Q2,2012,Q2,2012-08-08,2012-06-30,234000000.0,2365000000.0,325000000.0,0.0,877000000.0,0.3708245243,17031000000.0,6177000000.0,2637000000.0,3857000000.0,10722000000.0,1096000000.0,3979000000.0,0.0,5259000000.0,0.0,0.6836919885921701,0.3551758557923786,0.9792779666504776,0.01760396399720164,0.0,0.03788246721709568,0.0,0.0,0.0,0.0,1.3576642335766422,,0.13886442369796254,0.37697692507129893,0.013739651224238154,0.0,0.3708245243128964,0.0,0.0,0.0,0.0,0.03419811320754717,1.5714285714285714,0.2596899224806202,0.0,0.0,0.0,Internet Retail,Consumer Cyclical,QRTEP
2012Q1,2012,Q1,2012-05-08,2012-03-31,91000000.0,2314000000.0,258000000.0,0.0,848000000.0,0.3664649957,17144000000.0,6396000000.0,2764000000.0,3486000000.0,10639000000.0,1124000000.0,3745000000.0,0.0,5389000000.0,0.0,0.7928858290304074,0.36065095660289315,0.9666979362101313,0.014551279158958624,0.0,0.014227642276422764,0.0,0.0,0.0,0.0,1.304270462633452,,0.13497433504433037,0.438324727481354,0.0053079794680354645,0.0,0.36646499567847884,0.0,0.0,0.0,0.0,-0.2318840579710145,-0.6807017543859649,-0.3986013986013986,0.0,0.0,0.0,Internet Retail,Consumer Cyclical,QRTEP
2011Q4,2011,Q4,2012-02-23,2011-12-31,285000000.0,3079000000.0,429000000.0,0.0,1104000000.0,0.3585579734,17339000000.0,6493000000.0,3120000000.0,3568000000.0,10712000000.0,1071000000.0,3654000000.0,0.0,5192000000.0,0.0,0.874439461883408,0.3482899821212296,0.9300785461265979,0.02214178511521144,0.0,0.043893423687047586,0.0,0.0,0.0,0.0,1.8440709617180207,,0.17757656150873752,0.5327914798206278,0.016436934079243324,0.0,0.3585579733679766,0.0,0.0,0.0,0.0,0.435630689206762,10.4,0.9151785714285714,0.0,0.0,0.0,Internet Retail,Consumer Cyclical,QRTEP
2011Q3,2011,Q3,2011-11-08,2011-09-30,25000000.0,2133000000.0,224000000.0,0.0,769000000.0,0.360525082,17025000000.0,6481000000.0,2926000000.0,3446000000.0,10429000000.0,1205000000.0,3369000000.0,0.0,5153000000.0,0.0,0.849100406268137,0.35530102790014684,0.9333436198117574,0.005517621904958963,0.0,0.0038574294090418146,0.0,0.0,0.0,0.0,1.1319502074688796,,0.1252863436123348,0.4480557167730702,0.0014684287812041115,0.0,0.3605250820440694,0.0,0.0,0.0,0.0,-0.4447653429602888,-0.9077490774907749,-0.4357682619647355,0.0,0.0,0.0,Internet Retail,Consumer Cyclical,QRTEP
2011Q2,2011,Q2,2011-08-09,2011-06-30,271000000.0,2783000000.0,397000000.0,0.0,1385000000.0,0.4976643909,26578000000.0,11866000000.0,7112000000.0,5096000000.0,14616000000.0,1103000000.0,0.0,0.0,3808000000.0,0.0,1.3956043956043955,0.27172849725336745,0.6086296982976571,0.012823418927038078,0.0,0.022838361705713805,0.0,0.0,0.0,0.0,1.2674524025385312,,0.10471066295432313,0.9224882260596546,0.01019640304010836,0.0,0.49766439094502335,0.0,0.0,0.0,0.0,0.7710997442455243,5.159090909090909,0.863849765258216,0.0,0.0,0.0,Internet Retail,Consumer Cyclical,QRTEP
2011Q1,2011,Q1,2011-05-06,2011-03-31,44000000.0,2159000000.0,213000000.0,0.0,782000000.0,0.3622047244,17551000000.0,6352000000.0,3205000000.0,2037000000.0,11113000000.0,1120000000.0,0.0,0.0,5380000000.0,0.0,1.5733922434953362,0.3771295082901259,1.0420340050377834,0.01403751793703572,0.0,0.0069269521410579345,0.0,0.0,0.0,0.0,1.2294642857142857,,0.12301293373596946,0.9759450171821306,0.0025069796592786736,0.0,0.36220472440944884,0.0,0.0,0.0,0.0,-0.5034920634920635,-0.8894472361809045,-0.4916467780429594,0.0,0.0,0.0,Internet Retail,Consumer Cyclical,QRTEP
2010Q4,2010,Q4,2011-02-28,2010-12-31,398000000.0,2886000000.0,419000000.0,0.0,1575000000.0,0.5457380457,16294000000.0,6287000000.0,3128000000.0,2343000000.0,9878000000.0,1069000000.0,0.0,0.0,4091000000.0,0.0,1.3350405463081518,0.3179084325518596,0.8239223795132814,0.03422490743652749,0.0,0.06330523302051853,0.0,0.0,0.0,0.0,1.226379794200187,,0.17712041242175033,0.8425096030729834,0.024426169142015466,0.0,0.5457380457380457,0.0,0.0,0.0,0.0,1.9829545454545454,2.7904761904761903,0.9045454545454545,0.0,0.0,0.0,Internet Retail,Consumer Cyclical,QRTEP
2010Q3,2010,Q3,2010-11-05,2010-09-30,105000000.0,1968000000.0,220000000.0,0.0,528000000.0,0.2682926829,16029000000.0,5952000000.0,2645000000.0,1987000000.0,9968000000.0,1109000000.0,0.0,0.0,4579000000.0,0.0,1.3311524911927528,0.3440014972861688,0.9264112903225806,0.03542245300487059,0.0,0.017641129032258066,0.0,0.0,0.0,0.0,1.2984670874661857,,0.12277746584315927,0.7307498741821842,0.006550626988583193,0.0,0.2682926829268293,0.0,0.0,0.0,0.0,-0.08808290155440414,0.8103448275862069,-0.19708029197080293,0.0,0.0,0.0,Internet Retail,Consumer Cyclical,QRTEP
2010Q2,2010,Q2,2010-08-09,2010-06-30,58000000.0,2053000000.0,274000000.0,0.0,579000000.0,0.282026303,16320000000.0,5716000000.0,3138000000.0,2185000000.0,10486000000.0,956000000.0,0.0,0.0,5159000000.0,0.0,1.4361556064073226,0.3835171568627451,1.0949965010496852,0.011098993549995325,0.0,0.010146955913226032,0.0,0.0,0.0,0.0,1.5418410041841004,,0.12579656862745098,0.9633867276887872,0.003553921568627451,0.0,0.2820263029712616,0.0,0.0,0.0,0.0,0.062385321100917435,-0.8129032258064516,0.25688073394495414,0.0,0.0,0.0,Internet Retail,Consumer Cyclical,QRTEP
2010Q1,2010,Q1,2010-05-07,2010-03-31,310000000.0,2025000000.0,218000000.0,0.0,545000000.0,0.2691358025,17149000000.0,5691000000.0,3819000000.0,2380000000.0,11339000000.0,1007000000.0,0.0,0.0,5010000000.0,0.0,1.6046218487394959,0.3930841448480961,1.1845018450184501,0.01227861184097508,0.0,0.054471973291161484,0.0,0.0,0.0,0.0,1.4697120158887786,,0.11808268703714503,1.1491596638655461,0.01807685579334072,0.0,0.2691358024691358,0.0,0.0,0.0,0.0,-0.24200278164116829,0.6062176165803109,-0.4508816120906801,0.0,0.0,0.0,Internet Retail,Consumer Cyclical,QRTEP
2009Q4,2009,Q4,2010-02-25,2009-12-31,193000000.0,2711000000.0,397000000.0,0.0,719000000.0,0.2652157875,17343000000.0,6794000000.0,3379000000.0,2743000000.0,10420000000.0,985000000.0,0.0,0.0,5319000000.0,0.0,1.2318629238060517,0.35766591708470274,0.9130114807182809,0.01972531399216072,0.0,0.028407418310273772,0.0,0.0,0.0,0.0,2.022335025380711,,0.15631666954967421,0.7779803135253373,0.01112840915643199,0.0,0.2652157875322759,0.0,0.0,0.0,0.0,0.5200845665961945,63.333333333333336,1.0463917525773196,0.0,0.0,0.0,Internet Retail,Consumer Cyclical,QRTEP
2009Q3,2009,Q3,2009-11-09,2009-09-30,3000000.0,1827000000.0,194000000.0,0.0,473000000.0,0.2588943623,17217000000.0,6589000000.0,3047000000.0,2623000000.0,10510000000.0,1106000000.0,0.0,0.0,5479000000.0,0.0,1.161646969119329,0.36562699657315445,0.9553801790863561,-0.004517230673703819,0.0,0.0004553042950371832,0.0,0.0,0.0,0.0,1.2242314647377939,,0.10611604809200209,0.658787647731605,0.00017424638438752395,0.0,0.2588943623426382,0.0,0.0,0.0,0.0,-0.14466546112115733,-0.9765625,-0.2706766917293233,0.0,0.0,0.0,Internet Retail,Consumer Cyclical,QRTEP
2009Q2,2009,Q2,2009-08-07,2009-06-30,128000000.0,1936000000.0,266000000.0,0.0,553000000.0,0.2856404959,16967000000.0,6416000000.0,2998000000.0,2443000000.0,10449000000.0,942000000.0,0.0,0.0,5678000000.0,0.0,1.2271796970937372,0.3904049036364708,1.032418952618454,0.012009667224391151,0.0,0.0199501246882793,0.0,0.0,0.0,0.0,1.4681528662420382,,0.11410384864737431,0.7744576340564879,0.0075440561089173104,0.0,0.2856404958677686,0.0,0.0,0.0,0.0,0.16176470588235295,3.6666666666666665,-0.014814814814814815,0.0,0.0,0.0,Internet Retail,Consumer Cyclical,QRTEP
2009Q1,2009,Q1,2009-05-08,2009-03-31,-48000000.0,1831000000.0,270000000.0,0.0,476000000.0,0.259967231,16936000000.0,6176000000.0,3116000000.0,1346000000.0,10629000000.0,967000000.0,0.0,0.0,6257000000.0,0.0,2.3150074294205054,0.42489371752479926,1.1651554404145077,0.010889767987443157,0.0,-0.007772020725388601,0.0,0.0,0.0,0.0,1.4012409513960704,,0.10811289560699103,1.412332838038633,-0.002834199338686821,0.0,0.2599672310212998,0.0,0.0,0.0,0.0,-0.18493150684931506,0.9318181818181818,0.20535714285714285,0.0,0.0,0.0,Internet Retail,Consumer Cyclical,QRTEP
2008Q4,2008,Q4,2009-02-27,2008-12-31,-704000000.0,2377000000.0,224000000.0,0.0,584000000.0,0.2456878418,17487000000.0,6303000000.0,3282000000.0,1710000000.0,11030000000.0,1032000000.0,0.0,0.0,6299000000.0,0.0,1.919298245614035,0.40778864299193684,1.13136601618277,0.010808999786419166,0.0,-0.11169284467713787,0.0,0.0,0.0,0.0,1.7374031007751938,,0.13592954766397897,1.171345029239766,-0.04025847772631097,0.0,0.2456878418174169,0.0,0.0,0.0,0.0,0.3094170403587444,-1.56,0.391304347826087,0.0,0.0,0.0,Internet Retail,Consumer Cyclical,QRTEP
2008Q3,2008,Q3,2008-11-06,2008-09-30,-275000000.0,1798000000.0,161000000.0,0.0,446000000.0,0.2480533927,19510000000.0,7186000000.0,3758000000.0,2133000000.0,12203000000.0,1157000000.0,0.0,0.0,6923000000.0,0.0,1.7618377871542428,0.4287544848795489,1.164069023100473,0.006485384484792413,0.0,-0.03826885610910103,0.0,0.0,0.0,0.0,1.1685393258426966,,0.09215786776012301,1.0890764181903423,-0.014095335725269094,0.0,0.24805339265850945,0.0,0.0,0.0,0.0,-0.181651376146789,-3.989130434782609,-0.38549618320610685,0.0,0.0,0.0,Internet Retail,Consumer Cyclical,QRTEP
2008Q2,2008,Q2,2008-08-11,2008-06-30,92000000.0,1954000000.0,262000000.0,0.0,545000000.0,0.2789150461,19028000000.0,7350000000.0,2969000000.0,1225000000.0,11565000000.0,1015000000.0,0.0,0.0,6926000000.0,0.0,2.4236734693877553,0.4024069791885642,1.041768707482993,0.010537094523541873,0.0,0.012517006802721088,0.0,0.0,0.0,0.0,1.3881773399014778,,0.10269077149463948,1.3885714285714286,0.004834980029430313,0.0,0.2789150460593654,0.0,0.0,0.0,0.0,0.02443609022556391,-0.264,0.019455252918287938,0.0,0.0,0.0,Internet Retail,Consumer Cyclical,QRTEP
2008Q1,2008,Q1,2008-05-08,2008-03-31,125000000.0,1950000000.0,257000000.0,0.0,532000000.0,0.2728205128,19148000000.0,7288000000.0,2922000000.0,1313000000.0,11749000000.0,1022000000.0,0.0,0.0,7015000000.0,0.0,2.2254379284082253,0.40009400459578026,1.051180021953897,0.01923148875668799,0.0,0.017151481888035128,0.0,0.0,0.0,0.0,1.3874755381604698,,0.101838312095258,1.2475247524752475,0.006528096929183205,0.0,0.27282051282051284,0.0,0.0,0.0,0.0,-0.23782234957020057,-0.2647058823529412,-0.35910224438902744,0.0,0.0,0.0,Internet Retail,Consumer Cyclical,QRTEP
2007Q4,2007,Q4,2008-02-29,2007-12-31,170000000.0,2480000000.0,401000000.0,0.0,698000000.0,0.2814516129,19326000000.0,7530000000.0,2921000000.0,1505000000.0,11689000000.0,975000000.0,0.0,0.0,6620000000.0,0.0,1.9408637873754153,0.37136500051743765,0.9531208499335989,0.01688789299072094,0.0,0.02257636122177955,0.0,0.0,0.0,0.0,1.8276923076923077,,0.12832453689330436,1.1534883720930234,0.008796440028976508,0.0,0.2814516129032258,0.0,0.0,0.0,0.0,0.4044265593561368,1.1794871794871795,0.8144796380090498,0.0,0.0,0.0,Internet Retail,Consumer Cyclical,QRTEP
2007Q3,2007,Q3,2007-11-09,2007-09-30,78000000.0,1760000000.0,221000000.0,0.0,497000000.0,0.2823863636,19390000000.0,7949000000.0,2778000000.0,1215000000.0,11345000000.0,1015000000.0,0.0,0.0,6349000000.0,0.0,2.28641975308642,0.3644662197008767,0.8890426468738206,0.008894110071559162,0.0,0.009812555038369607,0.0,0.0,0.0,0.0,1.2443349753694581,,0.09076843733883445,1.302880658436214,0.004022692109334708,0.0,0.28238636363636366,0.0,0.0,0.0,0.0,-0.064030131826742,-0.23529411764705882,-0.10526315789473684,0.0,0.0,0.0,Internet Retail,Consumer Cyclical,QRTEP
2007Q2,2007,Q2,2007-08-08,2007-06-30,102000000.0,1791000000.0,247000000.0,0.0,531000000.0,0.2964824121,19552000000.0,8315000000.0,2683000000.0,1122000000.0,11154000000.0,862000000.0,0.0,0.0,6035000000.0,0.0,2.39126559714795,0.3498874795417349,0.8227300060132291,0.009349432567959884,0.0,0.01226698737221888,0.0,0.0,0.0,0.0,1.4617169373549883,,0.09160188216039279,1.4670231729055259,0.005216857610474632,0.0,0.2964824120603015,0.0,0.0,0.0,0.0,0.027079303675048357,0.12087912087912088,0.012295081967213115,0.0,0.0,0.0,Internet Retail,Consumer Cyclical,QRTEP
2007Q1,2007,Q1,2007-05-08,2007-03-31,91000000.0,1771000000.0,244000000.0,0.0,517000000.0,0.2919254658,19647000000.0,8739000000.0,2805000000.0,1182000000.0,10830000000.0,885000000.0,0.0,0.0,5449000000.0,0.0,2.3730964467005076,0.32239018679696646,0.724796887515734,0.010040587285337937,0.0,0.0104130907426479,0.0,0.0,0.0,0.0,1.416949152542373,,0.0901409884460732,1.4331641285956007,0.0046317503944622584,0.0,0.2919254658385093,0.0,0.0,0.0,0.0,-0.24082232011747431,-0.6784452296819788,-0.41766109785202865,0.0,0.0,0.0,Internet Retail,Consumer Cyclical,QRTEP
