Quarters,Year,Quarter,FillingDate,Date,NetIncome,Revenue,OperatingIncome,EPSDiluted,GrossProfit,GrossProfitRatio,TotalAssets,CommonStockEquity,CurrentAssets,CurrentLiability,TotalLiability,Inventory,RetainedEarnings,MarketCap,EnterpriseValue,bookValuePerShare,currentRatio,debtToAssets,debtToEquity,roic,shareholdersEquityPerShare,roe,priceToSalesRatio,peRatio,pbRatio,payoutRatio,inventoryTurnover,dividendYield,assetTurnover,quickRatio,returnOnAssets,priceToFreeCashFlowsRatio,grossProfitMargin,epsdilutedGrowth,fiveYNetIncomeGrowthPerShare,fiveYRevenueGrowthPerShare,fiveYShareholdersEquityGrowthPerShare,grossProfitGrowth,netIncomeGrowth,operatingIncomeGrowth,threeYNetIncomeGrowthPerShare,threeYRevenueGrowthPerShare,threeYShareholdersEquityGrowthPerShare,Industry,Sector,Symbol
2023Q2,2023,Q2,2023-05-09,2023-04-01,304000000.0,1592000000.0,695000000.0,5.32,929000000.0,0.5835427136,20008000000.0,-2901000000.0,7456000000.0,2522000000.0,22901000000.0,1529000000.0,-3384000000.0,42085555000.0,59528555000.0,-50.80560420315236,2.956383822363204,1.0426329468212714,-7.190968631506377,0.029632039853466702,-50.80560420315236,-0.10479145122371596,26.43565012562814,34.60983141447368,-14.507257842123405,0.0,0.43361674296926095,0.0,0.07956817273090763,1.7589214908802537,0.015193922431027589,443.0058421052632,0.5835427135678392,0.5975975975975977,0.5082720960721764,0.6615238283611057,-0.22331457977605138,0.17150063051702397,0.3333333333333333,0.17796610169491525,-0.04201505360995669,0.10905355038454864,0.3071414394723342,Aerospace & Defense,Industrials,TDG
2023Q1,2023,Q1,2023-02-07,2022-12-31,228000000.0,1397000000.0,590000000.0,3.33,793000000.0,0.5676449535,18489000000.0,-3336000000.0,5929000000.0,1408000000.0,21817000000.0,1439000000.0,-3687000000.0,35953015000.0,52468015000.0,-58.423817863397545,4.2109375,1.0710692844393963,-5.936151079136691,0.02694300311486721,-58.423817863397545,-0.0683453237410072,25.735873299928418,39.42216557017544,-10.777282673860912,0.16666666666666666,0.4197359277275886,0.0010569350025303858,0.07555844015360484,2.946022727272727,0.012331656660717184,103.91044797687861,0.5676449534717252,-0.16331658291457285,-0.2947009518516061,0.6042044741726491,-0.2495088008579806,-0.103954802259887,-0.14285714285714285,-0.07956318252730109,-0.24605954465849386,-0.04140631070572556,0.22065369617498973,Aerospace & Defense,Industrials,TDG
2022Q4,2022,Q4,2022-11-10,2022-09-30,266000000.0,1510000000.0,641000000.0,3.98,885000000.0,0.5860927152,18107000000.0,-3773000000.0,5649000000.0,1426000000.0,21873000000.0,1332000000.0,-3914000000.0,29809776000.000004,46621776000.0,-66.42605633802818,3.961430575035063,1.0942177058596123,-5.251258945136496,0.029331862605788822,-66.42605633802818,-0.07050092764378478,19.741573509933776,28.016706766917295,-7.900815266366287,3.9285714285714284,0.4692192192192192,0.03505561397039682,0.08339316286519026,2.782608695652174,0.014690451206715634,124.20740000000002,0.5860927152317881,-0.02926829268292675,0.6722169611394336,0.6019070892974402,-0.23335499108112898,0.08455882352941177,0.11764705882352941,0.07011686143572621,-0.24036514471265566,0.08732876291569207,-0.2910482588752153,Aerospace & Defense,Industrials,TDG
2022Q3,2022,Q3,2022-08-09,2022-07-02,238000000.0,1398000000.0,599000000.0,4.1,816000000.0,0.5836909871,18819000000.0,-2976000000.0,6308000000.0,1344000000.0,21787000000.0,1320000000.0,-3114000000.0,31418020000.000004,47494020000.0,-51.310344827586206,4.693452380952381,1.056591742388012,-6.681451612903226,0.02678786613196094,-51.310344827586206,-0.07997311827956989,22.473547925608013,33.0021218487395,-10.557130376344087,0.0,0.4409090909090909,0.0,0.07428662521919337,3.490327380952381,0.012646793134598013,112.2072142857143,0.5836909871244635,0.21301775147928986,0.3323530245666685,0.4576251817704827,-0.48589108498859457,0.10869565217391304,0.19597989949748743,0.1519230769230769,0.5983421062054644,-0.18219563471118694,-1.185044209641927,Aerospace & Defense,Industrials,TDG
2022Q2,2022,Q2,2022-05-10,2022-04-02,199000000.0,1327000000.0,520000000.0,3.38,736000000.0,0.5546345139,18841000000.0,-2899000000.0,6564000000.0,1301000000.0,21734000000.0,1242000000.0,-3350000000.0,39288656000.0,54969656000.0,-49.21901528013582,5.045349730976172,1.056047980468128,-6.863401172818214,0.02311131757737646,-49.21901528013582,-0.06864436012418075,29.607125847776942,49.357608040201,-13.552485684718869,0.0,0.4758454106280193,0.0,0.07043150575871769,3.850883935434281,0.01056207207685367,714.3392,0.5546345139412208,0.22909090909090904,0.21439120879456822,0.44208605228176695,-0.3493703244063127,0.11346444780635401,0.22085889570552147,0.13785557986870897,-0.06082087456497453,0.05994977208376667,-0.8563807045933389,Aerospace & Defense,Industrials,TDG
2022Q1,2022,Q1,2022-02-08,2022-01-01,163000000.0,1194000000.0,457000000.0,2.75,661000000.0,0.55360134,19242000000.0,-2633000000.0,6971000000.0,1378000000.0,21868000000.0,1215000000.0,-3545000000.0,37667776000.0,52668776000.0,-44.476351351351354,5.0587808417997095,1.0297266396424487,-7.525256361564755,0.022464567287698516,-44.476351351351354,-0.061906570451955946,31.54755108877722,57.77266257668711,-14.306029624003036,0.2822085889570552,0.43868312757201644,0.001221202972004506,0.06205176177112566,3.981132075471698,0.008471052905103419,148.2983307086614,0.5536013400335008,-0.23184357541899442,0.3092508640413513,0.40049479615066624,-0.3410582296639508,-0.08827586206896551,-0.22009569377990432,-0.14579439252336449,-0.20975307414820377,0.14247670083407848,-0.5012999545472537,Aerospace & Defense,Industrials,TDG
2021Q4,2021,Q4,2021-11-16,2021-09-30,209000000.0,1279000000.0,535000000.0,3.58,725000000.0,0.5668491008600469,19315000000.0,-2916000000.0,7030000000.0,1663000000.0,22225000000.0,1185000000.0,-3705000000.0,36474888000.0,51705888000.0,-49.93150684931507,4.227300060132291,1.0363965829666062,-6.864883401920439,0.022645438128584904,-49.93150684931507,-0.07167352537722908,28.51828616106333,43.630248803827755,-12.50853497942387,0.0,0.4675105485232067,0.0,0.06621796531193373,3.3541791942273003,0.01082060574682889,138.16245454545455,0.5668491008600469,-0.34069981583793735,0.03911698092131215,0.3970828475667234,-3.279077024069378,0.10687022900763359,-0.34069400630914826,0.19686800894854586,-0.1302721234676146,0.16021453351723247,-0.5349663463155735,Aerospace & Defense,Industrials,TDG
2021Q3,2021,Q3,2021-08-10,2021-07-03,317000000.0,1218000000.0,447000000.0,5.43,655000000.0,0.5377668308702791,19089000000.0,-3138000000.0,6723000000.0,1636000000.0,22221000000.0,1225000000.0,-3906000000.0,38628096000.0,54109096000.0,-53.73287671232877,4.109413202933985,1.0482476819110482,-6.376673040152964,0.034419962455984894,-53.73287671232877,-0.10101975780752072,31.714364532019705,30.46379810725552,-12.309782026768643,0.0,0.4595918367346939,0.0,0.0638063806380638,3.1925427872860634,0.016606422547016605,166.50041379310346,0.5377668308702791,2.0335195530726256,1.1555273934117147,0.4597631289558047,-2.711749330159481,0.10641891891891891,2.048076923076923,0.13451776649746192,0.38913989494139534,0.18240552935963325,-0.42359552941907597,Aerospace & Defense,Industrials,TDG
2021Q2,2021,Q2,2021-05-11,2021-04-03,104000000.0,1194000000.0,394000000.0,1.79,592000000.0,0.49581239530988275,18739000000.0,-3528000000.0,6358000000.0,1580000000.0,22260000000.0,1240000000.0,-4215000000.0,35256664000.0,51212664000.0,-60.41095890410959,4.0240506329113925,1.0687870217194086,-5.6768707482993195,0.019286713286713286,-60.41095890410959,-0.02947845804988662,29.52819430485762,84.75159615384617,-9.993385487528345,0.0,0.4854838709677419,0.0,0.06371738086343988,3.008860759493671,0.005549922621271145,510.9661449275362,0.49581239530988275,5.261904761904762,-0.2788947496934467,0.44034854924072847,-2.5257281181297166,0.09426987060998152,1.08,0.2507936507936508,-0.49549820795134436,0.21840338954733482,-0.4545955700112257,Aerospace & Defense,Industrials,TDG
2021Q1,2021,Q1,2021-02-09,2021-01-02,50000000.0,1108000000.0,315000000.0,-0.42,541000000.0,0.48826714801444043,18557000000.0,-3728000000.0,7074000000.0,1563000000.0,22278000000.0,1284000000.0,-4314000000.0,33851095000.0,48964095000.0,-68.15356489945155,4.525911708253359,1.0788381742738589,-5.370171673819742,0.018240229027790003,-68.15356489945155,-0.013412017167381975,30.5515297833935,169.255475,-9.080229345493562,1.46,0.441588785046729,0.002156503356833804,0.05970792692784394,3.540626999360205,0.002694401034649997,139.30491769547325,0.48826714801444043,-1.2937062937062938,-0.5480967822120202,0.6397989965092754,-3.014916210307637,0.009328358208955223,-0.3902439024390244,0.009615384615384616,-0.8385428667962679,0.3281644739718589,-0.45759866893365003,Aerospace & Defense,Industrials,TDG
2020Q4,2020,Q4,2020-11-12,2020-09-30,82000000.0,1173000000.0,312000000.0,1.43,536000000.0,0.45694799658994034,18395000000.0,-3972000000.0,6960000000.0,1616000000.0,22363000000.0,1283000000.0,-4359000000.0,27224376000.0,42516376000.0,-69.31937172774869,4.306930693069307,1.0877412340309867,-5.037512588116818,0.025854684725782156,-69.31937172774869,-0.020644511581067473,23.209186700767262,83.00114634146341,-6.85407250755287,0.0,0.49649259547934527,0.0,0.06376732807828214,3.364480198019802,0.004457733079641207,152.09148603351954,0.45694799658994034,15.299999999999999,-0.42817216092673843,0.431077201441787,-2.779396086999259,0.09164969450101833,14.666666666666666,0.09090909090909091,-0.4890027609466712,0.233536776283381,-0.2870761537303817,Aerospace & Defense,Industrials,TDG
2020Q3,2020,Q3,2020-08-04,2020-06-27,-6000000.0,1022000000.0,286000000.0,-0.1,491000000.0,0.48043052837573386,18179000000.0,-4183000000.0,6771000000.0,1651000000.0,22358000000.0,1344000000.0,-4427000000.0,24128457000.0,39618457000.0,-73.00174520069808,4.101150817686251,1.1023158589581386,-4.790580922782691,-0.0026525494153261694,-73.00174520069808,0.0014343772412144394,23.60905772994129,-1005.3523749999999,-5.768218264403537,0.0,0.3950892857142857,0.0,0.0562187139006546,3.1950333131435493,-0.00033005115792947905,62.67131688311688,0.48043052837573386,-1.0179856115107913,-1.0598064741607043,0.46031938590098104,-2.534982393294512,-0.39975550122249387,-1.0188087774294672,-0.5168918918918919,-1.0339990652579818,0.07860631461333624,-1.1140501539566263,Aerospace & Defense,Industrials,TDG
2020Q2,2020,Q2,2020-05-05,2020-03-28,319000000.0,1443000000.0,592000000.0,5.56,818000000.0,0.5668745668745668,16635000000.0,-4209000000.0,5200000000.0,1656000000.0,20840000000.0,1313000000.0,-4401000000.0,20836774000.0,36730774000.0,-73.32752613240419,3.140096618357488,1.1158400961827473,-4.410073651698741,0.03953226002855926,-73.32752613240419,-0.07578997386552626,14.439898821898822,16.329760188087775,-4.950528391541933,5.843260188087775,0.476009139375476,0.08945722596021823,0.08674481514878268,2.2143719806763285,0.01917643522693117,150.99111594202898,0.5668745668745668,1.6859903381642511,1.8367291010676676,1.2987400598249674,-2.1296985760895777,0.02122347066167291,0.049342105263157895,0.05714285714285714,0.9975590374487437,0.609125758709732,-1.01032034391651,Aerospace & Defense,Industrials,TDG
2020Q1,2020,Q1,2020-02-04,2019-12-28,304000000.0,1465000000.0,560000000.0,2.07,801000000.0,0.5467576791808874,18156000000.0,-4303000000.0,6652000000.0,3350000000.0,22455000000.0,1294000000.0,-4699000000.0,32372452000.0,46560452000.0,-74.96515679442508,1.9856716417910447,1.0124476756994933,-4.27190332326284,0.03176614069753151,-74.96515679442508,-0.07064838484778062,22.09723686006826,26.622082236842108,-7.523228445270742,0.21052631578947367,0.5131375579598145,0.0019769895712564494,0.0806895792024675,1.557910447761194,0.016743776162150253,79.73510344827586,0.5467576791808874,-0.5529157667386609,2.1372970669492646,1.4609935247698038,-1.8963320879322785,-0.02831827489494677,-0.12359097068065845,-0.04750241526173273,1.518364929135695,0.7722484764203564,-1.2603616844158607,Aerospace & Defense,Industrials,TDG
2019Q4,2019,Q4,2019-11-19,2019-09-30,346870000.0,1375644000.0,587928000.0,4.63,824344000.0,0.5992422458135971,16254731000.0,-2894905000.0,4865247000.0,1538756000.0,19139814000.0,1232649000.0,-3119956000.0,29295497549.999996,44726964550.0,-51.45125744245979,3.161805380450182,1.0396328921099955,-5.837481022693318,0.03670364398383332,-51.45125744245979,-0.11982085767926753,21.295842201906886,21.11417645659757,-10.119674928883676,4.866116989073716,0.44724816229113074,0.05761670362891652,0.08463037622708121,1.647492519931685,0.021339633365818234,129.65707536313985,0.5992422458135971,0.8015564202334631,2.0610726808338495,1.1596836826848276,-0.8757683707580216,0.0824995830701532,1.4013153340256144,0.3211033912472923,0.790026333762782,0.5596681317496534,-3.4093180333196442,Aerospace & Defense,Industrials,TDG
2019Q3,2019,Q3,2019-08-07,2019-06-29,144450000.0,1658319000.0,445028000.0,2.57,761519000.0,0.4592114062493404,17702598000.0,-1321244000.0,5411195000.0,1380640000.0,19013212000.0,1413934000.0,-1709790000.0,27221007000.0,41380894000.0,-23.482520216831066,3.9193381330397496,0.9533458874228518,-12.773340124912583,0.02013033330443564,-23.482520216831066,-0.10932878408530143,16.414819464771252,47.11146936656282,-20.60255864927296,0.0,0.6342587419214758,0.0,0.09367658916504798,2.8096802931973577,0.008159819253648531,97.79697997427625,0.4592114062493404,-0.28611111111111115,8.072969056142735,1.7596496412069238,0.15646259752785752,0.15497514173307167,-0.2863424370578238,-0.056926281704885236,0.019497944048233705,1.0628977500649226,-0.622121018234641,Aerospace & Defense,Industrials,TDG
2019Q2,2019,Q2,2019-05-08,2019-03-30,202408000.0,1195938000.0,471891000.0,3.6,659338000.0,0.5513145330276319,17797156000.0,-1491778000.0,5595529000.0,1726193000.0,19279403000.0,1453044000.0,-1851113000.0,25543747350.0,40359561350.0,-26.513427530436328,3.2415430951231987,0.9696577363259613,-11.568175693702415,0.02270048077605869,-26.513427530436328,-0.13568238705759167,21.358755512409505,31.549824302893168,-17.123021890656652,0.0,0.36929370342536083,0.0,0.06719826471150783,2.075425517308899,0.011373053087807962,246.77564824654624,0.5513145330276319,0.1803278688524591,1.272112404676395,1.0532941881052362,-11.043941146605803,0.1688276233730779,0.03247263341528856,0.11849016354586395,0.45669126452372577,0.4974297670356659,-0.5473870742630236,Aerospace & Defense,Industrials,TDG
2019Q1,2019,Q1,2019-02-06,2018-12-29,196042000.0,993302000.0,421900000.0,3.05,564102000.0,0.5679058332712509,12389278000.0,-1666893000.0,3926618000.0,951266000.0,14056171000.0,838705000.0,-2050727000.0,18864864480.0,29410673480.0,-29.625226602210926,4.127781293560371,1.039860837734047,-7.728825425507216,0.029524450610044693,-29.625226602210926,-0.11760922866674706,18.99207338754981,24.05717203456402,-11.31738178755325,0.12399893900286674,0.5117413154804132,0.001288585986174018,0.08017432492837759,3.1484358738775486,0.015823520950938384,61.63316642871378,0.5679058332712509,-0.2579075425790755,1.305633164614315,0.9007351263122266,-6.209654411041852,-0.05555164896983335,-0.14303449421453643,-0.07393383861996607,0.7225262080123114,0.4291356414309765,-0.7452176228012813,Aerospace & Defense,Industrials,TDG
2018Q4,2018,Q4,2018-11-09,2018-09-30,228763000.0,1049434000.0,455583000.0,4.11,597282000.0,0.5691467972259332,12197467000.0,-1808471000.0,3657287000.0,900382000.0,14005938000.0,805292000.0,-2246578000.0,20579601150.0,31383866150.0,-32.529382138681534,4.061928159381241,1.0557341126645392,-7.120535524208019,0.03362853977509701,-32.529382138681534,-0.12649525483129118,19.61019096960838,22.49008925175837,-11.379558284318632,0.0,0.5614758373360222,0.0,0.08603704359273938,3.0846096434624415,0.018754959533811406,66.81276528395975,0.5691467972259332,0.051150895140665,1.7845391054796023,0.9886544949708507,-4.4987818193349485,0.04874631268436578,0.05301363431317493,0.04186362420159304,0.6442055626010886,0.3195901612948933,-0.7735506901344704,Aerospace & Defense,Industrials,TDG
2018Q3,2018,Q3,2018-08-08,2018-06-30,217246000.0,980662000.0,437277000.0,3.91,569520000.0,0.5807505542174571,11804477000.0,-2098480000.0,3385402000.0,817170000.0,13902957000.0,815251000.0,-2471575000.0,19188748580.0,30227134580.0,-37.74448261596849,4.142836863810468,1.0921075961264528,-6.143379493728794,0.03316753569726683,-37.74448261596849,-0.10352540886737067,19.56713789256645,22.081820355725768,-9.144117923449354,0.0,0.5043133955064146,0.0,0.0830754297712639,3.073462070315846,0.018403695479266045,88.01653378468257,0.5807505542174571,0.10764872521246469,1.7784606786526864,0.967554817045359,-3.566089623469837,0.06637706667665287,0.1068280703899571,0.06889909580020093,1.2317831911196815,0.44417414621059004,-0.8277108461536272,Aerospace & Defense,Industrials,TDG
2018Q2,2018,Q2,2018-05-04,2018-03-31,196278000.0,933070000.0,409091000.0,3.53,534070000.0,0.5723793498880041,10394677000.0,-2309337000.0,2470104000.0,812835000.0,12704014000.0,767232000.0,-2684832000.0,17067398700.0,27791161700.0,-41.53110331804694,3.0388750484415654,1.1289210814342765,-5.081445453825059,0.035440531414411586,-41.53110331804694,-0.08499322532830851,18.2916594682071,21.73880758414086,-7.390605485470505,0.0,0.5200513013013013,0.0,0.08976421297169696,2.037304003887628,0.01888254921244787,117.48014991843282,0.5723793498880041,-0.24086021505376354,1.8292623826389813,0.9624600577139598,-4.299672393962391,0.1204422439474678,-0.376449845127472,0.15886518795501545,0.8017596313598715,0.5343901671724884,-0.7725926643593831,Aerospace & Defense,Industrials,TDG
2018Q1,2018,Q1,2018-02-07,2017-12-30,314775000.0,847960000.0,353010000.0,4.65,476660000.0,0.5621255719609416,10112127000.0,-2599713000.0,2271333000.0,823421000.0,12711840000.0,743868000.0,-2876954000.0,15268872000.0,26158254000.0,-46.75742805755396,2.7584103393039525,1.1616986218626408,-4.518669560832292,0.06305238528433293,-46.75742805755396,-0.12108067313584231,18.00659465069107,12.126814391231832,-5.87329139793508,0.17837502978317846,0.4991476982475385,0.0036772853947560765,0.08385575062496743,1.7179608001253308,0.031128465850953017,55.01879857740495,0.5621255719609416,1.8181818181818186,3.1564156703489843,0.929443034980451,-5.251640619420296,-0.09632604001372592,1.0512127096664885,-0.1365042867800839,2.353662797939346,0.470568683867487,-0.8065064494382499,Aerospace & Defense,Industrials,TDG
2017Q4,2017,Q4,2017-11-13,2017-09-30,153458000.0,909369000.0,408815000.0,1.65,527469000.0,0.5800384662331792,9975661000.0,-2951204000.0,2133552000.0,870994000.0,12926865000.0,730681000.0,-3187220000.0,14008597400.0,25120697400.0,-53.85801883349149,2.4495599280821683,1.1791359991082295,-3.9857159993006244,0.03457109425095267,-53.85801883349149,-0.051998438603363235,15.404744828556945,22.821549544500776,-4.746739771293344,7.855686898043764,0.5226631046927456,0.08605558183862148,0.09115877133354873,1.477263907673302,0.015383241270929314,64.20807791910164,0.5800384662331792,-0.4642857142857143,0.7173686402311538,0.9329638611261888,-3.3809458636583725,0.010928249582668127,-0.09224917629382501,0.054625425652667425,0.39054773212252775,0.46593157785000133,-0.9635121328673857,Aerospace & Defense,Industrials,TDG
2017Q3,2017,Q3,2017-08-08,2017-06-30,169053000.0,907667000.0,387640000.0,3.08,521767000.0,0.5748440782798097,10316436000.0,-1895445000.0,2387030000.0,730717000.0,12211881000.0,743579000.0,-2088761000.0,14758274300.0,24879986300.0,-34.53169976316269,3.2666955880320288,1.075203490817953,-5.852065346132439,0.03031238627000158,-34.53169976316269,-0.08918908224717678,16.259569093070475,21.82492221374362,-7.786179129439261,0.00021295096803960887,0.5189764638323567,2.43930958784253e-06,0.08798261337539437,2.157553471453381,0.016386763800987084,100.06898719157044,0.5748440782798097,0.10791366906474831,0.8347799856799191,0.9299887418241906,-2.681325376554564,0.06237630616616307,0.08712260055946754,0.05807916759925975,9.884283822186456,0.5483085442483064,-0.24044523552834585,Aerospace & Defense,Industrials,TDG
2017Q2,2017,Q2,2017-03-31,2017-03-31,155505000.0,873232000.0,366362000.0,2.78,491132000.0,0.5624301445663924,10187327000.0,-2038764000.0,2320429000.0,732639000.0,12226091000.0,725025000.0,-2248578000.0,12305623040.0,22423489040.0,-36.47554299209217,3.1672201452557127,1.0899085697357118,-5.446071737582182,0.029231199563377937,-36.47554299209217,-0.07627415434057105,14.092043168367628,19.783323751647856,-6.035825156810695,0.0,0.5270163097824213,0.0,0.08571748015941767,2.128389288585511,0.015264553694997716,83.10118206374932,0.5624301445663924,5.780487804878049,0.8381809387137046,0.9878633917290879,-2.9754043353102806,0.10561030845215637,0.3081828200317992,0.1556832771309332,0.7571936668021721,0.5091947552363031,-15.569313514178386,Aerospace & Defense,Industrials,TDG
2017Q1,2017,Q1,2017-02-08,2016-12-31,118871000.0,814018000.0,317009000.0,0.41,444218000.0,0.5457102914186173,10037122000.0,-1874625000.0,2235418000.0,698918000.0,11911747000.0,715381000.0,-2394489000.0,14072215040.0,23919799040.0,-33.16511570306419,3.198398095341657,1.077992675589676,-5.771791158231646,0.03032381056694362,-33.16511570306419,-0.06341054877642195,17.28735118879435,29.595559556157518,-7.506682691204907,11.575556695914058,0.5169273436113064,0.09778119479333937,0.08110073784098669,2.124918803064165,0.011843135910871662,68.98685700839282,0.5457102914186173,-0.8519855595667869,0.7404934482764599,1.201501436809609,-3.0145048229814453,-0.08280630901278692,-0.3818074970877018,-0.09166735911931484,0.3916504243153696,0.550555990809281,-7.071128904157158,Aerospace & Defense,Industrials,TDG
2016Q4,2016,Q4,2016-11-15,2016-09-30,192288000.0,875223000.0,349001000.0,2.77,484323000.0,0.5533709694557845,10726277000.0,-651490000.0,2930697000.0,752603000.0,11377767000.0,724011000.0,-1146963000.0,16142147840.0,24750760840.0,-11.668756268806419,3.8940809430735728,0.9505261704503809,-15.649675359560392,0.033628037900681605,-11.668756268806419,-0.2951511151360727,18.443468510311085,20.98694125478449,-24.777276458579564,0.0,0.5399089240356846,0.0,0.08159615866716849,2.874467680835713,0.017926816545946,76.67786679587115,0.5533709694557845,0.0992063492063492,1.7534996583021136,1.462887859741464,-1.7753088360375653,0.09206704968748027,0.3676536483708756,0.05552531136395255,1.3306242971632798,0.6514882071797536,-0.9724919628542354,Aerospace & Defense,Industrials,TDG
2016Q3,2016,Q3,2016-08-10,2016-07-02,140597000.0,797692000.0,330642000.0,2.52,443492000.0,0.5559689704798343,10570469000.0,-808248000.0,2932134000.0,727321000.0,11378717000.0,706069000.0,-1334773000.0,14668183040.000002,23207185040.0,-14.47642928786359,4.031416664718879,0.9654914081863349,-12.626937524126259,0.025475841917352148,-14.47642928786359,-0.17395279666636973,18.388278984871356,26.081963057533237,-18.148121665627386,0.0,0.501650688530441,0.0,0.07546420125729521,3.01450116248534,0.013300923544641208,87.52787001068128,0.5559689704798343,0.020242914979757012,1.386353585899846,1.3430713238146526,-2.0499758653131055,0.04179224385190545,0.014210795876705115,0.059495313626532084,0.7905922174959702,0.5937158905066774,-1.9841919243785193,Aerospace & Defense,Industrials,TDG
2016Q2,2016,Q2,2016-05-11,2016-04-02,138627000.0,796801000.0,312075000.0,2.47,425701000.0,0.5342626327025192,8359474000.0,-961818000.0,1758000000.0,675996000.0,9321292000.0,634129000.0,-1471705000.0,12429190280.0,20152468280.0,-17.13432144511348,2.6006071041840486,0.9971073538837492,-8.666185286613477,0.02922126421089967,-17.13432144511348,-0.1441301784745139,15.598863806646829,22.414807865711584,-12.922601032627794,0.0,0.5852121571478358,0.0,0.0953171216275091,1.6162728773543038,0.016583220427505367,133.80835285505125,0.5342626327025192,0.25380710659898487,1.3596704689432464,1.43152085099938,-2.36999871913874,0.1364300110786316,0.2064908051278927,0.13053857941392763,0.9794169320087721,0.6600620644429328,-2.3613326626251907,Aerospace & Defense,Industrials,TDG
2016Q1,2016,Q1,2016-02-10,2016-01-02,114901000.0,701695000.0,276041000.0,1.97,374595000.0,0.5338430514682305,8329978000.0,-964270000.0,1860775000.0,656442000.0,9294248000.0,599311000.0,-1606443000.0,12977102250.0,20514232250.0,-16.975090220931257,2.8346373327727354,1.0014937614481094,-8.651540543623675,0.026203086374743438,-16.975090220931257,-0.11915853443537598,18.493935755563314,28.235398843352097,-13.457954981488585,0.026109433338265115,0.5457934194433274,0.00023117641690771143,0.08423731731344308,1.8776312301772282,0.013793673884852998,84.28988587796673,0.5338430514682305,-0.21200000000000002,15.681908080012253,1.7442434769142618,-2.518204432450537,-0.12394291754756871,-0.18897037544203907,-0.11829677683125876,0.4850147821971656,0.5627633015196704,-2.543540483296017,Aerospace & Defense,Industrials,TDG
2015Q4,2015,Q4,2015-11-13,2015-09-30,141673000.0,809792000.0,313077000.0,2.5,427592000.0,0.5280269501304039,8427050000.0,-1038306000.0,1831962000.0,658215000.0,9465356000.0,591401000.0,-1717232000.0,12024530100.0,19737839100.0,-18.341388447270802,2.7832273649187576,1.0000346503224735,-8.116433883652796,0.03006171330068926,-18.341388447270802,-0.13644628847372547,14.848911942819885,21.21881039435884,-11.580911696551881,0.0,0.6462620117314648,0.0,0.09609436279599623,1.7594630933661493,0.016811695670489672,90.45148601990387,0.5280269501304039,0.42857142857142855,1.6357148140188236,2.4190303946247873,-2.6494843208883574,0.18942405318571887,0.4294232787149891,0.18726488077179781,0.5346763022540711,0.6661449204303231,-1.8108328880847147,Aerospace & Defense,Industrials,TDG
2015Q3,2015,Q3,2015-08-05,2015-06-27,99112000.0,691395000.0,263696000.0,1.75,359495000.0,0.519956030922989,8350382000.0,-1169025000.0,2029486000.0,679689000.0,9519407000.0,574186000.0,-1857075000.0,12972855360.0,20506562360.0,-20.651233041266252,2.985903847200705,1.0118168246674224,-7.22743910523727,0.025875674136846324,-20.651233041266252,-0.08478176257992771,18.763305143948106,32.72271611913794,-11.097158195932508,0.0,0.5780356887837739,0.0,0.08279800852224485,1.9645823310366948,0.011869157602610276,74.89625578052203,0.519956030922989,-0.10714285714285712,1.1056726588639234,2.0179351847631164,-3.0396255757119284,0.0522934168544917,-0.10624560391004022,0.027810150412572447,0.043044341646840706,0.42550873744640694,-2.005494731147372,Aerospace & Defense,Industrials,TDG
2015Q2,2015,Q2,2015-05-05,2015-03-28,110894000.0,619030000.0,256561000.0,1.96,341630000.0,0.5518795534949841,7226212000.0,-1326208000.0,1467322000.0,613516000.0,8552420000.0,553057000.0,-1952185000.0,12332313480.0,19478351480.0,-23.429580948342874,2.391660527190815,1.043223891023402,-5.684294620451694,0.029232083566466005,-23.429580948342874,-0.08361735112440884,19.921996478361308,27.8020304975923,-9.298928584354792,0.0,0.5015757869442029,0.0,0.08566452243582115,1.3237715071815568,0.015346076201473192,-589.9499368541906,0.5518795534949841,0.2024539877300614,1.7252075703135394,1.808479766985125,-3.550184039497264,0.0636118531248638,0.16079260569646092,0.0660370302657603,0.2944045115945623,0.3915110474347976,-2.268874757803981,Aerospace & Defense,Industrials,TDG
2015Q1,2015,Q1,2015-01-30,2014-12-27,95533000.0,586898000.0,240668000.0,1.63,321198000.0,0.547280788143766,6913572000.0,-1464733000.0,1876351000.0,645052000.0,8378305000.0,470847000.0,-2059181000.0,11323859100.0,17785361100.0,-25.882790549734057,2.9088368069550983,1.0809363090454545,-5.102043171007958,0.026998652697725667,-25.882790549734057,-0.06522212580722903,19.29442441446384,29.633370406037702,-7.731005650859235,0.035223430647001557,0.5643022043253966,0.00029716017925373163,0.0848907048339122,2.0853187029882863,0.013818182554546332,62.62469016320007,0.547280788143766,-0.14659685863874347,199.56129848733244,1.9753829299061425,-4.1028571865933126,-0.07871420745121772,-0.1638615377882806,-0.06977427334570192,0.39712547648289764,0.5853790462890401,-2.572164163740289,Aerospace & Defense,Industrials,TDG
2014Q4,2014,Q4,2014-11-14,2014-09-30,114255000.0,642241000.0,258720000.0,1.91,348641000.0,0.5428507367172136,6756848000.0,-1556099000.0,1689576000.0,585907000.0,8312947000.0,459074000.0,-2150293000.0,10457225230.0,17110808230.0,-27.4294301175724,2.8836931458405517,1.1060084524618579,-4.802477862912321,0.030903819410371243,-27.4294301175724,-0.07342399166119894,16.282400578599,22.88132954794101,-6.720154199700662,0.053371843682989806,0.6395483081159029,0.000583137483020436,0.09505038443960853,1.998363221466888,0.016909511653954625,57.14424405864577,0.5428507367172136,2.1506024096385543,1.5588670304813297,2.0327230412041533,-2.7703049468675736,0.06461118473687104,6.062805217283798,0.07808984082006834,0.6101665697872187,0.7786344073019734,-2.8224975351039783,Aerospace & Defense,Industrials,TDG
2014Q3,2014,Q3,2014-08-06,2014-06-28,16177000.0,610582000.0,239980000.0,-1.66,327482000.0,0.5363440127615947,6710991000.0,-1591507000.0,1624771000.0,551721000.0,8302498000.0,461629000.0,-2260677000.0,9568542900.0,16330124900.0,-27.838149379044953,2.944914186699437,1.1161862681681438,-4.706681151889373,0.03152181097802545,-27.838149379044953,-0.010164579860471867,15.671184050627106,147.87264171354394,-6.012253103505043,88.74748099153119,0.6132630315686406,0.15004039956804707,0.09098238993317083,1.9619554086213866,0.0024105232744314514,78.88328854080791,0.5363440127615947,-2.1140939597315436,-0.669261076537113,1.721059094349539,-2.7592837893568603,0.06477089097772475,-0.8209617619390183,0.09833679643376934,-0.7318537559708889,0.7514964544647643,-3.019101838012145,Aerospace & Defense,Industrials,TDG
2014Q2,2014,Q2,2014-05-07,2014-03-29,90355000.0,590761000.0,218494000.0,1.49,307561000.0,0.5206183211146301,6399338000.0,-125629000.0,1328017000.0,352478000.0,6524967000.0,458463000.0,-831889000.0,10492522480.0,15740308480.0,-2.2013913226326487,3.767659258166467,0.894385794280596,-45.55856529941335,0.02589271275028608,-2.2013913226326487,-0.7192208805291772,17.76102769140143,29.031383099994468,-83.51990766463159,0.060716064412594764,0.6177161515760269,0.0005228485343211768,0.0923159551816141,2.320910808617843,0.014119429228460819,110.25147348401265,0.5206183211146301,0.03472222222222225,0.8958662878566437,1.5879293974828859,-1.1480059661663182,0.08249625161022378,0.04913902209630412,0.03735531225964506,0.512826281036826,0.7732635306459816,-1.176015332850544,Aerospace & Defense,Industrials,TDG
2014Q1,2014,Q1,2014-02-05,2013-12-28,86123000.0,529322000.0,210626000.0,1.44,284122000.0,0.5367659005293565,6292487000.0,-234182000.0,1221093000.0,338649000.0,6526669000.0,443051000.0,-919460000.0,9125398920.0,14445712920.0,-4.109104946395044,3.605777663598593,0.9108064903431664,-24.473435191432305,0.025428258865771696,-4.109104946395044,-0.36776097223527,17.239787728452626,26.48943638749231,-38.96712351931404,0.048059171185397626,0.5534351575777958,0.0004535692122925843,0.08411968113720378,2.1655548960723343,0.013686639320828156,84.80065904655702,0.5367659005293565,8.2,0.8547771208438607,1.4902126473512283,-1.295514385776172,0.00454325282760035,0.02494436312137765,0.023584240886802447,11.968775015725154,1.063357543789824,-1.367506815093625,Aerospace & Defense,Industrials,TDG
2013Q4,2013,Q4,2013-11-15,2013-09-30,84027000.0,539737000.0,205773000.0,-0.2,282837000.0,0.5240274429953848,6148879000.0,-336381000.0,1320495000.0,322500000.0,6485260000.0,413581000.0,-1004244000.0,7886759399.999999,13053257400.0,-5.915743378706342,4.094558139534883,0.932078513823414,-17.03793614978254,0.025737347394438587,-5.915743378706342,-0.24979710506835998,14.612226695594334,23.464955907029882,-23.44591222453111,15.3396408297333,0.6211600629622734,0.1634313834906641,0.08777811370170074,2.6517488372093023,0.013665417712724547,41.23407679277244,0.5240274429953848,-1.2816901408450703,0.8906099640595885,1.4378938234734364,-1.4397046573409762,0.05168887765118839,0.09617115648033396,0.16437495756094248,0.5563282807240104,1.2687293752257343,-1.532016754218365,Aerospace & Defense,Industrials,TDG
2013Q3,2013,Q3,2013-08-07,2013-06-29,76655000.0,488636000.0,176724000.0,0.71,268936000.0,0.5503810607486964,5812660000.0,801726000.0,1040878000.0,257450000.0,5010934000.0,413950000.0,172636000.0,8544905620.000001,12614733620.0,14.708949473452464,4.0430297145076715,0.7464740755523289,5.412073451528328,0.02306409135291108,14.708949473452464,0.0956124661043798,17.487261724473843,27.868063466179635,10.658137094219223,0.0,0.5307404275878729,0.0,0.0840640945797621,2.163787143134589,0.01318759397590776,136.87397875987122,0.5503810607486964,-0.43200000000000005,0.8784789280958137,1.3169005567650984,0.15158625922224334,0.03712559147580686,0.12832477147945892,-0.08957715133531158,0.6913699308969875,1.215147415978549,0.4527340560226722,Aerospace & Defense,Industrials,TDG
2013Q2,2013,Q2,2013-05-08,2013-03-30,67937000.0,465609000.0,194112000.0,1.25,259309000.0,0.5569243721663456,5694092000.0,685369000.0,1327658000.0,259261000.0,5008723000.0,340175000.0,95981000.0,8326952759.999999,11991428760.0,12.586432336143096,5.120932188026737,0.7629838084807903,6.338921077550925,0.026287287458241392,12.586432336143096,0.09912470508587345,17.88400301540563,30.642185995849097,12.14959060010009,0.0,0.6064525611817447,0.0,0.08177054392517719,3.560489236715125,0.011931138450169052,90.97015087125142,0.5569243721663456,0.8939393939393938,0.8462310990976976,1.3222414439918395,0.07858006379938956,0.08716742551924803,-0.08403667250910071,0.12303437742267684,0.7354943880062887,1.1958682533313316,0.36996555459582764,Aerospace & Defense,Industrials,TDG
2013Q1,2013,Q1,2013-02-05,2012-12-29,74170000.0,430418000.0,172846000.0,0.66,238518000.0,0.5541543336942228,5549616000.0,598847000.0,1155396000.0,233703000.0,4950769000.0,332468000.0,28044000.0,7244971650.000001,11009665650.0,10.997502433291094,4.943864648720813,0.77827456890711,7.212401498212398,0.02370431096048883,10.997502433291094,0.12385467406532888,16.832408612093364,24.420155217743023,12.098201460473211,9.47021706889578,0.57719840706474,0.09695082795803624,0.07755815897892755,3.308006315708399,0.01336488866977463,81.0055194659988,0.5541543336942228,-0.5950920245398773,1.3851258627217695,1.2880861791980052,-9.038163181361811e-05,-0.07123137248793861,-0.15587371679603032,-0.09702326844915317,160.82572167689403,1.2677554506180047,0.31839259735713965,Aerospace & Defense,Industrials,TDG
2012Q4,2012,Q4,2012-11-16,2012-09-30,87866000.0,462606000.0,191418000.0,1.63,256811000.0,0.5551397949875272,5459617000.0,1218834000.0,1050531000.0,233915000.0,4240783000.0,320503000.0,689229000.0,7634540580.0,10813141580.0,22.620429828142978,4.4910800931962465,0.6628899060135537,2.969333805916146,0.025512554127608757,22.620429828142978,0.07209021080803456,16.50333238219997,21.722112591901304,6.263806703784109,0.0,0.6421000739462657,0.0,0.08473231730357643,2.891251095483402,0.016093802916944542,51.926819112395854,0.5551397949875272,-0.029761904761904788,2.12085478241376,1.4127572176008119,1.1909596283761,0.013853029190452504,-0.028525307918537027,0.02988206430508329,1.0719062073708248,1.299972887431147,0.4599303978750127,Aerospace & Defense,Industrials,TDG
2012Q3,2012,Q3,2012-08-08,2012-06-30,90446000.0,461660000.0,185864000.0,1.68,253302000.0,0.5486765151843348,5305942000.0,1106649000.0,914251000.0,183158000.0,4199293000.0,328077000.0,601363000.0,7236352600.000001,10557884600.0,20.53838016406221,4.991597418622173,0.683054959892136,3.2749769800541997,0.027234974738417163,20.53838016406221,0.08172961797281704,15.674636312437727,20.00185912035911,6.538977218612225,0.0,0.6350887139299616,0.0,0.08700811279128193,3.0215387807248386,0.017046172008665,84.2229611610936,0.5486765151843348,0.11258278145695359,2.4754126657108353,1.4897284512988513,1.0410258996778938,0.07313167259786477,0.10905925053953305,0.04873410936256891,0.9620098006903302,1.1829345186769644,0.2979612541874632,Aerospace & Defense,Industrials,TDG
2012Q2,2012,Q2,2012-05-09,2012-03-31,81552000.0,423469000.0,177227000.0,1.51,236040000.0,0.5573961730374597,5199863000.0,994923000.0,815082000.0,210301000.0,4204940000.0,326605000.0,510917000.0,6237380320.0,9665274320.0,18.464849114732193,3.8757875616378428,0.697975119729116,3.6478953647669217,0.025018563967215086,18.464849114732193,0.08196815230927418,14.729248941480959,19.120868648224448,6.2692090945731485,0.0,0.5738705776090385,0.0,0.08143849174487866,2.1594714242918482,0.01568349012272054,67.2863819458678,0.5573961730374597,0.3130434782608697,2.163821306097293,1.4470263817398568,1.0145931502663466,0.18283180075668362,0.2526226864296137,0.2200170721297482,0.8123374929873005,0.9647675438128379,0.24144571900689368,Aerospace & Defense,Industrials,TDG
2012Q1,2012,Q1,2012-02-08,2011-12-31,65105000.0,352473000.0,145266000.0,1.15,199555000.0,0.5661568403821002,4545336000.0,887068000.0,840041000.0,164734000.0,3658268000.0,274173000.0,429365000.0,5155429760.0,7930029760.0,16.463160239040867,5.09937839183168,0.6896079849762482,3.533550979180852,0.024444730911295297,16.463160239040867,0.07339347152642188,14.626452976540048,19.796596881959914,5.811763878304707,0.0506719913985101,0.5577427390735047,0.0006399078551309755,0.07754608240182904,3.2452195660883607,0.014323473556190345,81.837414439012,0.5661568403821002,-0.08000000000000007,1.66037375044432,1.386832405888897,0.9029874797209093,0.03387802047498653,-0.03397878180873952,0.02019804761570335,0.4830284881502182,0.7539003491794737,0.1839806355500987,Aerospace & Defense,Industrials,TDG
2011Q4,2011,Q4,2011-11-18,2011-09-30,67395000.0,342953000.0,142390000.0,1.25,193016000.0,0.5628059821608209,4513636000.0,810949000.0,870292000.0,206859000.0,3702687000.0,265317000.0,364260000.0,4400542940.0,7162734940.0,15.050462120930924,4.207174935584142,0.6953097236906122,3.870002922501908,0.024759833072661507,15.050462120930924,0.08310633591014971,12.831329482465527,16.323699606795756,5.426411451274988,0.0,0.5651239837628196,0.0,0.0759815368363776,2.733630153872928,0.01493142114251127,39.622399560605785,0.5628059821608209,0.17924528301886786,2.678988646660507,1.4589722974302168,0.8561383990801044,0.053874168027125455,0.19749466950959488,0.0232474578707197,0.6002549720355961,0.634728468816837,0.11866892562105162,Aerospace & Defense,Industrials,TDG
2011Q3,2011,Q3,2011-08-10,2011-07-02,56280000.0,325209000.0,139155000.0,1.06,183149000.0,0.5631732209133203,4385019000.0,735323000.0,996868000.0,154762000.0,3649696000.0,250714000.0,296865000.0,4975968900.0,7568967900.0,13.787392421202632,6.441296959201871,0.7165875450026556,4.273292145084541,0.023467744945295764,13.787392421202632,0.07653779359546757,15.30083392526037,22.10362873134328,6.767051894201596,1.7768301350390903e-05,0.5666217283438499,2.0096588626186954e-07,0.07416364672536196,4.612456546180587,0.012834608014241215,463.95980419580417,0.5631732209133203,0.009523809523809532,4.520259560553631,1.4520420765213673,0.7724744541603465,0.15510608239360227,0.00829496389988713,0.22924101621850818,0.40951021225557155,0.5759149952075456,0.0794361413381845,Aerospace & Defense,Industrials,TDG
2011Q2,2011,Q2,2011-05-11,2011-04-02,55817000.0,311345000.0,113204000.0,1.05,158556000.0,0.50926143024619,4386468000.0,667026000.0,964044000.0,217751000.0,3719442000.0,245763000.0,240585000.0,4489571940.0,7130359940.0,12.506815667597923,4.427277027430414,0.7172342303648402,4.716645228221989,0.018961650900419156,12.506815667597923,0.08368039626641241,14.419926255440107,20.10844339538134,6.7307300465049344,0.0,0.6216924435329972,0.0,0.07097851848001627,3.066465825644888,0.012724816412658203,72.87792903058244,0.50926143024619,6.526315789473684,2.2447939965976196,1.3860306805558231,0.5370812582640111,0.24131775905802774,8.597250578467401,4.251380062160783,0.54871671534363,0.585454191792581,0.07175740356132074,Aerospace & Defense,Industrials,TDG
2011Q1,2011,Q1,2011-02-08,2011-01-01,-7347000.0,240046000.0,21557000.0,-0.19,127732000.0,0.5321146780200462,4212912000.0,596262000.0,677705000.0,168584000.0,3616650000.0,252521000.0,184779000.0,3840149280.0000005,6787246280.0,11.181030603060305,4.019984102880463,0.7551558162145329,5.335582344673986,0.0038124175854931538,11.181030603060305,-0.012321764593416988,15.997555801804657,-130.67065741118824,6.440372319550803,-0.3824690349802641,0.44477092994246026,0.0007317423868480446,0.05697864090206489,2.329610164665686,-0.0017439243924392439,64.91014823954971,0.5321146780200462,-1.2,-1.0045315052292185,-0.9867172170707184,-0.9903483691135492,-0.03504544046656745,-1.1450972647378295,-0.7912761425251743,-1.2412456980550473,0.3029955766117757,0.016596278208172083,Aerospace & Defense,Industrials,TDG
2010Q4,2010,Q4,2010-11-15,2010-09-30,50635000.0,223117000.0,103280000.0,0.95,132371000.0,0.5932806554408674,2677818000.0,592979000.0,583508000.0,113012000.0,2084839000.0,188756000.0,192126000.0,3309002400.0,4846536400.0,11.119468196819682,5.163239302021024,0.6616006016839083,2.987704454963835,0.029025405336756897,11.119468196819682,0.08539088230780517,14.83079460552087,16.33752542707613,5.58030284377693,0.0,0.48075822755303144,0.0,0.0833204497094276,3.2613616253141258,0.018909052071500006,84.79186162716208,0.5932806554408674,0.14457831325301204,1.7928010269986399,0.6163674751034796,0.37133808461360446,0.0811709261391945,0.15066469719350073,0.0839971871490496,0.8171548195853019,0.17577287076980114,0.0770045526691892,Aerospace & Defense,Industrials,TDG
2010Q3,2010,Q3,2010-08-11,2010-07-03,44005000.0,214182000.0,95277000.0,0.83,122433000.0,0.571630669243914,2615956000.0,535846000.0,581360000.0,113955000.0,2080110000.0,174080000.0,140779000.0,2659380750.0,4172111750.0,10.125011809610188,5.101662937124304,0.6770450267512145,3.305278008980192,0.027103023305175458,10.125011809610188,0.08212247548736018,12.41645306328263,15.108401033973411,4.962957174262755,0.0,0.52705078125,0.0,0.0818752303173295,3.3244350840243957,0.016821766115332214,38.82817815479406,0.571630669243914,0.15277777777777776,3.7737938576718384,0.6274209066813163,0.30164749303918603,0.06275878232337699,0.15665659087922199,0.08196777160767213,0.721544657284602,0.17601255292498993,0.006185062934953351,Aerospace & Defense,Industrials,TDG
2010Q2,2010,Q2,2010-05-11,2010-04-03,38045000.0,206077000.0,88059000.0,0.72,115203000.0,0.5590289066708075,2545272000.0,486216000.0,505887000.0,91947000.0,2059056000.0,174230000.0,96773000.0,2793223160.0,4376468160.0,9.18740788329995,5.501941335769519,0.6956403873534931,3.641579051285848,0.024888704836149633,9.18740788329995,0.0782471165078895,13.554269326513875,18.35473229070837,5.744819504088718,0.0,0.5215749296906388,0.0,0.08096462774901857,3.2594538157851805,0.014947321936516019,134.30894648266576,0.5590289066708075,71.0,1.2288353780889039,0.5915614693884044,0.12912773680941564,0.11783541466538584,84.49438202247191,0.15180568453821303,0.5027349171865723,0.2124225652551928,0.002385065558525732,Aerospace & Defense,Industrials,TDG
2010Q1,2010,Q1,2010-02-10,2010-01-02,445000.0,184278000.0,76453000.0,0.01,103059000.0,0.5592582945332595,2504894000.0,441012000.0,468293000.0,101370000.0,2063882000.0,175718000.0,58727000.0,2510748810.0,4118860810.0,8.341599046700335,4.619640919404163,0.7066438739523508,4.013650422210733,0.02218545075634623,8.341599046700335,0.001009042837836612,13.624788688828835,1410.5330393258428,5.6931530434546005,909.8157303370787,0.46221218088072935,0.16125388505112942,0.0735671848788811,2.617756732761172,0.0001776522279984702,44.75168989733352,0.5592582945332595,-0.9873417721518988,-0.9997231486427237,-0.9897145738008438,-0.992799408403418,-0.049236134174692796,-0.9893057124318089,-0.07375728425873203,-0.9814676312342141,0.27178053126065393,-0.03578910025555238,Aerospace & Defense,Industrials,TDG
2009Q4,2009,Q4,2009-11-24,2009-09-30,41611000.0,197354000.0,82541000.0,0.79,108396000.0,0.5492465316132432,2454440000.0,819162000.0,494754000.0,99752000.0,1635278000.0,167766000.0,450647000.0,2633404890.0,3799998890.0,15.494183737161663,4.9598404042024224,0.5527782304721239,1.6562792219365645,0.02505854516212553,15.494183737161663,0.05079703404210645,13.343559745432065,15.82156695344981,3.2147547005354253,0.0,0.5302504679136416,0.0,0.08040693600169489,2.9735042906407894,0.016953357996121316,41.083400521068974,0.5492465316132432,-0.03658536585365844,1.3150028738950106,0.44214050389355947,0.9108615513507815,0.005053267934465142,0.005388035179279018,-0.031174806624646407,1.3150028738950106,0.44214050389355947,0.9108615513507815,Aerospace & Defense,Industrials,TDG
2009Q3,2009,Q3,2009-08-05,2009-06-27,41388000.0,189875000.0,85197000.0,0.82,107851000.0,0.5680105332455563,2373092000.0,765481000.0,491203000.0,82630000.0,1607611000.0,157833000.0,409036000.0,1712026640.0,2865256640.0,15.823569538614189,5.94460849570374,0.5717763997350293,1.7725822064819374,0.02597148340843183,15.823569538614189,0.054067965109519375,9.016598499012508,10.34132260558616,2.236537079300466,0.0,0.519688531549169,0.0,0.08001164725177111,3.729601839525596,0.01744053749285742,37.08896533795494,0.5680105332455563,0.024999999999999883,3.854046839382506,0.5783350725987224,1.0342405528178205,-0.008822637417172896,0.026895593489479952,0.004989737419491825,3.854046839382506,0.5783350725987224,1.0342405528178205,Aerospace & Defense,Industrials,TDG
2009Q2,2009,Q2,2009-05-06,2009-03-28,40304000.0,193047000.0,84774000.0,0.8,108811000.0,0.5636503027760079,2324953000.0,717818000.0,439902000.0,81421000.0,1607135000.0,157517000.0,367648000.0,1592130390.0,2794516390.0,14.873666107208718,5.402807629481337,0.5836659923878031,1.8904457675901134,0.026083649154043806,14.873666107208718,0.056147937220855426,8.247371831730097,9.875759167824535,2.2180140230531977,0.0,0.5347740243910181,0.0,0.08303264625134357,3.1262327900664446,0.017335404199568766,172.85098143524047,0.5636503027760079,0.025641025641025664,1.5892172175037782,0.6349214136009032,0.8279659685316261,0.04337028229518257,0.017803479885855702,0.022753595212817296,1.5892172175037782,0.6349214136009032,0.8279659685316261,Aerospace & Defense,Industrials,TDG
2009Q1,2009,Q1,2009-02-04,2008-12-27,39599000.0,181276000.0,82888000.0,0.78,104288000.0,0.5752995432379355,2319811000.0,675821000.0,429996000.0,119357000.0,1643990000.0,154536000.0,327344000.0,1482877530.0,2690681530.0,13.90492356438903,3.6026039528473404,0.5850101581551256,2.008095338854519,0.02650894975434948,13.90492356438903,0.05859391762019825,8.180219830534654,9.36183697820652,2.194186818699034,0.0,0.49818812444996635,0.0,0.07814257282166522,2.1149744045175396,0.017069925093035596,22.99498395025354,0.5752995432379355,0.040000000000000036,-0.9732015988426338,-0.9889940602507147,-0.9879970644467189,0.008217482936638373,0.0423806891468583,0.02108997733320193,-0.9732015988426338,-0.9889940602507147,-0.9879970644467189,Aerospace & Defense,Industrials,TDG
2008Q4,2008,Q4,2008-11-25,2008-09-30,37989000.0,189238000.0,81176000.0,0.75,103438000.0,0.54660269079149,2255821000.0,653900000.0,423434000.0,88502000.0,1601921000.0,144114000.0,287745000.0,1663680689.9999998,2861848690.0,13.453902022508899,4.784456848432804,0.6016567803917066,2.0755925982566144,0.026046617281132518,13.453902022508899,0.05809603914971708,8.791472590071761,10.948436981757876,2.5442432940816637,0.0,0.5953620050793123,0.0,0.08388874826504408,2.8842060066439177,0.016840431931434276,46.10832797516767,0.54660269079149,0.041666666666666706,1.299001540973604,0.5042084017842673,0.6592383649609572,0.029418204255488547,0.05527931331425873,0.03517049656966513,1.299001540973604,0.5042084017842673,0.6592383649609572,Aerospace & Defense,Industrials,TDG
2008Q3,2008,Q3,2008-08-07,2008-06-28,35999000.0,186052000.0,78418000.0,0.72,100482000.0,0.5400748177928751,2222096000.0,614166000.0,454217000.0,90615000.0,1607930000.0,142993000.0,249756000.0,1675727400.0,2843882400.0,12.772772647866233,5.012602769960823,0.6108412957856006,2.2100669851473382,0.0253120798357214,12.772772647866233,0.058614446257200824,9.006769075312278,11.637319092197007,2.728460058029914,0.0,0.598420901722462,0.0,0.08372815575924712,3.201898140484467,0.016200470186706607,24.3994146682392,0.5400748177928751,0.12499999999999993,3.497505537700453,0.5559481850088223,0.6420373436477655,0.06987936413292305,0.11902393534348772,0.07752555787622294,3.497505537700453,0.5559481850088223,0.6420373436477655,Aerospace & Defense,Industrials,TDG
2008Q2,2008,Q2,2008-05-08,2008-03-29,32170000.0,175285000.0,72776000.0,0.64,93919000.0,0.5358073993781556,2136168000.0,555524000.0,449705000.0,63620000.0,1580644000.0,128524000.0,213757000.0,1776618600.0,2940096600.0,11.66944648671358,7.0686104998428165,0.6354673415199553,2.4435757951051618,0.025098869830316943,11.66944648671358,0.05790928924762927,10.135599737570242,13.80648585638794,3.1980951318034867,0.0,0.6330802029192991,0.0,0.08205581208968583,4.649056900345803,0.015059676954247044,109.91886407226382,0.5358073993781556,0.18518518518518512,1.0951501100559007,0.5049508796328431,0.4341690135813154,0.06614675566453253,0.1928952832987244,0.08768626044328864,1.0951501100559007,0.5049508796328431,0.4341690135813154,Aerospace & Defense,Industrials,TDG
2008Q1,2008,Q1,2008-02-07,2007-12-29,26968000.0,163136000.0,66909000.0,0.54,88092000.0,0.5399911730090231,2107952000.0,519382000.0,417559000.0,80274000.0,1588570000.0,128129000.0,181587000.0,2136840750.0,3324322750.0,10.99849649535184,5.201671774173456,0.6441308910259816,2.614255018464252,0.022669463899559223,10.99849649535184,0.051923247243839794,13.098523624460572,19.80903988059923,4.114198701533746,0.0,0.585690983305887,0.0,0.0773907565257653,3.2712210678426388,0.012793460192641957,36.95230169298079,0.5399911730090231,0.10204081632653071,-0.9812162236850152,-0.9898059646803858,-0.9905059352534098,0.00020437359493153485,0.09292806484295846,0.020825704870010984,-0.9812162236850152,-0.9898059646803858,-0.9905059352534098,Aerospace & Defense,Industrials,TDG
2007Q4,2007,Q4,2007-11-21,2007-09-30,24675000.0,168038000.0,65544000.0,0.49,88074000.0,0.5241314464585392,2061053000.0,487551000.0,365599000.0,67219000.0,1573502000.0,126763000.0,156312000.0,2180285910.0,3432193910.0,10.32443936217521,5.438923518648001,0.6588156636437782,2.785050179365851,0.021856797553674055,10.32443936217521,0.05061009002135161,12.974957509610922,22.090029483282674,4.47191352289299,0.0,0.6308149854452798,0.0,0.08153016928725268,3.131733587229801,0.011972035653619775,113.53290512393251,0.5241314464585392,0.08888888888888884,0.5369086865344764,0.3747276496056697,0.2732890322654209,0.07076945521743888,0.11545590163193346,0.06912863341271654,0.5369086865344764,0.3747276496056697,0.2732890322654209,Aerospace & Defense,Industrials,TDG
2007Q3,2007,Q3,2007-08-10,2007-06-30,22121000.0,157613000.0,61306000.0,0.45,82253000.0,0.5218668510846186,2031461000.0,460875000.0,360870000.0,74086000.0,1570586000.0,121216000.0,131637000.0,1853068000.0,3090784000.0,10.062772925764191,4.870960775315174,0.6684405952169399,2.9463759153783564,0.021073843758858717,10.062772925764191,0.04799783021426634,11.757075875720911,20.942407666922833,4.020760509899648,0.0,0.6217001055966209,0.0,0.07758603290931994,2.8502146154469132,0.010889207324186878,58.31108593725416,0.5218668510846186,0.0,2.611223877309667,0.38384654367300686,0.2936462098159107,0.09566943293681981,0.02821418611136934,0.07334068666071397,2.611223877309667,0.38384654367300686,0.2936462098159107,Aerospace & Defense,Industrials,TDG
2007Q2,2007,Q2,2007-05-08,2007-03-31,21514000.0,144438000.0,57117000.0,0.45,75071000.0,0.5197454963375289,1968104000.0,412193000.0,297822000.0,60400000.0,1555911000.0,119124000.0,109516000.0,1636081360.0,2929254360.0,9.165547451747754,4.930827814569536,0.6899879274672477,3.2944955397107667,0.020113075781017738,9.165547451747754,0.05219399650163879,11.327222476079703,19.011822069350192,3.969211898309773,0.0,0.5823091904234243,0.0,0.07338941438054086,2.5576324503311256,0.010931332897042026,107.3685103031894,0.5197454963375289,0.046511627906976785,0.48318599148660274,0.3127118506355165,0.1264411009358657,0.17973096143571046,0.05797885419227932,0.14529486074071105,0.48318599148660274,0.3127118506355165,0.1264411009358657,Aerospace & Defense,Industrials,TDG
2007Q1,2007,Q1,2007-02-13,2006-12-30,20335000.0,122709000.0,49871000.0,0.43,63634000.0,0.518576469533612,1448714000.0,387341000.0,227216000.0,49338000.0,1061373000.0,94075000.0,88002000.0,,,,,,,,,,,,,,,,,,,,,,,,,,,,,,,Aerospace & Defense,Industrials,TDG
