Quarters,Year,Quarter,FillingDate,Date,NetIncome,Revenue,OperatingIncome,EPSDiluted,GrossProfit,GrossProfitRatio,TotalAssets,CommonStockEquity,CurrentAssets,CurrentLiability,TotalLiability,Inventory,RetainedEarnings,MarketCap,EnterpriseValue,bookValuePerShare,currentRatio,debtToAssets,debtToEquity,roic,shareholdersEquityPerShare,roe,priceToSalesRatio,peRatio,pbRatio,payoutRatio,inventoryTurnover,dividendYield,assetTurnover,quickRatio,returnOnAssets,priceToFreeCashFlowsRatio,grossProfitMargin,epsdilutedGrowth,fiveYNetIncomeGrowthPerShare,fiveYRevenueGrowthPerShare,fiveYShareholdersEquityGrowthPerShare,grossProfitGrowth,netIncomeGrowth,operatingIncomeGrowth,threeYNetIncomeGrowthPerShare,threeYRevenueGrowthPerShare,threeYShareholdersEquityGrowthPerShare,Industry,Sector,Symbol
2024Q1,2024,Q1,2023-06-01,2023-04-30,290405000.0,2000792000.0,401414000.0,2.28,1150805000.0,0.5751747308,5571544000.0,3320076000.0,3053302000.0,1256771000.0,2251468000.0,1580313000.0,3118584000.0,48988437540.0,49136918540.0,26.0917907046194,2.4294815841549493,0.19726811813744988,0.33104302431631083,0.05159479217709007,26.0917907046194,0.08746938323098628,24.484522898932024,42.172515573078975,14.755215705905528,0.0,0.537859904968193,0.0,0.35910907281715804,0.841899598256166,0.0521228944795195,-535.7499266177451,0.5751747308066005,1.425531914893617,3.1149004607896367,2.279341394537731,1.1607482939832188,-0.24666752639237924,1.4238592449775063,-0.6448455742613152,9.382198577995835,2.14135187444637,0.8512397304629465,Apparel Retail,Consumer Cyclical,LULU
2023Q4,2023,Q4,2023-03-28,2023-01-29,119811000.0,2771838000.0,1130252000.0,0.94,1527619000.0,0.5511213137,5607038000.0,3148799000.0,3159453000.0,1492198000.0,2458239000.0,1447367000.0,2926127000.0,38566911040.0,38482378040.0,24.704988388149637,2.1173148603603544,0.1908911621430067,0.33991817197604546,0.08047270762407412,24.704988388149637,0.03804974531559493,13.913840217213272,80.4744786371869,12.248133666200985,0.0,0.8596430621950065,0.0,0.49434977968759974,0.8630041053533111,0.021367966473564117,45.95215807759948,0.5511213137275699,-0.53,0.06262177788124716,2.1698749907453694,1.0943455271115656,0.47048761517521265,-0.5310173405879359,2.2070528080992657,-0.5889727473442027,1.0278676986379758,0.6490636506005822,Apparel Retail,Consumer Cyclical,LULU
2023Q3,2023,Q3,2022-12-08,2022-10-30,255470000.0,1856889000.0,352427000.0,2.0,1038852000.0,0.5594583198,5309436000.0,3039204000.0,2634181000.0,1322835000.0,2270232000.0,1741716000.0,2874955000.0,41956219440.0,42642078440.0,23.834837778701445,1.9913148654216135,0.19559196118005753,0.34169572032676976,0.04988698329169005,23.834837778701445,0.08405819418505635,22.59489901658096,41.05787317493248,13.805002704655562,0.0,0.46967301213286206,0.0,0.3497337570318203,0.3392736055517128,0.04811622176065405,-382.14973531287,0.5594583198026376,-0.11504424778761053,3.6010381193316134,2.18447756320109,1.2700580190449584,-0.015750239702276507,-0.11761150313794164,-0.12158531235668282,1.0718970622262791,1.070912794985909,0.8834127085748003,Apparel Retail,Consumer Cyclical,LULU
2023Q2,2023,Q2,2022-09-01,2022-07-31,289521000.0,1868328000.0,401208000.0,2.26,1055476000.0,0.564930783,4920711000.0,2857798000.0,2387094000.0,1207210000.0,2062913000.0,1462076000.0,2636377000.0,39563166190.0,40018459190.0,22.393201639254343,1.977364335948178,0.19389962141649855,0.33386684433259456,0.060724634726301616,22.393201639254343,0.10130911981882554,21.17570693689759,34.16260494920921,13.843933752490553,0.0,0.5559574194501518,0.0,0.3796865940714665,0.48095608883292884,0.05883722901019792,-840.3391289294817,0.5649307830316732,0.5270270270270269,5.341942707119168,2.430883069577993,1.1814887873943456,0.21264302447285308,0.5238107769555469,0.5410509819586936,1.3647426383787788,1.159227515410915,0.9354775909510826,Apparel Retail,Consumer Cyclical,LULU
2023Q1,2023,Q1,2022-06-02,2022-05-01,189998000.0,1613463000.0,260347000.0,1.48,870393000.0,0.5394564362,4697212000.0,2668050000.0,2303240000.0,1206891000.0,2029162000.0,1275040000.0,2471432000.0,46215304680.0,46470831680.0,20.83160911014468,1.908407635817982,0.19257018844369808,0.33902775435242966,0.04244098385284531,20.83160911014468,0.07121230861490602,28.643547871875587,60.810251528963455,17.321753595322424,0.0,0.5827817166520266,0.0,0.34349375757364153,0.6027114296154333,0.0404491004451151,-130.32786818120292,0.5394564362492353,-0.5595238095238095,5.506108433495313,2.317920975363051,1.1182227161254035,-0.29589652572619346,-0.5627243937915416,-0.5591493440080195,1.0069794217419614,1.1045626416162573,0.9920439600219861,Apparel Retail,Consumer Cyclical,LULU
2022Q4,2022,Q4,2022-03-29,2022-01-30,434504000.0,2129113000.0,590556000.0,3.36,1236172000.0,0.5806042234,4942478000.0,2740046000.0,2614853000.0,1405334000.0,2202432000.0,966481000.0,2512840000.0,43060046400.0,42681227400.0,21.23819710886331,1.8606630167632747,0.17826118801135787,0.3215464265928382,0.0964815801024752,21.23819710886331,0.1585754399743654,20.224406313802977,24.77540275808738,15.71508157162325,0.0,0.9239095233118912,0.0,0.4307784475722502,0.9512841787076951,0.08791217684732233,71.35372485595876,0.5806042234489198,1.3333333333333333,2.390715372903644,1.8633336565859258,1.1403998884857984,0.49045386204127595,1.3138006688393296,1.2894470569535603,1.033031254519677,0.8641875004413062,0.9369981903716701,Apparel Retail,Consumer Cyclical,LULU
2022Q3,2022,Q3,2021-12-09,2021-10-31,187788000.0,1450421000.0,257947000.0,1.44,829393000.0,0.5718291448,4572007000.0,2658455000.0,2311294000.0,1118020000.0,1913552000.0,943900000.0,2398186000.0,59509393920.0,59375707920.0,20.499483359550908,2.0673100660095525,0.1880804206992684,0.32346043096460164,0.042888468488024946,20.499483359550908,0.0706380209557807,41.02904875205199,79.22417023451978,22.384954388921386,0.0,0.6579383409259455,0.0,0.31723945304545687,0.9560955975742831,0.04107342792782251,1659.7237183098591,0.5718291447793433,-0.09433962264150951,1.905904188772123,1.8151527647210453,1.332235784573401,-0.015774558969770473,-0.0974941607312783,-0.11367861155684446,1.030753951992167,0.9806790373291958,0.929440972182614,Apparel Retail,Consumer Cyclical,LULU
2022Q2,2022,Q2,2021-09-08,2021-08-01,208074000.0,1450618000.0,291031000.0,1.59,842686000.0,0.5809151686,4405098000.0,2671166000.0,2275307000.0,981354000.0,1733932000.0,789836000.0,2445845000.0,52347318550.0,51972098550.0,20.54632442868461,2.3185384682795402,0.18043208119319934,0.2975558239360639,0.04881829619533284,20.54632442868461,0.07789631943503324,36.08621880467497,62.89507404817517,19.597179115786886,0.0,0.7696939617844717,0.0,0.3293043650788246,1.2494889713599782,0.04723481747738643,254.86293927768094,0.5809151685695338,0.4324324324324324,3.0884917798670437,1.9707316223060751,1.434331842110824,0.2032973780332822,0.43542868180689315,0.5015452401958508,1.2391387914752157,1.066365831037677,1.0852056861206216,Apparel Retail,Consumer Cyclical,LULU
2022Q1,2022,Q1,2021-06-03,2021-05-02,144956000.0,1226465000.0,193821000.0,1.11,700314000.0,0.5710020261,4329831000.0,2639855000.0,2253452000.0,964814000.0,1689976000.0,732890000.0,2408006000.0,43719466040.0,43324789040.0,20.250809309747005,2.335633603989992,0.1813146979639621,0.2973883035242466,0.03439124719907617,20.250809309747005,0.054910591680224864,35.64672945416298,75.40127010955048,16.56131342062348,0.0,0.7179126471912566,0.0,0.283259323516322,1.2817962840506045,0.03347844292306097,291.68867951215606,0.5710020261483206,-0.5595238095238095,2.3667339195318764,1.6062332111824644,1.446422881281263,-0.3084916671110084,-0.5605223185997932,-0.5767231702576512,1.0049238924681798,0.9622136762267606,0.6770371249401607,Apparel Retail,Consumer Cyclical,LULU
2021Q4,2021,Q4,2021-03-30,2021-01-31,329837000.0,1729549000.0,457906000.0,2.52,1012734000.0,0.5855480244,4185215000.0,2558566000.0,2124379000.0,883178000.0,1626649000.0,647230000.0,2346428000.0,43464479800.0,43112643800.0,19.629937087617,2.4053803423545426,0.19083392370523378,0.3121596237892632,0.07951928839584524,19.629937087617,0.1289147905506444,25.13052813190028,32.94390850632282,16.987828260048794,0.0,1.1075120127311775,0.0,0.4132521268321938,1.3884233982277638,0.07881004918504785,65.90160324834429,0.5855480243693587,1.2909090909090908,1.9758605153398365,1.6015397268476237,1.6379276652143837,0.6142943218661234,1.2962274527822448,1.2345598282256491,1.8606449536929168,0.9341481189333976,0.6641121335904951,Apparel Retail,Consumer Cyclical,LULU
2021Q3,2021,Q3,2020-12-10,2020-11-01,143643000.0,1117426000.0,204920000.0,1.1,627354000.0,0.5614277813,3627920000.0,2162953000.0,1600813000.0,730878000.0,1464967000.0,770990000.0,2016591000.0,41115329000.0,41407216000.0,16.597499961632316,2.1902602075859448,0.21319874749167567,0.3575981540051957,0.038828848312167624,16.597499961632316,0.06641059699401698,36.79467723142293,71.55818417883224,19.008886924496277,0.0,0.6356398915679841,0.0,0.30800734305056343,0.7588982018886873,0.03959376171470154,-1008.5938672881148,0.5614277813474897,0.6666666666666667,1.9090703782455098,1.5075692412722135,1.1966231614786085,0.2816194451083859,0.6548542067487702,0.6471477143936532,1.5313000966990649,0.875056106694857,0.5807654423253449,Apparel Retail,Consumer Cyclical,LULU
2021Q2,2021,Q2,2020-09-08,2020-08-02,86801000.0,902942000.0,124409000.0,0.66,489501000.0,0.5421178769,3494027000.0,2001102000.0,1489755000.0,763309000.0,1492925000.0,672773000.0,1872948000.0,42797204550.0,43054793550.0,15.36413681907175,1.9517063207691774,0.22340611563677099,0.39007856670974295,0.0244342876894058,15.36413681907175,0.04337659949367898,47.397512298685854,123.26241791569221,21.386818138205847,0.0,0.6145326878456775,0.0,0.25842444835142947,0.7921038530922602,0.024842681524785012,332.5785422316856,0.5421178768957474,2.0000000000000004,0.9765151147987368,1.1634875856664773,0.9827678676016199,0.46381002505965874,2.031607991058955,2.7986321028365544,0.8630360123895756,0.6246766022353457,0.496735158229643,Apparel Retail,Consumer Cyclical,LULU
2021Q1,2021,Q1,2020-06-11,2020-05-03,28632000.0,651962000.0,32751000.0,0.22,334402000.0,0.512916397,3201786000.0,1835787000.0,1694545000.0,631496000.0,1365999000.0,625849000.0,1786147000.0,28484591190.0,28445473190.0,14.094225764101619,2.68338200083611,0.24482835517426838,0.42700378638698283,0.008121244773204897,14.094225764101619,0.015596580649062228,43.6905696804415,248.71290156119025,15.516283310645516,0.0,0.5074067386861687,0.0,0.20362447708872486,1.401643082458163,0.00894250896218548,-164.32406769198818,0.5129163969679215,-0.9035087719298245,-0.3472614228235285,0.6777609746085478,0.7475071846927362,-0.5875785926943635,-0.9039262333862379,-0.9213636920240007,-0.03591786943145652,0.3183155988320407,0.4331446515661231,Apparel Retail,Consumer Cyclical,LULU
2020Q4,2020,Q4,2020-03-26,2020-02-02,298021000.0,1397491000.0,416487000.0,2.28,810826000.0,0.5802012321,3281354000.0,1952218000.0,1807938000.0,620418000.0,1329136000.0,518513000.0,1820637000.0,32104721070.0,31751177070.0,14.981221846198709,2.914064388847519,0.22550477638194477,0.3790360502771719,0.08639080073727005,14.981221846198709,0.1526576437672432,22.973114724889104,26.931592966603027,16.44525410072031,0.0,1.1314373988694595,0.0,0.42588852040956265,1.8273551057512838,0.0908225689760995,63.52602911874059,0.5802012320651797,1.3749999999999998,1.9295682836627646,1.5275669283733766,0.9524421797798489,0.6054561582753186,1.365583972313505,1.3687048211614694,1.3025207528670877,0.8607215835691283,0.5098176838938339,Apparel Retail,Consumer Cyclical,LULU
2020Q3,2020,Q3,2019-12-11,2019-11-03,125982000.0,916138000.0,175829000.0,0.96,505044000.0,0.5512750263,2855144000.0,1648736000.0,1451676000.0,574769000.0,1206408000.0,627102000.0,1522921000.0,25597807360.0,25706964360.0,12.655132712116792,2.5256685729397375,0.24352887279941046,0.4217230654270908,0.04100133998022461,12.655132712116792,0.07641126293111813,27.940995090259328,50.7965569684558,15.525716282048794,0.0,0.6555456688066694,0.0,0.32087278259870605,1.0819946796017184,0.04412456954885638,-766.6539087723502,0.5512750262515036,0.0,1.2903557806084796,1.4006815482761827,0.6696093398001793,0.039621569547711386,0.007936634930794464,0.046713338333869106,0.9405459623351529,0.7699898086473268,0.4397803521215577,Apparel Retail,Consumer Cyclical,LULU
2020Q2,2020,Q2,2019-09-05,2019-08-04,124990000.0,883352000.0,167982000.0,0.96,485796000.0,0.5499461143,2694744000.0,1507379000.0,1333013000.0,552609000.0,1187365000.0,494294000.0,1404866000.0,22729521100.0,22804276100.0,11.56985838738151,2.4122173182123348,0.25920569820361417,0.46338246718310394,0.04256643679189253,11.56985838738151,0.08291876163857928,25.73098957154113,45.46267921433715,15.078836244899259,0.0,0.8042905639154025,0.0,0.3278055355165463,1.178766541985382,0.04638288460796276,499.3852817752389,0.5499461143462628,0.29729729729729726,1.8571355198695427,1.519381103606295,0.4908682340745291,0.15193967561415156,0.2938521578004824,0.30408657578486475,1.4507155156442486,0.8051632072399685,0.3707986934049855,Apparel Retail,Consumer Cyclical,LULU
2020Q1,2020,Q1,2019-06-12,2019-05-05,96603000.0,782315000.0,128812000.0,0.74,421720000.0,0.5390667442,2463020000.0,1366720000.0,1171584000.0,502942000.0,1096300000.0,443006000.0,1281432000.0,23223016860.0,23311713860.0,10.457404318484398,2.3294614488350547,0.2699685751638233,0.48652101381409507,0.03517442514689256,10.457404318484398,0.07068236361507843,29.684994995621967,60.09910887860626,16.991788266799343,0.0,0.8139731741782278,0.0,0.3176242986252649,1.185715251460407,0.039221362392510006,-176.954798265733,0.5390667442142871,-0.5515151515151515,4.661473784662705,1.2626116994700636,0.3473541401656154,-0.3692331393409644,-0.5578101755429932,-0.6113330517168547,1.2379235703209293,0.6581423500734761,0.26331905121619736,Apparel Retail,Consumer Cyclical,LULU
2019Q4,2019,Q4,2019-03-27,2019-02-03,218465000.0,1167458000.0,331420000.0,1.65,668583000.0,0.5726827004,2084711000.0,1445975000.0,1429282000.0,500477000.0,638736000.0,404842000.0,1346890000.0,19338589920.0,18457269920.0,10.964489907338601,2.855839529089249,0.0,0.0,0.1497918225828495,10.964489907338601,0.15108490810698663,16.564698618708338,22.130077952990177,13.374083175711888,0.0,1.232270861224873,0.0,0.56000951690666,1.8324638295066507,0.10479390188855914,54.19370455271521,0.5726827003626683,1.323943661971831,1.1933394547127891,1.4677906483780914,0.4520414228484846,0.6436106269528513,1.3139292258481354,1.4386510967381148,0.9480514951340472,0.7355783403365354,0.4734398349028837,Apparel Retail,Consumer Cyclical,LULU
2019Q3,2019,Q3,2018-12-06,2018-10-28,94413000.0,747655000.0,135903000.0,0.71,406777000.0,0.5440704603,1981011000.0,1406757000.0,1363467000.0,443671000.0,574254000.0,495991000.0,1310452000.0,17991327280.0,17287720280.0,10.624571394045587,3.0731487971943174,0.0,0.0,0.06611949020392645,10.624571394045587,0.0671139365220859,24.063675465288135,47.63996292883395,12.78922179168115,0.0,0.6872665028196077,0.0,0.3774108270978808,1.6522490764553013,0.04765899835992834,527.4347653249685,0.5440704603058898,0.0,0.5652282416510686,1.1570069901975029,0.4786123371666497,0.026711661458780296,-0.014169364101493161,0.012629649499284693,0.8819076145553512,0.651323435197164,0.4061262032772051,Apparel Retail,Consumer Cyclical,LULU
2019Q2,2019,Q2,2018-08-30,2018-07-29,95770000.0,723500000.0,134208000.0,0.71,396194000.0,0.5476074637,1881157000.0,1320215000.0,1308037000.0,449161000.0,560942000.0,392672000.0,1224044000.0,15922896240.0,15245055240.0,9.8533802039019,2.912178483884398,0.05315877409487884,0.075745238464947,0.06664341212361684,9.8533802039019,0.07254121487787973,22.00814960608155,41.565459538477604,12.06083572751408,0.0,0.8335353679406732,0.0,0.3846037305764484,1.7841620265339155,0.05091015795066547,127.8988581159234,0.5476074637180374,0.29090909090909073,0.8332144776485136,1.2698441783035113,0.4571268251716199,0.14927784691340834,0.27433369260042845,0.28668807823210773,1.1198568598720675,0.6851351072736565,0.2715953968404548,Apparel Retail,Consumer Cyclical,LULU
2019Q1,2019,Q1,2018-05-31,2018-04-29,75153000.0,649706000.0,104305000.0,0.55,344733000.0,0.5305984553,2011705000.0,1636234000.0,1452855000.0,267341000.0,375471000.0,373445000.0,1530147000.0,13523099600.0,12556528600.0,12.075349441336659,5.4344638495404745,0.0,0.0,0.04468050592600194,12.075349441336659,0.04593047204739664,20.8141830304784,44.98522879991484,8.264771175760924,0.0,0.8166476991257079,0.0,0.32296285986265383,3.6973228947299517,0.03735786310617113,8879.251214707814,0.5305984553013209,-0.37499999999999994,0.6949078019797623,1.00346857546464,0.8758689095146582,-0.340237813175225,-0.3724751797329682,-0.5930005696938481,0.6469077666253265,0.6071634356942187,0.4971918471859585,Apparel Retail,Consumer Cyclical,LULU
2018Q4,2018,Q4,2018-03-27,2018-01-28,119761000.0,928802000.0,256278000.0,0.88,522511000.0,0.5625644648,1998483000.0,1596960000.0,1436282000.0,292598000.0,401523000.0,329562000.0,1455002000.0,10825064760.0,9834563760.0,11.796042280674541,4.908721180595903,0.0,0.0,0.07463606287570686,11.796042280674541,0.07499311191263401,11.654868055839673,22.597224388573906,6.7785447099489025,0.0,1.2328211383593983,0.0,0.46475351554153826,3.4507207841475336,0.05992595383598459,35.227291175819744,0.5625644647621344,1.0465116279069768,0.1824614815119658,1.0660146773850065,0.94363048018156,0.6228964908902292,1.0317759229098806,1.0084167959749848,0.1331712074472776,0.6169632383480024,0.5373305822247938,Apparel Retail,Consumer Cyclical,LULU
2018Q3,2018,Q3,2017-12-06,2017-10-29,58944000.0,619018000.0,127602000.0,0.43,321962000.0,0.5201173472,1720449000.0,1421276000.0,1188348000.0,240577000.0,299173000.0,396892000.0,1336216000.0,8354666080.0,7704612080.0,10.499660175526728,4.9395744397843515,0.0,0.0,0.061080167523609286,10.499660175526728,0.041472592234020694,13.49664481485191,35.434760450597174,5.878285484311281,0.0,0.7484554992290094,0.0,0.359800261443379,2.7905202908008664,0.03426082377332894,-298.72232837528605,0.5201173471530715,0.19444444444444448,0.09444745884406879,1.0811816250455508,0.9699246906581793,0.08250902757697817,0.2100757529100203,0.8570555361508907,0.03137189699811504,0.5611986695909362,0.38523483653417656,Apparel Retail,Consumer Cyclical,LULU
2018Q2,2018,Q2,2017-08-31,2017-07-30,48711000.0,581054000.0,68712000.0,0.36,297422000.0,0.511866367,1686923000.0,1397809000.0,1171022000.0,224291000.0,289114000.0,316368000.0,1285559000.0,8393580440.0,7672368440.0,10.265100498637743,5.220994154914821,0.0,0.0,0.034441103018819814,10.265100498637743,0.03484810871871622,14.445439563276391,43.078465028433,6.004812130984991,0.0,0.8965255651646185,0.0,0.3444460713381701,3.286288794467901,0.028875651111520798,159.48887360340504,0.5118663669813821,0.5652173913043477,-0.09996909305543707,1.173629408029553,1.0505447248409223,0.1577570602775453,0.5589515457978621,-0.019590497253335237,0.06535024037313021,0.5855734195517635,0.3227398072298447,Apparel Retail,Consumer Cyclical,LULU
2018Q1,2018,Q1,2017-06-01,2017-04-30,31246000.0,520307000.0,70085000.0,0.23,256895000.0,0.4937373512,1609334000.0,1347687000.0,1132681000.0,205973000.0,261647000.0,303950000.0,1312957000.0,7069738830.0,6371449830.0,9.834475360669016,5.49917222160186,0.0,0.0,0.03507261652445717,9.834475360669016,0.023184908662026122,13.58762966863794,56.56515097932536,5.245831435637504,0.0,0.8666293798322092,0.0,0.32330578984847147,3.4421793147645565,0.01941548491487783,-14759.371252609604,0.4937373512176465,-0.7676767676767677,-0.2976390070627104,0.9094350928336036,1.1144241228346239,-0.3996363627865454,-0.7704778345025158,-0.6435673273016697,0.746429758848226,0.4351782608889664,0.26709465274596395,Apparel Retail,Consumer Cyclical,LULU
2017Q4,2017,Q4,2017-03-29,2017-01-29,136135000.0,789940000.0,196629000.0,0.99,427899000.0,0.5416854445,1657541000.0,1359973000.0,1162737000.0,241449000.0,297568000.0,298432000.0,1294214000.0,9167876510.0,8433030510.0,9.922537009609,4.815662935029758,0.0,0.0,0.09966685781019326,9.922537009609,0.1001012520101502,11.605788426969136,16.836001964961252,6.741219502151881,0.0,1.2131440328114949,0.0,0.4765734301594953,3.0815865876437676,0.08213069842616261,37.504864120763365,0.5416854444641365,0.98,0.9671158057157389,1.2587373001733684,1.4023595697185627,0.5368500068240754,0.9936296404774109,1.114858833019629,0.31509937367100954,0.6066672739416845,0.3140542678648534,Apparel Retail,Consumer Cyclical,LULU
2017Q3,2017,Q3,2016-12-07,2016-10-30,68285000.0,544416000.0,92975000.0,0.5,278426000.0,0.511421413,1478940000.0,1204469000.0,1022910000.0,212708000.0,274471000.0,364514000.0,1158834000.0,7845139250.0,7364753250.0,8.789627316047959,4.808986968050097,0.0,0.0,0.0563126682281949,8.789627316047959,0.056693032365299566,14.41019229780168,28.722044555905395,6.513359206422083,0.0,0.7297113416768629,0.0,0.3681122966448943,2.31442164845704,0.0461715823495206,-208.8472806410393,0.5114214130370893,0.282051282051282,0.8415939175227264,1.4741640722191443,1.4019000453665664,0.0954709809923631,0.27337995337995336,0.2571154288186698,0.09383972458009998,0.5176222698806485,0.22324476975035465,Apparel Retail,Consumer Cyclical,LULU
2017Q2,2017,Q2,2016-09-01,2016-07-31,53625000.0,514520000.0,73959000.0,0.39,254161000.0,0.4939769105,1415501000.0,1156202000.0,962683000.0,197438000.0,259299000.0,277279000.0,1090549000.0,10730191710.0,10194841710.0,8.44023155481907,4.87587495821473,0.0,0.0,0.04602064595889207,8.44023155481907,0.046380303787746435,20.85476115602892,50.02420377622377,9.280551071525565,0.0,0.9389784296683125,0.0,0.3634896760934821,2.7631256394412422,0.03788411311613344,686.2052637974036,0.49397691051854153,0.1818181818181818,0.46024284295926526,1.5325419902306567,1.4391515961851444,0.06285257871208669,0.18283483324510322,0.28425567382659883,0.003994106142057288,0.5788462399660422,0.24814911783437363,Apparel Retail,Consumer Cyclical,LULU
2017Q1,2017,Q1,2016-06-08,2016-05-01,45336000.0,495516000.0,57589000.0,0.33,239131000.0,0.4825898659,1401655000.0,1136225000.0,971193000.0,202428000.0,265430000.0,286230000.0,1049430000.0,9158187360.0,8608141360.0,8.277722328668323,4.797720671053412,0.0,0.0,0.040240138891186716,8.277722328668323,0.039900547866839754,18.48212239362604,50.50173901535204,8.06018821976281,0.0,0.8957307060755336,0.0,0.35352208639073096,2.7641828205584207,0.03234462117996226,699.6323422459893,0.4825898659175486,-0.611764705882353,0.412908433748379,1.7591821000003984,1.615523766781146,-0.3253786671255716,-0.613885671458745,-0.6536687454520306,0.009334633784319252,0.5083966476214294,0.2859190562873972,Apparel Retail,Consumer Cyclical,LULU
2016Q4,2016,Q4,2016-03-30,2016-01-31,117416000.0,704276000.0,166283000.0,0.85,354467000.0,0.5033069422,1314077000.0,1027482000.0,917039000.0,225504000.0,286595000.0,284009000.0,1019515000.0,8397782320.0,7896300320.0,7.44142356383441,4.066619660848588,0.0,0.0,0.11363447081725714,7.44142356383441,0.11427548122497523,11.923993320800369,17.880404544525447,8.173167335291518,0.0,1.2316827987845456,0.0,0.535947284672055,2.281955087271179,0.08935245042718197,35.377852334291035,0.5033069421647195,1.2368421052631577,1.2266256784431433,1.9805818628812415,1.733427783707672,0.5768315413461923,1.209019246326642,1.4389539147525594,0.1366804501040835,0.5360051436904509,0.2261212117139665,Apparel Retail,Consumer Cyclical,LULU
2016Q3,2016,Q3,2015-12-09,2015-11-01,53153000.0,479693000.0,68178000.0,0.38,224797000.0,0.4686268092,1321559000.0,1059959000.0,928504000.0,208328000.0,261600000.0,357753000.0,1003331000.0,7165604560.0,6762158560.0,7.555915940747922,4.456933297492416,0.0,0.0,0.05236602478588447,7.555915940747922,0.050146279242876374,14.93789686320209,33.7027287265065,6.760265783865225,0.0,0.7124915793857773,0.0,0.3629750922962955,1.9964143082062902,0.04021992207688041,-145.74901472622244,0.46862680923007005,0.11764705882352934,1.091629442694701,1.7596340627968639,2.3276624481514836,0.06023817945996934,0.11506671142065956,0.024016581805073673,-0.04767688704909291,0.5562211606978162,0.4176254396224165,Apparel Retail,Consumer Cyclical,LULU
2016Q2,2016,Q2,2015-09-10,2015-08-02,47668000.0,453010000.0,66579000.0,0.34,212025000.0,0.4680360257,1294221000.0,1095468000.0,918269000.0,148108000.0,198753000.0,280607000.0,1035903000.0,8746685640.0,8205423640.0,7.748832866479925,6.199995948902153,0.0,0.0,0.04297039174380429,7.748832866479925,0.043513822402845174,19.307930597558553,45.87294222539229,7.984428244366791,0.0,0.8587989608242133,0.0,0.3500252275306922,3.7369419612715045,0.03683142214505869,-336.9163606948885,0.468036025694797,0.0,1.1915549099836913,1.9818982877413758,2.7930862791190605,0.02986249071047276,-0.002970089939343234,-0.021415133164795108,-0.15164322329398694,0.6322926299890895,0.5478979830877455,Apparel Retail,Consumer Cyclical,LULU
2016Q1,2016,Q1,2015-06-09,2015-05-03,47810000.0,423544000.0,68036000.0,0.34,205877000.0,0.4860817294,1337716000.0,1145011000.0,972792000.0,143482000.0,192705000.0,236499000.0,1050016000.0,9193782920.0,8537901920.0,8.065332084216754,6.7798887665351755,0.0,0.0,0.04143290430343668,8.065332084216754,0.04175505737499465,21.706795327049846,48.074581259150804,8.029427595018738,0.0,0.9203717563287794,0.0,0.3166172790039141,4.663776640972387,0.035740022545891655,-1314.1485020011435,0.4860817294070982,-0.5641025641025641,1.4275589696437507,2.0459790688441997,3.2525234119525206,-0.33596846868639957,-0.5687081089370608,-0.5671679771992773,0.037373469526304735,0.5003555964979832,0.7340561740326378,Apparel Retail,Consumer Cyclical,LULU
2015Q4,2015,Q4,2015-03-26,2015-02-01,110853000.0,602491000.0,157188000.0,0.78,310041000.0,0.5145985583,1296213000.0,1089568000.0,951012000.0,159881000.0,206645000.0,208116000.0,1020619000.0,9303774480.0,8639295480.0,7.67306812019803,5.948249010201337,0.0,0.0,0.1006169372390761,7.67306812019803,0.1017403227701254,15.442180015967043,20.982234310302832,8.53895716467444,0.0,1.405225931691941,0.0,0.46480863870366984,4.24206128307929,0.08552066674227153,79.35124249454148,0.5145985583187135,0.8571428571428573,2.9017930036154937,2.7566705339366844,3.680707168746503,0.4687760554839688,0.8337661907991597,0.9368623391985805,0.546072501949144,0.6628169956116748,0.8577374526100694,Apparel Retail,Consumer Cyclical,LULU
2015Q3,2015,Q3,2014-12-11,2014-11-02,60451000.0,419396000.0,81156000.0,0.42,211088000.0,0.5033142901,1284487000.0,1085261000.0,944657000.0,147750000.0,199226000.0,229861000.0,926369000.0,6003537400.0,5369955400.0,7.57969688503981,6.3936175972927245,0.0,0.0,0.05448398145261951,7.57969688503981,0.055701808136475926,14.314722601073925,24.82811450596351,5.531883482406537,0.0,0.9062346374548097,0.0,0.32650855944824664,4.360751269035533,0.04706236808936175,1074.939552372426,0.5033142900742973,0.2727272727272726,3.218366804215535,2.647020250961353,4.531633262724238,0.06984546924336187,0.24007138754410437,0.1954395474899835,0.5603242392150436,0.824167472730311,1.0712680569291393,Apparel Retail,Consumer Cyclical,LULU
2015Q2,2015,Q2,2014-09-11,2014-08-03,48748000.0,390708000.0,67888000.0,0.33,197307000.0,0.5049986179,1297920000.0,1126667000.0,974102000.0,114900000.0,171253000.0,176502000.0,937767000.0,5589430000.0,4864357000.0,7.760483537677366,8.477824194952133,0.0,0.0,0.04209550514751619,7.760483537677366,0.04326744282028319,14.305901082138067,28.664919586444572,4.961031076618024,0.0,1.0957439575755517,0.0,0.3010262573964497,6.387362924281985,0.037558555226824455,212.08233731739708,0.50499861789367,1.5384615384615385,4.081540258384391,2.8526797140923477,5.1309393264413785,0.007984919077979402,1.568252462989305,-0.02740648414779158,0.25252714369395435,0.8145931217038611,1.2427104855063493,Apparel Retail,Consumer Cyclical,LULU
2015Q1,2015,Q1,2014-06-12,2014-05-04,18981000.0,384618000.0,69801000.0,0.13,195744000.0,0.5089309393,1290957000.0,1128381000.0,981383000.0,105483000.0,162576000.0,177375000.0,942803000.0,6625103310.0,5873138310.0,7.761437031840036,9.303707706455068,0.0,0.0,0.01643460260624925,7.761437031840036,0.016821445947778277,17.22515147496997,87.25967164532955,5.871335400011167,0.0,1.064828752642706,0.0,0.29793246405573537,7.203189139482191,0.014703045879916991,145.5171171586716,0.508930939269613,-0.8266666666666667,1.8095135689850568,3.5429742690594357,5.469570814523963,-0.2978801248251372,-0.8269609451919921,-0.5471789914821567,-0.4414915255535168,1.022051195371653,1.4523923629144881,Apparel Retail,Consumer Cyclical,LULU
2014Q4,2014,Q4,2014-03-27,2014-02-02,109692000.0,520993000.0,154147000.0,0.75,278790000.0,0.5351127558,1249688000.0,1096682000.0,942839000.0,113514000.0,153006000.0,186090000.0,923822000.0,6503623300.0,5804974300.0,7.551086170688883,8.305927022217524,0.0,0.0,0.09904568287936706,7.551086170688883,0.10002170182422981,12.483129907695497,14.822464947307004,5.930272677038558,0.0,1.3015368907517868,0.0,0.4168984578550806,6.259597935056469,0.08777550876698824,43.62798215603408,0.5351127558335717,0.6666666666666666,8.459361366220072,3.7290043395241668,5.680966591249545,0.36257001260960087,0.6592095112764895,0.6694138797435453,0.9776152171406683,1.0962204902658506,1.773709702058167,Apparel Retail,Consumer Cyclical,LULU
2014Q3,2014,Q3,2013-12-12,2013-11-03,66111000.0,379900000.0,92336000.0,0.45,204606000.0,0.5385785733,1174554000.0,1042760000.0,880591000.0,94614000.0,131794000.0,206154000.0,814130000.0,10061169600.0,9460424600.0,7.185501653803748,9.307195552455239,0.0,0.0,0.0624178082375747,7.185501653803748,0.06340001534389504,26.483731508291655,38.046503607569086,9.648595650005754,0.0,0.850306081861133,0.0,0.3234419192306186,6.477371213562475,0.05628604559688188,-2480.56449704142,0.5385785733087655,0.15384615384615383,6.136056013160586,3.1599397492631516,6.086368759102984,0.10029845930467049,0.17083148853271937,0.16901729420403616,1.5148111120734686,1.1126720595595125,2.16453017900121,Apparel Retail,Consumer Cyclical,LULU
2014Q2,2014,Q2,2013-09-12,2013-08-04,56465000.0,344513000.0,78986000.0,0.39,185955000.0,0.5397619248,1114122000.0,979288000.0,838140000.0,100941000.0,134834000.0,163004000.0,748018000.0,10649915720.0,10039642720.0,6.762198069300777,8.303266264451512,0.0,0.0,0.05672914617100844,6.762198069300777,0.0576592381403632,30.91295747910819,47.15273054104313,10.875162076937531,0.0,0.9727245957154426,0.0,0.3092237654404096,6.160727553719499,0.05068116418130151,467.9636048861939,0.5397619248039986,0.21875000000000003,3.764277689373086,2.790672831258294,5.7475994033113045,0.08920779030604774,0.19429344952304406,0.1987736951539711,1.5342275911296754,1.2137649531289956,2.3101243961920765,Apparel Retail,Consumer Cyclical,LULU
2014Q1,2014,Q1,2013-06-10,2013-05-05,47279000.0,345782000.0,65889000.0,0.32,170725000.0,0.4937359377,1053476000.0,930060000.0,781619000.0,92326000.0,123416000.0,143712000.0,691554000.0,10749460800.0,10161042800.0,6.437203250231863,8.465860104412625,0.0,0.0,0.04970210419388191,6.437203250231863,0.050834354772810356,31.087392634665772,56.840567693902166,11.557814334559062,0.0,1.2181098307726563,0.0,0.3282295942195171,6.457249312219743,0.0448790480276722,2584.626304400096,0.49373593767171225,-0.5733333333333334,4.225445930176889,3.144214247753785,6.16679270981597,-0.37806686168294434,-0.5677348571428571,-0.5681533671964608,1.3588101467096823,1.4434554378777786,2.394076926190976,Apparel Retail,Consumer Cyclical,LULU
2013Q4,2013,Q4,2013-03-21,2013-02-03,109375000.0,485489000.0,152575000.0,0.75,274507000.0,0.5654237274,1051078000.0,887299000.0,787053000.0,133357000.0,163779000.0,155222000.0,644275000.0,9769083999.999998,9178904999.999998,6.0690766073871405,5.9018499216389095,0.0,0.0,0.12210135911634992,6.0690766073871405,0.12326735407117556,20.122153128083227,22.329334857142857,11.009912104037083,0.0,1.359227429101545,0.0,0.4618962626941102,4.473181010370659,0.10405983190590994,67.05621031677934,0.565423727417099,0.923076923076923,6.235897327822761,3.4647983448675994,6.654466106124998,0.5659269823160297,0.9082804103566194,0.8927317611740333,2.7391488502973,1.94015246767233,2.702243996647268,Apparel Retail,Consumer Cyclical,LULU
2013Q3,2013,Q3,2012-12-06,2012-10-28,57316000.0,316537000.0,80611000.0,0.39,175300000.0,0.5538057162,888781000.0,767821000.0,641084000.0,91190000.0,120960000.0,164726000.0,534900000.0,9722406930.0,9282983930.0,5.329980493832302,7.030200679899112,0.0,0.0,0.07343374621270218,5.329980493832302,0.0746476066687418,30.714914622935076,42.40703699665015,12.662335270850889,0.0,0.8574056311693358,0.0,0.3561473523848957,4.90694155060862,0.06448832727072248,581.3098313901345,0.5538057162353848,0.0,6.09360420184581,3.48274474499423,6.370953486902593,0.12548553818497,0.0016427248261158295,0.14850116829087592,2.9752524782622007,1.7358127206449114,2.889799003380499,Apparel Retail,Consumer Cyclical,LULU
2013Q2,2013,Q2,2012-09-07,2012-07-29,57222000.0,282634000.0,70188000.0,0.39,155755000.0,0.5510837337,829138000.0,720729000.0,603525000.0,74976000.0,102793000.0,125378000.0,477584000.0,8593688680.0,8149402680.0,5.006035895868641,8.04957586427657,0.0,0.0,0.0787523301435501,5.006035895868641,0.07939461295438369,30.405714386804135,37.54538761315578,11.923606071075257,0.0,1.0119717972850102,0.0,0.34087691071932535,6.014257895860008,0.06901384329267263,405.01878970685266,0.5510837337333796,0.21875000000000003,9.12267112645978,3.3641413865202483,11.446920258927076,-0.009595330145487841,0.22680788113972086,-0.03937589817285978,5.014926925247244,1.8103716880831138,2.95486984729098,Apparel Retail,Consumer Cyclical,LULU
2013Q1,2013,Q1,2012-06-07,2012-04-29,46643000.0,285698000.0,73065000.0,0.32,157264000.0,0.550455376,770619000.0,668266000.0,558105000.0,70834000.0,97217000.0,107679000.0,420362000.0,10652286920.0,10227956920.0,4.651136569272958,7.879055255950532,0.0,0.0,0.0694276703254118,4.651136569272958,0.06979705686059144,37.28512947237993,57.094777994554384,15.940189864515029,0.0,1.1927488182468262,0.0,0.3707383285384866,6.058926504221136,0.060526667523121025,3271.586891891892,0.5504553759564296,-0.36,7.271586856357068,3.0067297675711124,8.43497446228306,-0.24760546938541178,-0.36555673440517966,-0.37049290496006615,5.985892089826633,2.414610915659034,2.87696985487231,Apparel Retail,Consumer Cyclical,LULU
2012Q4,2012,Q4,2012-03-22,2012-01-29,73518000.0,371520000.0,116067000.0,0.5,209018000.0,0.5626022825,734634000.0,601376000.0,527093000.0,103439000.0,128453000.0,104097000.0,373719000.0,9191728000.0,8782291000.0,4.130329670329671,5.095689246802463,0.0,0.0,0.12246395306475731,4.130329670329671,0.12224964082371095,24.74086993970715,31.256726243913057,15.284494226573724,0.0,1.5610632390943062,0.0,0.5057212162791267,4.008536432100079,0.10007432272396867,68.52952403674102,0.5626022825150732,0.8518518518518517,29.243939537749323,4.679271748463397,8.895135282782562,0.6266498568048811,0.8950868691034696,0.9434872155523183,5.323979590778309,2.3637982203855725,2.65438745030264,Apparel Retail,Consumer Cyclical,LULU
2012Q3,2012,Q3,2011-12-01,2011-10-30,38794000.0,230216000.0,59721000.0,0.27,128496000.0,0.5581540814,636070000.0,524655000.0,427816000.0,82514000.0,106980000.0,129169000.0,300201000.0,8097537600.0,7820591600.0,3.6594475831763966,5.184768645320794,0.0,0.0,0.07346069777242413,3.6594475831763966,0.07394192374036271,35.17365256976057,52.182925194617724,15.434023501157903,0.0,0.7874954516950662,0.0,0.36193500715330074,3.4874081973968054,0.060990142594368545,540.8815443190167,0.558154081384439,0.03846153846153849,15.207361852454275,2.5739547145720465,0.0,0.05262468051641654,0.010813205138226634,0.00400114318376679,3.238557409292386,1.5516566486962948,2.6089609714679503,Apparel Retail,Consumer Cyclical,LULU
2012Q2,2012,Q2,2011-09-09,2011-07-31,38379000.0,212323000.0,59483000.0,0.26,122072000.0,0.5749353579,586461000.0,495389000.0,383972000.0,64958000.0,86784000.0,88884000.0,261407000.0,8897580450.0,8632852450.0,3.460314466726738,5.911081006188614,0.0,0.0,0.07718028165731056,3.460314466726738,0.07747245094259259,41.905871949812315,57.95865219260532,17.96079535476161,0.0,1.0153795958777734,0.0,0.3620411246442645,4.2250069275531885,0.06544169177490063,6442.853330919624,0.5749353579216571,0.13043478260869565,15.057166709386662,2.3009434030036657,0.0,0.11294263520659349,0.15003595828838548,0.15083096329831486,2.275692631001727,1.363194596441223,2.452844118387251,Apparel Retail,Consumer Cyclical,LULU
2012Q1,2012,Q1,2011-06-10,2011-05-01,33372000.0,186780000.0,51687000.0,0.23,109684000.0,0.5872363208,536460000.0,451813000.0,349988000.0,58990000.0,80599000.0,64423000.0,223028000.0,6877463000.0,6616592000.0,3.164843093303446,5.933005594168503,0.0,0.0,0.07290601421237212,3.164843093303446,0.07386241653073285,36.82119605953528,51.521207898837346,15.22192367196163,0.0,1.1967154587647268,0.0,0.348171345487082,4.628242074927954,0.06220780673302762,-99.41978431826067,0.5872363208052254,-0.39473684210526316,5.5803726006766095,3.157095420578336,0.0,-0.23543844974208838,-0.3906438301135741,-0.2750568038374148,2.7328841900267995,1.265569524510858,2.5235448574629955,Apparel Retail,Consumer Cyclical,LULU
2011Q4,2011,Q4,2011-03-17,2011-01-30,54766000.0,245399000.0,71298000.0,0.38,143460000.0,0.5845989592,499302000.0,390389000.0,389279000.0,85364000.0,105009000.0,57469000.0,189656000.0,4924356000.000001,4608070000.000001,2.7223779637377965,4.56022445058807,0.0,0.0,0.13973771284763123,2.7223779637377965,0.14028571501758502,20.066732138272776,22.47907460833364,12.613972217454899,0.0,1.7738084880544294,0.0,0.4914841118201009,3.811934773440795,0.10968512042811765,58.85309302992639,0.5845989592459627,1.1111111111111112,97.12711699611188,6.2861780132319796,7.6906104832491184,0.481535029742234,1.1308898486440215,0.6825089673400038,2.693886723361316,1.300877324881747,2.4335288874305183,Apparel Retail,Consumer Cyclical,LULU
2011Q3,2011,Q3,2010-12-09,2010-10-31,25701000.0,175800000.0,42376000.0,0.18,96832000.0,0.5508077361,418972000.0,322149000.0,311717000.0,64276000.0,92299000.0,73023000.0,134890000.0,3172347360.0,2947572360.0,2.270637739998308,4.849663949218993,0.0,0.0,0.08033371339417805,2.270637739998308,0.07977985342186379,18.045206825938568,30.85820940819423,9.847453693787658,0.0,1.0814127055859113,0.0,0.41959844571952304,3.6389321052959116,0.06134300144162379,73.80126462719554,0.5508077360637088,0.2,45.544487704538305,4.275772689081356,0.0,0.2059079927270916,0.17937775330396477,0.2375083958765295,2.2297323310004056,1.5279229315993803,2.1401175269779036,Apparel Retail,Consumer Cyclical,LULU
2011Q2,2011,Q2,2010-09-10,2010-08-01,21792000.0,152208000.0,34243000.0,0.15,80298000.0,0.5275543992,363696000.0,289354000.0,259050000.0,46713000.0,70382000.0,66520000.0,109189000.0,2936905400.0,2758733400.0,2.0428833662807118,5.545565474279108,0.0,0.0,0.0706996000816114,2.0428833662807118,0.07531259287931047,19.295341900557133,33.69247200807636,10.149869709767273,0.0,1.081028262176789,0.0,0.41850336544806654,3.982253334189626,0.05991817341955919,771.8542444152431,0.527554399243141,0.07142857142857129,38.53104915934802,3.5753856058873357,0.0,0.07989832833492476,0.11251786808249949,0.05447434870973702,2.918513111114497,1.3889332009520252,4.079389538410884,Apparel Retail,Consumer Cyclical,LULU
2011Q1,2011,Q1,2010-06-10,2010-05-02,19588000.0,138297000.0,32474000.0,0.14,74357000.0,0.5376616991,333090000.0,267796000.0,239443000.0,46797000.0,65294000.0,50750000.0,87397000.0,2933388450.0,2759748450.0,1.8965991019702828,5.116631407996239,0.0,0.0,0.07278437865585623,1.8965991019702828,0.07314522995115685,21.210788737282805,37.43859059117827,10.953817271355808,0.0,1.2599014778325124,0.0,0.41519409168693144,3.906596576703635,0.0588069290582125,438.211599940245,0.5376616990968712,-0.3,34.64418743476146,3.1702333238361615,0.0,-0.14097735674676526,-0.3115180485747425,-0.2162664414142633,2.534713209016937,0.9735918384729608,2.8473099694588755,Apparel Retail,Consumer Cyclical,LULU
2010Q4,2010,Q4,2010-03-25,2010-01-31,28451000.0,160606000.0,41435000.0,0.2,86560000.0,0.5389586939,307258000.0,233108000.0,216410000.0,58678000.0,74150000.0,44070000.0,67809000.0,2015685000.0,1856112000.0,1.63929676511955,3.6880943454105455,0.0,0.0,0.1218566231822928,1.63929676511955,0.12205072326990064,12.550496245470281,17.711899405996274,8.647000531942275,0.0,1.6801906058543226,0.0,0.5227073013558639,2.859862299328539,0.09259644988901836,33.38719295049111,0.538958693946677,1.0,50.407337081067624,3.80881765793803,4.233104969944749,0.5364407682203841,1.0223912425362525,0.9800726369110198,10.984060463125145,1.5138189523759111,2.9273047321162284,Apparel Retail,Consumer Cyclical,LULU
2010Q3,2010,Q3,2009-12-09,2009-11-01,14068000.0,112891000.0,20926000.0,0.1,56338000.0,0.499047754,246768000.0,192599000.0,166068000.0,39447000.0,54169000.0,52103000.0,39358000.0,1735188510.0,1633356510.0,1.3702457348567851,4.209901893680128,0.0,0.0,0.07305342764166492,1.3702457348567851,0.07304295453247421,15.370476920215074,30.83573553454649,9.009332914501114,0.0,1.0854077500335872,0.0,0.45747827919341244,2.746647400309276,0.05700901251377812,94.0328678263697,0.49904775402822193,0.5384615384615385,24.716032104525585,2.419636086071364,0.0,0.24740944114781685,0.5218520121159671,0.4600893106335473,4.99491242128159,0.7876215350367014,0.0,Apparel Retail,Consumer Cyclical,LULU
2010Q2,2010,Q2,2009-09-10,2009-08-02,9244000.0,97721000.0,14332000.0,0.065,45164000.0,0.4621729209,225826000.0,177079000.0,142732000.0,35268000.0,48747000.0,46542000.0,25290000.0,1308027600.0,1224230600.0,1.2657903013667295,4.047068163774527,0.0,0.0,0.052119048522874516,1.2657903013667295,0.052202689195217956,13.385327616377237,35.37504327131112,7.386689556638562,0.0,1.1292381075157922,0.0,0.43272696677973305,2.5401497107859816,0.04093417055609186,57.972237734343835,0.46217292086654865,0.44444444444444453,15.977815446009728,1.97412176876715,0.0,0.29228304100260377,0.4182264498312366,0.45458236070232416,2.9578624062146237,0.5547280435262814,0.0,Apparel Retail,Consumer Cyclical,LULU
2010Q1,2010,Q1,2009-06-11,2009-05-03,6518000.0,81680000.0,9853000.0,0.045,34949000.0,0.4278770813,207786000.0,168270000.0,113909000.0,27375000.0,39516000.0,44635000.0,16046000.0,1047055830.0,987784830.0,1.199683449544424,4.161059360730594,0.0,0.0,0.03843113070607349,1.199683449544424,0.038735365781185,12.81899889813908,40.160165311445226,6.222474772686754,0.0,1.0469586647249916,0.0,0.39309674376521997,2.306447488584475,0.03136881214326278,3966.1205681818183,0.4278770812928501,-0.4346733668341709,10.939922214526486,1.4794299453566568,0.0,-0.32350083835065213,-0.4041294251366512,-0.3858648183314833,0.30812461739453445,0.8502987837073472,0.0,Apparel Retail,Consumer Cyclical,LULU
2009Q4,2009,Q4,2009-03-27,2009-02-01,10938617.0,103922947.0,16043699.0,0.0796,51661557.0,0.4971140493,211636369.0,154842685.0,116987928.0,45334917.0,56793684.0,52050891.0,9528271.0,454840000.0,398043019.0,1.1302385766423357,2.580525911186735,0.0,0.0,0.06974831861962183,1.1302385766423357,0.07064342109541694,4.376704213363002,10.395281231621876,2.9374329178029948,0.0,1.0040440998406732,0.0,0.4910448402183653,1.3417034159343448,0.05168590375881945,67.42044035253579,0.4971140493157878,0.22461538461538463,19.51488174229656,2.229736018512137,2.60804537561504,0.23316228635528435,0.23872445529717348,0.22889427925346412,19.51488174229656,2.229736018512137,2.60804537561504,Apparel Retail,Consumer Cyclical,LULU
2009Q3,2009,Q3,2008-12-11,2008-11-02,8830549.0,87047135.0,13055394.0,0.065,41893559.0,0.4812744153,198018651.0,140259680.0,107486691.0,46770373.0,57758971.0,49062264.0,-11160212.0,853462930.08,801423536.08,1.0139892373754076,2.2981790416766614,0.0,0.0,0.06226791624827851,1.0139892373754076,0.06295857084516376,9.804606780912433,24.162227345094852,6.08487720833243,0.0,0.9203320906674832,0.0,0.43959058684830654,1.1983211893563475,0.04459453165348551,116.86939241571653,0.48127441529235854,-0.1875,15.402701249719831,1.6793603332316578,0.0,-0.055948836728740625,-0.20784752721610164,-0.1600857246417557,15.402701249719831,1.6793603332316578,0.0,Apparel Retail,Consumer Cyclical,LULU
2009Q2,2009,Q2,2008-09-11,2008-08-03,11147537.0,85484223.0,15543722.0,0.08,44376365.0,0.5191176037,174468934.0,136507904.0,98190630.0,28215634.0,37961030.0,43433339.0,-10211029.0,1424790092.92,1381054859.92,1.0021635347798372,3.480007927519899,0.0,0.0,0.08918251936130901,1.0021635347798372,0.08166220909816328,16.6672871661944,31.95302453178671,10.43741828253403,0.0,0.9464586178833729,0.0,0.48996816246954317,1.7097070368860043,0.0638941085064462,132.87960089211253,0.5191176037243738,0.3333333333333334,20.02746355641284,1.672039701722833,0.0,0.06873136566132423,0.31512790232634413,0.32617139058263256,20.02746355641284,1.672039701722833,0.0,Apparel Retail,Consumer Cyclical,LULU
2009Q1,2009,Q1,2008-06-02,2008-05-04,8476390.0,78167494.0,11720749.0,0.06,41522469.0,0.5311986719,159324188.0,121577198.0,96875188.0,30201266.0,37490426.0,55047970.0,-21358566.0,2211051661.83,2176990019.83,0.8981986100163288,3.2076532155969883,0.0,0.0,0.06668463500152806,0.8981986100163288,0.06972022829478271,28.28607581854933,65.21206733733347,18.18640088933453,0.0,0.6656925768561492,0.0,0.4906191268333971,1.2714679245565401,0.053202154088492826,-117.20932246801972,0.5311986719185343,-0.4000000000000001,15.09008534693439,1.458796452878752,0.0,-0.2633150678150722,-0.4197829707565864,-0.4593106771613355,15.09008534693439,1.458796452878752,0.0,Apparel Retail,Consumer Cyclical,LULU
2008Q4,2008,Q4,2008-04-08,2008-02-03,14608999.0,105092648.0,21677419.0,0.1,56363945.0,0.5363262423,155092142.0,112034009.0,97906418.0,35821551.0,42739309.0,39092208.0,-29834956.0,2402100000.0,2348760674.0,0.7928804600141542,2.7331708222237503,0.0,0.0,0.12768257705487834,0.7928804600141542,0.13039789551760125,22.856974733380017,41.10651249959015,21.44081088805811,0.0,1.2465067974671578,0.0,0.6776142662340687,1.6127409446899716,0.0941956105035934,140.3777512046446,0.5363262423457062,0.8181818181818182,25.564733665362485,2.1666955619228645,1.5311016065901628,0.5708830888824601,0.9300133947615504,0.8324528678934968,25.564733665362485,2.1666955619228645,1.5311016065901628,Apparel Retail,Consumer Cyclical,LULU
2008Q3,2008,Q3,2007-11-29,2007-10-31,7569377.0,66150280.0,11829728.0,0.055,35880420.0,0.5424076814,141175731.0,97586003.0,92379162.0,35941044.0,43115078.0,49694303.0,-44443956.0,3591124449.84,3554799822.84,0.7231059731014604,2.5702971232555183,0.0,0.0,0.07408034663476942,0.7231059731014604,0.0775662161304014,54.28736582581359,118.60700193159886,36.79958538562134,0.0,0.6091213312721179,0.0,0.46856693803837995,1.1367801948101453,0.053616701301160606,-401.31411568062407,0.5424076814187332,0.5714285714285713,13.411252368434264,1.0869990232429478,0.0,0.14828815858019478,0.47781725022149557,0.2108804459909314,13.411252368434264,1.0869990232429478,0.0,Apparel Retail,Consumer Cyclical,LULU
2008Q2,2008,Q2,2007-09-10,2007-07-31,5121998.0,58680944.0,9769526.0,0.035,31246878.0,0.5324876505,83497886.0,52466439.0,38278838.0,25135463.0,30528288.0,23848113.0,-52013331.0,2087226208.0,2077499655.0,0.4021907260374914,1.5229016469678716,0.0,0.0,0.09540493330436478,0.4021907260374914,0.09762427368093345,35.569063237973815,101.87558683154504,39.782120680993806,0.0,1.1503663203876968,0.0,0.7027835890360147,0.5245259655650664,0.06134284645242396,234.79736079021055,0.5324876505054179,0.4000000000000001,9.088277884594003,0.9152421692092424,0.0,0.3698216335955032,0.4460493785683654,0.4265976259212369,9.088277884594003,0.9152421692092424,0.0,Apparel Retail,Consumer Cyclical,LULU
2008Q1,2008,Q1,2007-04-30,2007-04-30,3542063.0,44789456.0,6848130.0,0.025,22810910.0,0.5092919637,69034484.0,44490499.0,34599715.0,21367036.0,23976625.0,25405576.0,-57135332.0,1263504956.0,1260567130.0,0.4929675843709156,1.6193034448016093,0.021073163956726322,0.032698554358763204,0.07514440452468117,0.4929675843709156,0.07961391936736875,28.2098750205852,89.17860551887416,28.399433236296137,0.0,0.8651071717484382,0.0,0.648798302019611,0.3716233266981906,0.05130860397247266,-146.27069152019973,0.5092919637157459,0.49700598802395224,9.08403944734026,1.1130171104998192,0.0,-0.43304043413700105,1.3691905030728029,1.07408375907878,9.08403944734026,1.1130171104998192,0.0,Apparel Retail,Consumer Cyclical,LULU
2007Q4,2007,Q4,2007-01-31,2007-01-31,1495052.0,40233751.0,-92437669.0,0.0167,40233751.0,1.0,71854538.0,37378798.0,48492743.0,31284037.0,33908041.0,26628113.0,-60677395.0,1253690648.0,1237662114.0,0.4174101265211001,1.5500794542596916,0.0,0.0,,0.4174101265211001,0.039997326826828404,31.160173159097198,209.63997372666634,33.54015418045278,,0.0,,0.5599333336469299,0.5855765673720434,0.020806646895426426,0.0,1.0,0.6699999999999999,3.2896426665442466,0.9129530602802657,0.33249272131854424,0.0,0.0,-3.2975155610025024,3.2896426665442466,0.9129530602802657,0.33249272131854424,Apparel Retail,Consumer Cyclical,LULU
2007Q3,2007,Q3,2006-10-31,2006-10-31,1495052.0,40233751.0,40233751.0,0.01,40233751.0,1.0,,,,,,,,,,,,,,,,,,,,,,,,,,,,,,,,,,,,,,Apparel Retail,Consumer Cyclical,LULU
2007Q2,2007,Q2,2006-07-31,2006-07-31,1495052.0,40233751.0,40233751.0,0.01,40233751.0,1.0,,,,,,,,,,,,,,,,,,,,,,,,,,,,,,,,,,,,,,Apparel Retail,Consumer Cyclical,LULU
2007Q1,2007,Q1,2006-04-30,2006-04-30,3181175.0,28183582.0,28183582.0,0.035,28183582.0,1.0,,,,,,,,,,,,,,,,,,,,,,,,,,,,,,,,,,,,,,Apparel Retail,Consumer Cyclical,LULU
