Quarters,Year,Quarter,FillingDate,Date,NetIncome,Revenue,OperatingIncome,EPSDiluted,GrossProfit,GrossProfitRatio,TotalAssets,CommonStockEquity,CurrentAssets,CurrentLiability,TotalLiability,Inventory,RetainedEarnings,MarketCap,EnterpriseValue,bookValuePerShare,currentRatio,debtToAssets,debtToEquity,roic,shareholdersEquityPerShare,roe,priceToSalesRatio,peRatio,pbRatio,payoutRatio,inventoryTurnover,dividendYield,assetTurnover,quickRatio,returnOnAssets,priceToFreeCashFlowsRatio,grossProfitMargin,epsdilutedGrowth,fiveYNetIncomeGrowthPerShare,fiveYRevenueGrowthPerShare,fiveYShareholdersEquityGrowthPerShare,grossProfitGrowth,netIncomeGrowth,operatingIncomeGrowth,threeYNetIncomeGrowthPerShare,threeYRevenueGrowthPerShare,threeYShareholdersEquityGrowthPerShare,Industry,Sector,Symbol
2023Q1,2023,Q1,2023-04-28,2023-03-31,337000000.0,4471000000.0,475000000.0,1.76,1166000000.0,0.2607917692,35507000000.0,18306000000.0,7000000000.0,6151000000.0,17099000000.0,1541000000.0,2998000000.0,37324848000.0,46547848000.0,96.24605678233438,1.1380263371809463,0.2751006843720956,0.5335955424451,0.014984984305898596,96.24605678233438,0.01840926472194909,8.348210243793336,27.68905637982196,2.038940675188463,0.6528189910979229,2.144711226476314,0.00589419680958915,0.12591883290618752,0.8276702975125996,0.009491086264680204,133.7808172043011,0.26079176917915453,-0.14146341463414627,0.04369843736103926,0.7750059014141932,2.632621333448642,-0.07606973058637084,-0.18990384615384615,-0.24,0.7742686572950133,0.1042013026540883,-0.04492336565890674,Aerospace & Defense,Industrials,LHX
2022Q4,2022,Q4,2023-02-24,2022-12-30,416000000.0,4578000000.0,625000000.0,2.05,1262000000.0,0.2756662298,33524000000.0,18523000000.0,6754000000.0,5776000000.0,14900000000.0,1291000000.0,2943000000.0,41912673000.0,48818673000.0,92.01689021361153,1.1693213296398892,0.23225152129817445,0.42034227716892514,0.01807680169791887,92.01689021361153,0.022458565027263403,9.155236566186108,25.187904447115386,2.2627367597041514,0.5144230769230769,2.5685515104570102,0.005105854260357004,0.1365588831881637,0.893005540166205,0.012409020403293163,58.94890717299578,0.27566622979467015,2.305732484076433,0.7617858023566241,0.7556663446555045,2.6419510655687932,0.05695142378559464,2.382059800664452,0.13430127041742287,0.15633117560285612,0.034976090840003526,-0.10415220445507699,Aerospace & Defense,Industrials,LHX
2022Q3,2022,Q3,2022-10-31,2022-09-30,-301000000.0,4246000000.0,551000000.0,-1.57,1194000000.0,0.2812058408,33381000000.0,18337000000.0,6431000000.0,5853000000.0,14942000000.0,1339000000.0,2768000000.0,39757879000.0,47005879000.0,95.8546785154208,1.0987527763540066,0.2329768431143465,0.4241151769646071,0.019236374471553824,95.8546785154208,-0.016414898838414134,9.363607866227037,-33.02149418604652,2.168177946228936,-0.7142857142857143,2.279312920089619,0.005407733143913436,0.12719810670740841,0.8279514778745942,-0.009017105539079117,75.87381488549619,0.28120584079133304,-1.6487603305785126,-2.163958271778904,0.8708312662384865,2.8219927054525002,-0.02768729641693811,-1.6390658174097665,-0.06925675675675676,-1.8164308247946512,0.11503482037344875,-0.06304608801946732,Aerospace & Defense,Industrials,LHX
2022Q2,2022,Q2,2022-07-29,2022-07-01,471000000.0,4135000000.0,592000000.0,2.42,1228000000.0,0.2969770254,34138000000.0,19086000000.0,6188000000.0,4884000000.0,14948000000.0,1241000000.0,3312000000.0,46726404000.0,54108404000.0,99.35450286309214,1.266994266994267,0.2285429726404593,0.40878130566907683,0.019171644927686023,99.35450286309214,0.024677774284816094,11.300218621523578,24.801700636942677,2.448203080792204,0.4607218683651805,2.3424657534246576,0.0046440552112677015,0.12112601792723651,0.9635544635544635,0.01379694182435995,68.0151441048035,0.2969770253929867,-0.0041152263374486546,1.2515825488474117,0.6793043101335436,3.082085619682372,0.014037985136251032,-0.008421052631578947,-0.019867549668874173,0.08228961905723849,0.365381636295886,2.49498593181796,Aerospace & Defense,Industrials,LHX
2022Q1,2022,Q1,2022-04-29,2022-04-01,475000000.0,4103000000.0,604000000.0,2.43,1211000000.0,0.2951498903,34444000000.0,19260000000.0,6249000000.0,4737000000.0,15078000000.0,1090000000.0,3128000000.0,48912444000.0,56347444000.0,99.68944099378882,1.319189360354655,0.22752874230635234,0.4069055036344756,0.019202884194225826,99.68944099378882,0.02466251298026999,11.921141603704607,25.743391578947367,2.5395869158878503,0.4589473684210526,2.6532110091743117,0.004456943513188587,0.1191208918824759,1.0242769685454929,0.013790500522587389,-3057.02775,0.29514989032415306,-0.012195121951219433,0.8379475332020403,0.7485987649943617,3.1942091509397774,-0.06630686198920586,-0.01859504132231405,-0.07786259541984733,0.19287247910436314,0.4489869090752244,2.2584932334814813,Aerospace & Defense,Industrials,LHX
2021Q4,2021,Q4,2022-02-25,2021-12-31,484000000.0,4350000000.0,655000000.0,2.46,1297000000.0,0.2981609195,34709000000.0,19213000000.0,6359000000.0,4551000000.0,15390000000.0,982000000.0,2917000000.0,41603124000.0,48491124000.0,98.47770374167094,1.3972753241045923,0.22556109366446742,0.4074845156924999,0.019386898952317353,98.47770374167094,0.025191276739707488,9.563936551724138,21.489216942148758,2.165363243637121,0.41115702479338845,3.108961303462322,0.004783294639123735,0.12532772479760293,1.121731487585146,0.013944510069434441,60.557676855895195,0.2981609195402299,0.029288702928870224,0.7337422211411214,0.6223806795911598,2.858629063302089,-0.008409785932721712,0.006237006237006237,0.0,0.2977231049604193,0.5751918399343335,2.3970767087909346,Aerospace & Defense,Industrials,LHX
2021Q3,2021,Q3,2021-10-29,2021-10-01,481000000.0,4229000000.0,655000000.0,2.39,1308000000.0,0.3092929771,35018000000.0,19484000000.0,6626000000.0,4313000000.0,15424000000.0,1024000000.0,2743000000.0,43786260000.0,50518260000.0,97.6641604010025,1.536285648040807,0.22439888057570392,0.4033052761239992,0.019030391124290363,97.6641604010025,0.02468692260316157,10.353809411208324,22.75793139293139,2.247293163621433,0.41995841995842,2.8525390625,0.00461331933807546,0.12076646296190531,1.1864131694875957,0.013735793020732195,108.11422222222222,0.30929297706313547,0.1890547263681594,0.8670394736842107,0.49739542699393874,2.9635078525005603,-0.07692307692307693,0.16464891041162227,0.012364760432766615,0.3345546966006566,0.6207805505982855,2.549508172403883,Aerospace & Defense,Industrials,LHX
2021Q2,2021,Q2,2021-08-04,2021-07-02,413000000.0,4668000000.0,647000000.0,2.01,1417000000.0,0.3035561268,36064000000.0,19863000000.0,7589000000.0,4464000000.0,16088000000.0,872000000.0,2633000000.0,44677984000.0,50395984000.0,97.5589390962672,1.7000448028673836,0.2148125554569654,0.39002164829079194,0.016233838821627343,97.5589390962672,0.020792428132709057,9.57111910882605,27.044784503631963,2.2493069526254845,0.5012106537530266,3.728211009174312,0.004633154441346324,0.12943655723158828,1.326836917562724,0.011451863354037268,68.10668292682927,0.3035561268209083,-0.10666666666666676,0.5733454076620824,0.4943692113387596,2.9617357139550915,0.0465288035450517,-0.11752136752136752,-0.03863298662704309,0.10772228911844853,0.6307839442260206,2.4800524632473393,Aerospace & Defense,Industrials,LHX
2021Q1,2021,Q1,2021-05-03,2021-04-02,468000000.0,4567000000.0,673000000.0,2.25,1354000000.0,0.2964747099,36590000000.0,20367000000.0,7538000000.0,4231000000.0,16108000000.0,904000000.0,2529000000.0,42088254000.0,48929254000.0,98.53410740203194,1.7816119120775231,0.21363760590325226,0.3838071389993617,0.02062091937029008,98.53410740203194,0.022978347326557666,9.215733304138384,22.48304166666667,2.0664925614965384,0.4465811965811966,3.5542035398230087,0.004965756004038561,0.12481552336704017,1.1458284093594895,0.01279037988521454,70.49958793969849,0.2964747098751916,1.4725274725274724,0.6711590296495957,0.43517972945609673,2.6298958163553063,-0.032165832737669764,1.4248704663212435,1.0771604938271604,0.33370881441847366,0.6683846252579406,2.7189793804273448,Aerospace & Defense,Industrials,LHX
2020Q4,2020,Q4,2021-03-01,2021-01-01,193000000.0,4660000000.0,324000000.0,0.91,1399000000.0,0.3002145923,36960000000.0,20724000000.0,6667000000.0,4240000000.0,16119000000.0,973000000.0,2347000000.0,39580788000.0,45956788000.0,98.96848137535817,1.5724056603773584,0.20703463203463204,0.36923373866049025,0.008291319954882847,98.96848137535817,0.009312873962555491,8.493731330472103,51.27045077720207,1.9099009843659527,0.927461139896373,3.3514902363823227,0.004522396067506286,0.12608225108225107,1.2622641509433963,0.005221861471861472,75.53585496183206,0.3002145922746781,-0.5404040404040403,1.8452156072022357,0.4948738638312911,2.768778220322775,0.06712433257055683,-0.5469483568075117,-0.45454545454545453,-0.2142503762033354,0.7179843760208318,2.917089192712072,Aerospace & Defense,Industrials,LHX
2020Q3,2020,Q3,2020-11-02,2020-10-02,426000000.0,4463000000.0,594000000.0,1.98,1311000000.0,0.2937485996,37145000000.0,21313000000.0,6393000000.0,4666000000.0,15706000000.0,894000000.0,2383000000.0,36933138000.0,43258138000.0,99.87347703842549,1.3701243034719246,0.206380401130704,0.35968657626800543,0.016631966658888185,99.87347703842549,0.0199878008727068,8.27540622899395,21.67437676056338,1.7328925069206587,0.42018779342723006,3.5257270693512304,0.004846596029830988,0.12015076053304617,1.0891555936562367,0.011468569121012248,55.04193442622951,0.29374859959668387,0.523076923076923,0.6657906735226323,0.42620179606352304,2.562788681180112,0.03228346456692913,0.5053003533568905,0.25316455696202533,0.4767299038926113,0.7627960609443305,2.9822333830855294,Aerospace & Defense,Industrials,LHX
2020Q2,2020,Q2,2020-08-04,2020-07-03,283000000.0,4445000000.0,474000000.0,1.3,1270000000.0,0.2857142857,37852000000.0,22102000000.0,6926000000.0,4587000000.0,15626000000.0,859000000.0,2250000000.0,37134800000.0,42901800000.0,102.37146827234831,1.5099193372574669,0.20379372292084963,0.34901818839923987,0.012820902004922403,102.37146827234831,0.012804271106687177,8.354285714285714,32.80459363957597,1.6801556420233463,0.6501766784452296,3.6961583236321305,0.004954920990553335,0.11743104723660573,1.2162633529540003,0.007476487371869386,50.04690026954178,0.2857142857142857,0.3131313131313132,3.5726042932094235,0.4796913748232076,2.3239837946541115,-0.043674698795180725,0.30414746543778803,-0.2267536704730832,0.20372734054852928,0.6062027924010073,3.2060408583208675,Aerospace & Defense,Industrials,LHX
2020Q1,2020,Q1,2020-05-07,2020-04-03,217000000.0,4626000000.0,613000000.0,0.99,1328000000.0,0.2870730653,38105000000.0,21898000000.0,7211000000.0,5123000000.0,16078000000.0,990000000.0,2151000000.0,38788050000.0,46046050000.0,100.7731247123792,1.407573687292602,0.207872982548222,0.3617225317380583,0.01770598248465289,100.7731247123792,0.009909580783633208,8.384792477302206,44.6866935483871,1.7713055986848114,0.8433179723502304,3.3313131313131312,0.004717947924682988,0.12140139089358352,0.9004489556900254,0.0056947907098805935,79.97536082474227,0.287073065283182,-0.4406779661016949,-0.17615883953678996,0.8604599031879924,4.677282030028643,-0.01483679525222552,-0.44783715012722647,0.15879017013232513,-0.25347109200498347,0.7528375752604543,3.2398027075283773,Aerospace & Defense,Industrials,LHX
2019Q4,2019,Q4,2019-12-31,2019-12-31,393000000.0,4832000000.0,529000000.0,1.77,1348000000.0,0.2789735099,38336000000.0,22587000000.0,6312000000.0,4009000000.0,15592000000.0,1219000000.0,2183000000.0,43511613000.0,50422613000.0,102.71487039563438,1.5744574706909453,0.20176857262103506,0.342453623765883,0.014536756973177897,102.71487039563438,0.01739938902908753,9.004886796357615,27.679143129770992,1.9264007172267235,0.4071246819338422,2.8580803937653814,0.003677179239482572,0.12604340567612687,0.5609877775006236,0.010251460767946578,56.582071521456434,0.27897350993377484,-0.0684210526315789,0.3310938011901793,0.8926134233051226,4.890966567733723,0.13372582001682085,-0.08391608391608392,0.05588822355289421,0.24900378446289143,0.5989043147954951,3.024652983192896,Aerospace & Defense,Industrials,LHX
2019Q3,2019,Q3,2019-10-31,2019-09-27,429000000.0,4431000000.0,501000000.0,1.9,1189000000.0,0.2683367186,38947000000.0,22773000000.0,7027000000.0,4718000000.0,16022000000.0,1339000000.0,2019000000.0,46505592000.0,53301592000.0,102.30458221024259,1.4894022891055532,0.2001951369810255,0.34237913318403373,0.01577360014591313,102.30458221024259,0.018838097747332368,10.49550710900474,27.101160839160837,2.042137267817152,0.4125874125874126,2.421209858103062,0.0038059939114418757,0.11376999512157547,0.5201356506994489,0.01101496906051814,-15501.864,0.2683367185736854,-0.1402714932126697,0.6114116792819113,0.802087654034705,4.957941817934065,0.8520249221183801,0.6007462686567164,0.47352941176470587,0.49239386792452833,0.4061067963253803,3.151830244300379,Aerospace & Defense,Industrials,LHX
2019Q2,2019,Q2,2019-08-22,2019-06-28,268000000.0,1865000000.0,340000000.0,2.21,642000000.0,0.3442359249,10117000000.0,3363000000.0,2578000000.0,2268000000.0,6754000000.0,360000000.0,2173000000.0,22374079591.5,25366079591.5,28.427726120033814,1.13668430335097,0.34812691509340715,1.047279214986619,0.0439865914479601,28.427726120033814,0.07969075230449003,11.996825518230564,20.871342902518656,6.653012070026762,0.30223880597014924,3.397222222222222,0.0036202606533487173,0.18434318473855887,0.8752204585537919,0.026490066225165563,88.08692752559055,0.3442359249329759,0.09405940594059403,0.8223411057973757,0.25346844196296237,0.6455699073864043,0.0899830220713073,0.102880658436214,0.04294478527607362,0.7571217244294168,0.027540454051443113,0.154411260306347,Aerospace & Defense,Industrials,LHX
2019Q1,2019,Q1,2019-05-02,2019-03-29,243000000.0,1728000000.0,326000000.0,2.02,589000000.0,0.3408564815,9792000000.0,3607000000.0,2285000000.0,1606000000.0,6185000000.0,433000000.0,1986000000.0,18829809825.3,22016809825.3,30.593723494486852,1.4227895392278953,0.35957924836601307,0.976157471583033,0.039270799871506584,30.593723494486852,0.06736900471305794,10.8968806859375,19.372232330555555,5.220352044718602,0.3333333333333333,2.6304849884526558,0.004301689754251647,0.17647058823529413,1.0865504358655043,0.024816176470588234,51.167961481793476,0.34085648148148145,0.07446808510638304,0.547987950376281,0.2280229459325172,0.80965435842403,0.03152364273204904,0.08,0.03821656050955414,0.5212649945474375,-0.04798083805517456,0.1270415072241146,Aerospace & Defense,Industrials,LHX
2018Q4,2018,Q4,2019-01-30,2018-12-28,225000000.0,1666000000.0,314000000.0,1.88,571000000.0,0.3427370948,9852000000.0,3412000000.0,2311000000.0,1822000000.0,6440000000.0,425000000.0,1824000000.0,15439885176.1,18915885176.1,28.988954970263382,1.2683863885839737,0.3876370280146163,1.119284876905041,0.03605325778053797,28.988954970263382,0.06594372801875732,9.26763816092437,17.155427973444443,4.525171505304806,0.36,2.5764705882352943,0.005246153004128752,0.1691027202598457,0.5537870472008781,0.022838002436053592,48.860396126898735,0.3427370948379352,0.06214689265536716,0.49197728863421136,0.23008274464849232,0.7982760932183691,0.07330827067669173,0.056338028169014086,0.053691275167785234,2.753044463324837,-0.04918977453092387,0.10391652578240755,Aerospace & Defense,Industrials,LHX
2018Q3,2018,Q3,2018-10-26,2018-09-28,213000000.0,1542000000.0,298000000.0,1.77,532000000.0,0.3450064851,9889000000.0,3244000000.0,2288000000.0,1956000000.0,6645000000.0,413000000.0,1680000000.0,19949859825.3,23653859825.3,27.51484308736217,1.1697341513292434,0.4053999393265244,1.2358199753390875,0.03453179980268463,27.51484308736217,0.0656596794081381,12.93765228618677,23.415328433450703,6.149771832706535,0.38497652582159625,2.4455205811138017,0.004110304569459144,0.15593083223784002,0.5291411042944786,0.02153908383051876,231.9751142476744,0.3450064850843061,-0.011173184357541908,0.528012071343908,0.16754163547115217,0.7957304204718977,-0.1674491392801252,-0.018433179723502304,-0.07453416149068323,0.5075476239598378,-0.1080940197239656,-0.01846241441674528,Aerospace & Defense,Industrials,LHX
2018Q2,2018,Q2,2018-08-27,2018-06-29,217000000.0,1666000000.0,322000000.0,1.79,639000000.0,0.3835534214,9839000000.0,3322000000.0,2223000000.0,1788000000.0,6517000000.0,925000000.0,1692000000.0,17127989170.500002,20629989170.5,28.033755274261605,1.2432885906040267,0.3852017481451367,1.1408789885611077,0.038240737836057345,28.033755274261605,0.06532209512341963,10.28090586464586,19.73270641762673,5.155926902618904,0.3087557603686636,1.1102702702702703,0.003911725966956816,0.1693261510316089,0.6694630872483222,0.022055086899075108,36.91376976400863,0.3835534213685474,0.07831325301204826,2.55686319230623,0.11471604331380665,0.935591378060207,0.13903743315508021,0.07960199004975124,0.2578125,4.594020751685511,0.010435662875054444,-0.0897488352219444,Aerospace & Defense,Industrials,LHX
2018Q1,2018,Q1,2018-05-03,2018-03-30,201000000.0,1568000000.0,256000000.0,1.66,561000000.0,0.3577806122,10070000000.0,3137000000.0,2414000000.0,2146000000.0,6933000000.0,963000000.0,1543000000.0,19095551881.600002,22871551881.600002,26.49493243243243,1.124883504193849,0.4189672293942403,1.3449155243863564,0.03285911200475486,26.49493243243243,0.06407395600892572,12.178285638775511,23.7506864199005,6.087201747401977,0.3383084577114428,1.0456905503634475,0.0035610387393685706,0.1557100297914598,0.6220876048462255,0.019960278053624627,-106.67906079106146,0.35778061224489793,0.44347826086956527,0.9805743243243243,0.2168336817335737,0.7511291544323097,0.04664179104477612,0.4460431654676259,-0.058823529411764705,0.40051522286009156,0.15736079919461016,0.4926519765541604,Aerospace & Defense,Industrials,LHX
2017Q4,2017,Q4,2018-01-31,2017-12-29,139000000.0,1535000000.0,272000000.0,1.15,536000000.0,0.3491856678,9856000000.0,2994000000.0,2132000000.0,1741000000.0,6862000000.0,942000000.0,1424000000.0,16785524289.0,20282524289.0,25.265822784810126,1.2245835726593912,0.3976258116883117,1.3089512358049433,0.023882603309883222,25.265822784810126,0.04642618570474282,10.935194976547232,30.189791886690642,5.606387538076152,0.4892086330935252,1.0605095541401275,0.004051109684108122,0.15574269480519481,0.6863871338311315,0.014103084415584416,65.0601716627907,0.349185667752443,-0.13533834586466176,1.7160294053677847,0.1303813534175773,0.5565898061960596,0.040776699029126215,-0.13664596273291926,0.0,-0.12634937918727218,0.11570723462720857,0.4490610440173174,Aerospace & Defense,Industrials,LHX
2017Q3,2017,Q3,2017-10-31,2017-09-29,161000000.0,1413000000.0,272000000.0,1.33,515000000.0,0.364472753,10099000000.0,2987000000.0,2127000000.0,1918000000.0,7112000000.0,896000000.0,1387000000.0,15683087166.3,19292087166.3,25.079764903442484,1.1089676746611052,0.3957817605703535,1.3381319049213258,0.02815588382598692,25.079764903442484,0.05390023434884499,11.099141660509554,24.352619823447206,5.25044766196853,0.42857142857142855,1.0022321428571428,0.0043996439775115205,0.1399148430537677,0.7221063607924921,0.015942172492325973,217.8206550875,0.36447275300778487,0.24299065420560748,2.76301867737636,0.052381565666398185,0.5199445909311167,-0.015296367112810707,0.22900763358778625,0.12863070539419086,0.13028636704406413,0.07406291517347748,0.46057758972222257,Aerospace & Defense,Industrials,LHX
2017Q2,2017,Q2,2017-08-29,2017-06-30,131000000.0,1542000000.0,241000000.0,1.07,523000000.0,0.3391699092,10090000000.0,2928000000.0,2073000000.0,1926000000.0,7162000000.0,841000000.0,1343000000.0,13122324240.599998,16668324240.599998,24.33915211970075,1.0763239875389408,0.3994053518334985,1.3763661202185793,0.024571114108337445,24.33915211970075,0.044740437158469946,8.50993789922179,25.042603512595417,4.481668114959016,0.48091603053435117,1.2116527942925088,0.004800978762975561,0.15282457879088207,0.5872274143302181,0.012983151635282459,328.05810601499996,0.33916990920881973,-0.1893939393939394,-0.7784090419523114,0.32931341710598394,0.4046888040613307,-0.0038095238095238095,-0.20121951219512196,0.22959183673469388,-0.12403795179732044,0.019149883678047257,0.4088983455927543,Aerospace & Defense,Industrials,LHX
2017Q1,2017,Q1,2017-05-03,2017-03-31,164000000.0,1489000000.0,196000000.0,1.32,525000000.0,0.3525856279,11107000000.0,2914000000.0,2876000000.0,1732000000.0,8193000000.0,894000000.0,1554000000.0,13641701632.2,17552701632.2,23.768352365415986,1.6605080831408776,0.3793103448275862,1.4457789979409745,0.019356963876113988,23.768352365415986,0.05628002745367193,9.161653211685696,20.79527687835366,4.681435014481813,0.39634146341463417,1.0782997762863535,0.004764801470703141,0.13405960205275952,0.625866050808314,0.014765463221391915,83.18110751341464,0.3525856279382136,-0.06382978723404245,1.4253167035853966,-0.07594541483750884,0.4097316840795474,-0.06583629893238434,-0.07344632768361582,-0.3400673400673401,0.004681684668117237,0.017608618010174038,0.40592571082052886,Aerospace & Defense,Industrials,LHX
2016Q4,2016,Q4,2017-02-03,2016-12-30,177000000.0,1700000000.0,297000000.0,1.41,562000000.0,0.3305882353,11618000000.0,3157000000.0,2612000000.0,1665000000.0,8460000000.0,1001000000.0,1495000000.0,12675539123.699999,16714539123.699999,25.521422797089734,1.5687687687687688,0.3787226717163023,1.3937282229965158,0.027059918390722314,25.521422797089734,0.056065885334178014,7.456199484529411,17.903303847033897,4.015058322363003,0.3728813559322034,1.1368631368631368,0.005206879120162784,0.14632466861766225,0.872072072072072,0.01523498020313307,56.58722823080357,0.3305882352941176,0.11023622047244086,0.20834742934330724,0.06796524563424225,0.27845972118410117,-0.02936096718480138,0.10625,0.10408921933085502,0.11675967507006786,0.19430434927431034,0.5831741616075155,Aerospace & Defense,Industrials,LHX
2016Q3,2016,Q3,2016-11-02,2016-09-30,160000000.0,1754000000.0,269000000.0,1.27,579000000.0,0.3301026226,11778000000.0,3053000000.0,2425000000.0,1856000000.0,8724000000.0,962000000.0,1384000000.0,11350479123.9,15552479123.9,24.6408393866021,1.306573275862069,0.38087960604516896,1.4693743858499837,0.025373244314748494,24.6408393866021,0.05240746806419915,6.471196763911061,17.73512363109375,3.717811701244677,0.425,1.2214137214137215,0.005990936528557337,0.1489217184581423,0.75,0.01358464934623875,515.9308692681818,0.33010262257696693,-0.007812500000000007,0.26162864789091367,0.15168215625864798,0.35555995328933976,-0.010256410256410256,0.0,-0.056140350877192984,0.0922188389785598,0.2637468638355984,0.6081612652483981,Aerospace & Defense,Industrials,LHX
2016Q2,2016,Q2,2016-08-29,2016-07-01,160000000.0,1904000000.0,285000000.0,1.28,585000000.0,0.3072478992,11996000000.0,3056000000.0,2608000000.0,1964000000.0,8939000000.0,964000000.0,1330000000.0,10249418503.6,14279418503.6,24.625302175664785,1.3279022403258656,0.376542180726909,1.4780759162303665,0.025089132444209697,24.625302175664785,0.05235602094240838,5.383097953571429,16.014716411875,3.3538673113874347,0.39375,1.3682572614107884,0.006146690173483688,0.1587195731910637,0.7566191446028513,0.013337779259753251,29.367961328366764,0.3072478991596639,-0.044776119402985114,0.20719366706202258,0.15017885281161214,0.2302808840759786,-0.020100502512562814,-0.047619047619047616,0.0,1.5042286444381527,0.21647382187347608,0.7002546432694959,Aerospace & Defense,Industrials,LHX
2016Q1,2016,Q1,2016-05-04,2016-04-01,168000000.0,1909000000.0,285000000.0,1.34,597000000.0,0.3127291776,11900000000.0,3366000000.0,2866000000.0,2012000000.0,8533000000.0,992000000.0,1232000000.0,9647200372.0,14138200372.0,27.14516129032258,1.4244532803180914,0.40277310924369747,1.4239453357100416,0.024639949062181667,27.14516129032258,0.049910873440285206,5.053536077527501,14.355952934523811,2.8660726001188355,0.36904761904761907,1.3225806451612903,0.006426734970691453,0.1604201680672269,0.7455268389662028,0.01411764705882353,110.88736059770115,0.3127291775798848,2.229357798165138,0.21401318071453326,0.361632463942774,0.3657255630067709,0.06227758007117438,2.2444444444444445,5.672131147540983,0.5806451612903225,0.4145591415715521,0.7941047201563747,Aerospace & Defense,Industrials,LHX
2015Q4,2015,Q4,2016-02-03,2016-01-01,-135000000.0,1843000000.0,-61000000.0,-1.09,562000000.0,0.3049376017,12097000000.0,3251000000.0,2835000000.0,2139000000.0,8845000000.0,1070000000.0,1127000000.0,10758220247.6,15273220247.6,26.260096930533116,1.3253856942496494,0.41547491113499213,1.5459858505075361,-0.011178940423781617,26.260096930533116,-0.04152568440479852,5.837341425718937,-19.922630088148146,3.3092033982159337,-0.4666666666666667,1.197196261682243,0.0058559871939835376,0.15235182276597503,0.5210846189808321,-0.011159791683888568,36.10141022684564,0.3049376017362995,-1.9237288135593222,-1.9086034668756529,0.3029284116745646,0.38454131393865704,-0.049069373942470386,-1.912162162162162,-1.231060606060606,-3.524940459337475,0.2990912150537459,0.6178455591940252,Aerospace & Defense,Industrials,LHX
2015Q3,2015,Q3,2015-11-06,2015-10-02,148000000.0,1811000000.0,264000000.0,1.18,591000000.0,0.3263390392,12564000000.0,3462000000.0,3053000000.0,1871000000.0,9101000000.0,1107000000.0,1342000000.0,9134059876.5,13895059876.5,28.032388663967613,1.6317477284874398,0.40440942375039796,1.4676487579433852,0.02117393057343894,28.032388663967613,0.04274985557481225,5.043655370789619,15.42915519679054,2.6383766252166376,0.43243243243243246,1.1020776874435412,0.0070067418941119975,0.1441419929958612,0.7632282202031,0.01177968799745304,240.36999675,0.3263390392048592,3.313725490196078,-0.07288190439020532,0.32303336638495,0.5496825576976472,0.1903323262839879,3.6334519572953736,17.296296296296298,2.5629229070524615,0.3007514670697598,0.6988866396761133,Aerospace & Defense,Industrials,LHX
2015Q2,2015,Q2,2015-08-31,2015-07-03,-56200000.0,1534700000.0,-16200000.0,-0.51,496500000.0,0.3235159966,13129000000.0,3397000000.0,3524000000.0,2281000000.0,9727000000.0,1015000000.0,1258000000.0,8574721779.4,13309721779.4,30.797824116047146,1.5449364313897413,0.3972884454261558,1.5354724757138651,-0.0015847875435323088,30.797824116047146,-0.016544009420076538,5.587229933798136,-38.14378015747331,2.5242042329702676,-0.8772241992882562,1.022857142857143,0.005749457681348779,0.11689389900220885,0.7610697062691801,-0.004280600198034884,20.75701229581215,0.32351599661171565,-1.425,-1.4388463790958008,0.24621801794766734,0.8341415165932353,0.1461218836565097,-1.447096260938743,-1.076056338028169,-1.1036829081426986,0.44296774236915587,0.777439021396501,Aerospace & Defense,Industrials,LHX
2015Q1,2015,Q1,2015-05-06,2015-04-03,125700000.0,1186600000.0,213000000.0,1.2,433200000.0,0.3650766897,4834500000.0,1840700000.0,2022100000.0,1047600000.0,2994100000.0,635700000.0,1363100000.0,8161189688.9,9276589688.9,17.750241080038574,1.9302214585719741,0.3315958216982108,0.8709186722442549,0.043398856855863706,17.750241080038574,0.0682892377899712,6.877793434097421,16.231483072593477,4.433742428912913,0.3914081145584726,1.1851502280950135,0.006028532833505477,0.245444203123384,1.1032836960672012,0.026000620539869686,54.48057202202937,0.3650766897016686,-0.09090909090909098,-0.048950562055916726,0.12231518073477642,0.0934061301133875,0.08707653701380176,-0.0989247311827957,0.005191127890514393,1.3854034363870866,-0.12939935137056288,0.052789729211118484,Aerospace & Defense,Industrials,LHX
2014Q4,2014,Q4,2015-02-10,2015-01-02,139500000.0,1206300000.0,211900000.0,1.32,398500000.0,0.3303490011,4798200000.0,1811600000.0,1946000000.0,1027900000.0,2986800000.0,649600000.0,1286500000.0,7441318311.7,8622918311.7,17.43599615014437,1.8931802704543244,0.3441082072443833,0.9114042835062928,0.045120007722285416,17.43599615014437,0.07700375358798851,6.168712850617591,13.335695899103941,4.107594563755796,0.35268817204301073,1.2435344827586208,0.006611731676985614,0.2514067775415781,1.0439731491390214,0.029073402525947232,71.5511376125,0.33034900107767556,0.11864406779661028,0.25986525505293556,0.24807050765406588,0.1335345895475033,0.014511201629327902,0.11510791366906475,0.06858295511850732,0.13382731618638694,-0.09776913855221574,-0.1265683361813766,Aerospace & Defense,Industrials,LHX
2014Q3,2014,Q3,2014-10-29,2014-09-26,125100000.0,1155400000.0,198300000.0,1.18,392800000.0,0.339968842,4836600000.0,1796100000.0,1924600000.0,1082200000.0,3040600000.0,648300000.0,1231400000.0,7083512104.599999,8263812104.599999,17.17112810707457,1.7784143411569027,0.3368895505106893,0.907187795779745,0.041264722724363656,17.17112810707457,0.06965091030566227,6.130787696555305,14.155699649480415,3.943829466399421,0.40207833733013587,1.1763072651550208,0.007100997253514315,0.23888682132076253,1.063666605063759,0.025865277260885746,181.16399244501278,0.33996884195949456,-0.040650406504065074,0.5084285544384166,0.21018136621480066,0.1782354667390817,-0.08608655188459749,-0.04794520547945205,-0.09904588823262153,0.16844558216765626,-0.10138216446003852,-0.05536928959460123,Aerospace & Defense,Industrials,LHX
2014Q2,2014,Q2,2014-08-25,2014-06-27,131400000.0,1329400000.0,220100000.0,1.23,429800000.0,0.3233037461,4931200000.0,1826000000.0,1991300000.0,1114600000.0,3105800000.0,618700000.0,1226300000.0,8031086317.099999,9105586317.099998,17.27530747398297,1.7865602009689574,0.3316636924075276,0.8956736035049289,0.04303648189958846,17.27530747398297,0.071960569550931,6.0411360892884005,15.279844591133942,4.398185277710843,0.3409436834094368,1.4540164861807015,0.005578323807155536,0.269589552238806,1.036425623542078,0.026646658014276445,24.66549851689189,0.32330374605085,-0.06818181818181823,-0.3993608807489913,1.2070963332534248,0.2200206444629779,0.007737397420867527,-0.07072135785007072,-0.036761487964989056,0.16398966759856698,-0.05713198586188778,-0.13692508623186594,Aerospace & Defense,Industrials,LHX
2014Q1,2014,Q1,2014-04-30,2014-03-28,141400000.0,1267500000.0,228500000.0,1.32,426500000.0,0.3364891519,4958600000.0,1795400000.0,2053300000.0,1175900000.0,3163600000.0,674000000.0,1199000000.0,7633655681.400001,8942555681.400002,16.905838041431263,1.7461518836635768,0.33446940668737146,0.9237495822657904,0.04512506519776692,16.905838041431263,0.0787568229920909,6.022608032662722,13.496562378712873,4.251785497048012,0.318953323903819,1.2477744807121662,0.005908047452269779,0.255616504658573,1.0001700824900077,0.028516113419110232,65.52494147124465,0.33648915187376727,0.039370078740157514,0.5389790930768698,0.15695360858747104,0.023985050919527594,-0.0030388031790556337,0.0381791483113069,0.010614772224679346,0.19305563993007022,0.055599328573867096,-0.14943459240132512,Aerospace & Defense,Industrials,LHX
2013Q4,2013,Q4,2014-01-29,2013-12-27,136200000.0,1223200000.0,226100000.0,1.27,427800000.0,0.3497383911,4884100000.0,1713600000.0,1972400000.0,1150800000.0,3170900000.0,688800000.0,1146900000.0,7458008425.2,8799108425.2,16.120413922859832,1.7139381299965242,0.34305194406338935,0.977766106442577,0.044990027126546706,16.120413922859832,0.07948179271708683,6.09712918999346,13.689442777533039,4.35224581302521,0.3311306901615272,1.1547619047619047,0.006047190808689729,0.2504453225773428,0.9316996871741398,0.027886406912225385,134.8645284846293,0.3497383911052976,0.08547008547008556,1.9624122461778692,0.0008434122267725094,-0.0015636681255887432,0.024916147580258743,0.08267090620031796,0.0771796093377799,0.067591503636238,0.007117336019836182,-0.15006486331586216,Aerospace & Defense,Industrials,LHX
2013Q3,2013,Q3,2013-10-30,2013-09-27,125800000.0,1191900000.0,209900000.0,1.17,417400000.0,0.3501971642,4780700000.0,1630300000.0,1889500000.0,1136500000.0,3150600000.0,656300000.0,1090200000.0,6302072000.0,7635472000.0,15.322368421052632,1.662560492740871,0.34944673374192065,1.0247193768018157,0.043137394580901565,15.322368421052632,0.07716371220020855,5.287416729591409,12.523990461049284,3.8655903821382567,0.3600953895071542,1.1801005637665702,0.007188112100274323,0.2493149538770473,0.8967003959524857,0.02631413809693141,45.273505747126435,0.35019716419162683,1.2941176470588234,0.3257643899132836,0.09014784438613523,-0.10296580741495251,-0.11530309453158118,1.2666666666666666,0.7879045996592845,-0.0852986645992651,0.010688900278303428,-0.15295098932315748,Aerospace & Defense,Industrials,LHX
2013Q2,2013,Q2,2013-08-26,2013-06-28,55500000.0,1359600000.0,117400000.0,0.51,471800000.0,0.3470138276,4858400000.0,1561300000.0,1948100000.0,1297400000.0,3297200000.0,668700000.0,1079900000.0,5309150000.0,6723250000.0,14.48330241187384,1.501541544627717,0.3571340358965915,1.1113174918337283,0.023598026281575802,14.48330241187384,0.03554730032665087,3.904935275080906,23.91509009009009,3.4004675590853775,0.7225225225225225,1.3276506654703155,0.007552998125877023,0.2798452165321917,0.8123940188068445,0.011423513914045776,19.440314902965948,0.34701382759635185,-0.39999999999999997,-0.42762396659567686,0.19064801471802792,-0.13826261375262516,0.17891054472763618,-0.41455696202531644,-0.30202140309155767,-0.5565691149763616,0.12963578178025784,-0.13745769341050926,Aerospace & Defense,Industrials,LHX
2013Q1,2013,Q1,2013-05-01,2013-03-29,94800000.0,1203700000.0,168200000.0,0.85,400200000.0,0.3324748692,5076300000.0,1673400000.0,2125300000.0,1441600000.0,3400100000.0,646300000.0,1163700000.0,5125204000.0,6591204000.0,15.130198915009041,1.474264705882353,0.3792132064692788,1.1503525755945978,0.03417944490717836,15.130198915009041,0.05665112943707422,4.257874885768879,13.515833333333335,3.062748894466356,0.4282700421940928,1.2432306978183507,0.007921635899761258,0.23712152552055632,0.8321309655937846,0.018675019206902666,27.718788534342888,0.33247486915344354,-0.3089430894308943,0.06825396825396815,0.10176047181656561,-0.06684165416045774,-0.09354473386183465,0.954639175257732,0.22060957910014514,-0.32748839608045394,0.06746190052277341,-0.06798718006652232,Aerospace & Defense,Industrials,LHX
2012Q4,2012,Q4,2013-01-30,2012-12-28,48500000.0,1286900000.0,137800000.0,1.23,441500000.0,0.3430724998,5241300000.0,1822800000.0,2259200000.0,1163200000.0,3415200000.0,624500000.0,1222200000.0,5425213112.3,7027013112.3,16.231522707034728,1.9422283356258596,0.36821017686451835,1.0587557603686637,0.025403354606328466,16.231522707034728,0.026607417160412553,4.215722365607274,27.965016042783503,2.976307390991881,0.8680412371134021,1.353722978382706,0.007760063822110732,0.24553068895121438,1.0657668500687758,0.009253429492683114,45.210109269166665,0.34307249980573473,0.07894736842105271,-0.4872618883458802,0.18012591220664237,-0.002844116372577974,0.06848983543078413,1.5652680652680653,97.42857142857143,-0.5947458963286384,0.23186859948148297,0.05523035627059638,Aerospace & Defense,Industrials,LHX
2012Q3,2012,Q3,2012-10-31,2012-09-28,-85800000.0,1261500000.0,1400000.0,1.14,413200000.0,0.3275465715,5354300000.0,1846400000.0,2358400000.0,1255300000.0,3501000000.0,646800000.0,1251300000.0,5731518111.900001,7382818111.900001,16.500446827524577,1.878754082689397,0.3694413835608763,1.0713279896013865,0.0002503497676996115,16.500446827524577,-0.04646880415944541,4.543415070868015,-16.700227598776227,3.10415842282279,-0.48834498834498835,1.3115337043908473,0.0073104540859786505,0.2356050277347179,1.0066916274994024,-0.01602450366994752,74.62914208203125,0.3275465715418153,-0.7668711656441718,-2.01468912041868,0.21483997546715342,0.02093194406689317,0.24084084084084084,-1.1560283687943262,-0.9946029298380878,-1.967066459714971,0.23511373487639245,0.13221516652839396,Aerospace & Defense,Industrials,LHX
2012Q2,2012,Q2,2012-08-27,2012-06-29,549900000.0,1079000000.0,259400000.0,4.89,333000000.0,0.3086190918,5592800000.0,1938900000.0,2600400000.0,1414400000.0,3646700000.0,617800000.0,1416600000.0,4683014776.2,6374214776.2,17.327077747989275,1.8385180995475112,0.36604205406951795,1.0558564134302955,0.05480987771147716,17.327077747989275,0.2836144205477332,4.340143444114921,2.129030176486634,2.41529463933158,0.06801236588470631,1.2075105212042732,0.00798630834779214,0.19292661993992274,0.7905825791855203,0.09832284365612931,15.048247995501285,0.3086190917516219,3.1447368421052633,6.84814903228176,0.11708435197872494,0.2732735460361906,-0.3811559189741684,2.5569082672706682,1.9568424935448174,1.3743616516001396,0.6921231233778592,0.22367677638145858,Aerospace & Defense,Industrials,LHX
2012Q1,2012,Q1,2012-05-02,2012-03-30,-353200000.0,1476000000.0,-271100000.0,-2.28,538100000.0,0.3645663957,5648900000.0,1893400000.0,2208600000.0,1503900000.0,3747600000.0,743000000.0,1343600000.0,5062484224.6,7000784224.6,16.86019590382903,1.4685816876122082,0.3960594097965976,1.1816309284884334,-0.08290341528219447,16.86019590382903,-0.18654272736875463,3.4298673608401087,-3.5832985734711214,2.6737531554874825,-0.10673839184597962,1.2623149394347242,0.007446936785858088,0.26128980863530954,0.8223286122747523,-0.06252544743224345,33.21840042388452,0.36456639566395665,-2.9322033898305087,-2.9465078706698264,0.6300519170721841,0.12378773940526257,0.049951219512195125,-3.653643876784373,-2.178695652173913,-4.635371230114482,0.27408703083222336,0.021220510854600916,Aerospace & Defense,Industrials,LHX
2011Q4,2011,Q4,2012-02-01,2011-12-30,133100000.0,1446400000.0,230000000.0,1.18,512500000.0,0.3543279867,6172200000.0,2243800000.0,2227800000.0,1661100000.0,3919600000.0,701300000.0,1754200000.0,4050896112.3999996,6097296112.4,19.962633451957295,1.341159472638613,0.39425164447036715,1.0844995097602281,0.03236724102058764,19.962633451957295,0.05931901238969605,2.8006748564712387,7.608745515401953,1.8053730779926909,0.2396694214876033,1.3316697561671182,0.007874800813171306,0.2343410777356534,0.6901450845825056,0.021564434075370207,25.525495352236923,0.35432798672566373,0.15686274509803913,0.6742059135307032,0.6829371302339816,0.4757935060160897,0.03829011345218801,0.09457236842105263,0.123046875,1.889465365030947,0.1192420774471039,0.23640860673320332,Aerospace & Defense,Industrials,LHX
2011Q3,2011,Q3,2011-10-27,2011-09-30,121600000.0,1460300000.0,204800000.0,1.02,493600000.0,0.3380127371,6131000000.0,2159500000.0,2182200000.0,1725700000.0,3962000000.0,690500000.0,1666400000.0,4059395762.4,6206195762.4,18.17760942760943,1.2645303355160225,0.3999673788941445,1.1355406344061125,0.030504276952437098,18.17760942760943,0.05630933086362584,2.779836857084161,8.345797208881578,1.8797850254225514,0.2680921052631579,1.4,0.008030751842911271,0.2381830044038493,0.5879932780900504,0.019833632360137007,-1268.56117575,0.33801273710881324,-0.06422018348623859,0.6213626130193471,0.7254102601852919,0.3894313526941354,-0.14126652748782184,-0.08913857677902622,-0.10057092665788318,0.14774251926737186,0.19622494103374402,0.06419169334278216,Aerospace & Defense,Industrials,LHX
2011Q2,2011,Q2,2011-08-29,2011-07-01,133500000.0,1667400000.0,227700000.0,1.09,574800000.0,0.3447283195,6172800000.0,2502000000.0,2216800000.0,1430500000.0,3660800000.0,720800000.0,1889000000.0,5693749875.0,7398949875.0,20.016,1.5496679482698357,0.33568234836702954,0.8281774580335731,0.0329308105001227,20.016,0.053357314148681056,3.4147474361281036,10.662452949438201,2.2756794064748203,0.2344569288389513,1.5158157602663707,0.005497255883584103,0.27012052877138415,0.8813002446696959,0.021627138413685847,38.57554115853659,0.34472831953940264,-0.018018018018018032,0.7783266745005877,0.9046399032648125,0.7064359545153719,0.11179883945841393,-0.043010752688172046,-0.021486892995272882,0.1873492193919474,0.2592755791236395,0.19092559366754597,Aerospace & Defense,Industrials,LHX
2011Q1,2011,Q1,2011-05-04,2011-04-01,139500000.0,1413300000.0,232700000.0,1.11,517000000.0,0.3658105144,6029300000.0,2484500000.0,2633000000.0,1310100000.0,3533200000.0,693900000.0,1864800000.0,6256249875.0,7444549875.0,19.876,2.0097702465460654,0.3438873501069776,0.8345341114912457,0.03443191147289883,19.876,0.05614811833366875,4.426696295903206,11.211917338709677,2.5181122459247334,0.22724014336917564,1.291684680789739,0.005066933168170492,0.23440532068399317,1.3066941454850776,0.02313701424709336,78.69496698113207,0.3658105143989245,-0.0672268907563024,1.050361379310345,0.70924126659857,0.6624698273155417,0.03815261044176707,-0.07677035076108538,-0.03962030540652084,0.39086666666666675,0.14458592057761727,0.22585667155425232,Aerospace & Defense,Industrials,LHX
2010Q4,2010,Q4,2011-01-27,2010-12-31,151100000.0,1438500000.0,242300000.0,1.19,498000000.0,0.346193952,5667400000.0,2387900000.0,2370400000.0,1069300000.0,3278900000.0,651900000.0,1795900000.0,5703269874.1,6869469874.1,18.966640190627484,2.2167773309641823,0.336485866534919,0.7986096570208132,0.0384155910794394,18.966640190627484,0.06327735667322752,3.964734010497046,9.436250618960953,2.3884039842958247,0.21045665122435472,1.4427059364933272,0.005575748772543956,0.25382009387020504,1.3318993734218647,0.026661255602216185,206.64021282971015,0.3461939520333681,-0.07031250000000006,4.316703733121526,0.8042777364194529,0.6544148604190027,-0.05016212092313561,-0.07809640024405125,-0.10025993316004456,0.4248605143578658,0.17665037577510517,0.16518315626246072,Aerospace & Defense,Industrials,LHX
2010Q3,2010,Q3,2010-10-28,2010-10-01,163900000.0,1405400000.0,269300000.0,1.28,524300000.0,0.3730610502,5206700000.0,2293700000.0,1933300000.0,1418300000.0,2912400000.0,670800000.0,1715100000.0,5667960126.8,6778660126.8,18.089116719242902,1.3631107664104913,0.2788906601110108,0.6330819200418538,0.046852496001618574,18.089116719242902,0.07145659850895933,4.032987140173616,8.645454738865162,2.4710991528098707,0.19646125686394142,1.3135062611806798,0.005681056196522571,0.26992144736589396,0.764365790030318,0.03147867171144871,22.358817068244576,0.3730610502348086,0.007874015748031503,2.404925337564518,0.9331005639367027,0.603001581928628,-0.014844043592634347,0.08256274768824307,0.09249492900608519,0.7105489336783846,0.19438021783353435,0.11922769678111551,Aerospace & Defense,Industrials,LHX
2010Q2,2010,Q2,2010-08-30,2010-07-02,151400000.0,1455900000.0,246500000.0,1.27,532200000.0,0.3655470843,4734700000.0,2189600000.0,1995700000.0,1042900000.0,2544600000.0,615300000.0,1621400000.0,5369872000.0,6121972000.0,16.791411042944784,1.9136062901524595,0.25498975647876315,0.5513792473511143,0.048186478590128354,16.791411042944784,0.06914504932407746,3.6883522219932687,8.867027741083223,2.4524442820606507,0.18890356671070013,1.50121891760117,0.005326011495246069,0.30749572306587536,1.1421996356314124,0.031976682788772255,50.85106060606061,0.36554708427776633,0.0,1.5193873050242594,0.8039855280708997,0.5495096841797423,0.044553483807654566,-0.08904933814681107,-0.06946017365043412,0.8542226937837916,0.2934467823416927,0.2339102872717593,Aerospace & Defense,Industrials,LHX
2010Q1,2010,Q1,2010-04-29,2010-04-02,166200000.0,1329500000.0,264900000.0,1.27,509500000.0,0.383226777,4627700000.0,2116900000.0,1911900000.0,1013100000.0,2510800000.0,647200000.0,1537300000.0,6238336000.0,7010136000.0,16.233895705521473,1.8871779686111934,0.2544460531149383,0.5562378950351929,0.05425905637529659,16.233895705521473,0.0785110302801266,4.692242196314404,9.383778580024067,2.946920496953092,0.17208182912154033,1.2669962917181705,0.004584555881568418,0.28729174319856515,1.0485638140361266,0.03591416902564989,28.343189459336664,0.3832267769838285,0.19811320754716977,2.033313543109704,0.7536191233692193,0.5298476793168122,0.16032794352083807,0.1913978494623656,0.18576544315129812,-0.21119681860874073,0.2644614281824153,0.08204276277155247,Aerospace & Defense,Industrials,LHX
2009Q4,2009,Q4,2010-01-28,2010-01-01,139500000.0,1217700000.0,223400000.0,1.06,439100000.0,0.3605978484,4529700000.0,2013500000.0,1874600000.0,1010700000.0,2516200000.0,672200000.0,1436600000.0,6224294869.1,7136694869.1,15.381970970206265,1.8547541308004354,0.26990749939289577,0.6072013906133599,0.04693081394813011,15.381970970206265,0.06928234417680655,5.1115175076784105,11.154650303046594,3.091281285870375,0.2064516129032258,1.1582862243379946,0.004627030146495024,0.2688257500496722,1.2115365588206193,0.030796741506060005,37.700150630526956,0.36059784840272646,0.34177215189873417,2.142748734244756,0.6782898726500911,0.5080363696280653,0.1233051931440266,0.3349282296650718,0.24665178571428573,0.5067170001462867,0.2165961838386211,0.13715522163899013,Aerospace & Defense,Industrials,LHX
2009Q3,2009,Q3,2009-10-28,2009-10-02,104500000.0,1203000000.0,179200000.0,0.79,390900000.0,0.3249376559,4391000000.0,1920800000.0,1797800000.0,982500000.0,2470200000.0,633500000.0,1362300000.0,4744800000.0,5716600000.0,14.573596358118362,1.829821882951654,0.2739467091778638,0.6262494793835902,0.037281976964108614,14.573596358118362,0.05440441482715535,3.944139650872818,11.351196172248804,2.4702207413577675,0.27751196172248804,1.2819258089976322,0.006111954139268252,0.27396948303347757,0.9945038167938931,0.023798679116374403,41.657594381036,0.3249376558603491,-0.616504854368932,1.6218028525045507,0.8080399950491304,0.456700495316218,0.42716319824753557,-0.6174963396778916,-0.09994977398292315,0.2559255635276477,0.28120005538983495,0.11395350318854915,Aerospace & Defense,Industrials,LHX
2009Q2,2009,Q2,2009-08-31,2009-07-03,273200000.0,752200000.0,199100000.0,2.06,273900000.0,0.3641318798,4465100000.0,1869100000.0,1859400000.0,1109700000.0,2596000000.0,607200000.0,1322800000.0,3773880000.0,4776380000.0,14.159848484848485,1.67558799675588,0.2874963606638149,0.6868011342357284,0.07439689057408767,14.159848484848485,0.14616660424803382,5.017123105557033,3.4534040995607613,2.0190894013161413,0.09699853587115666,0.7877140974967062,0.007021950883440915,0.1684620725179727,0.9699017752545733,0.06118563973931155,15.896714406065712,0.36413187981919704,1.3953488372093026,6.173504680310963,0.09886308467724136,0.46603373427740036,-0.3309721543722521,1.3922942206654991,0.17048794826572605,2.44625218103479,-0.18634088771634122,0.207177985863083,Aerospace & Defense,Industrials,LHX
2009Q1,2009,Q1,2009-05-12,2009-04-03,114200000.0,1361700000.0,170100000.0,0.86,409400000.0,0.3006535948,4332000000.0,2179300000.0,2187500000.0,997000000.0,2152700000.0,660700000.0,1679200000.0,3802517664.0,4197217664.0,16.509848484848487,2.1940822467402206,0.19545244690674055,0.388519249300234,0.03356246273873015,16.509848484848487,0.052402147478548156,2.792478272747301,8.32425057793345,1.7448344257330333,0.22942206654991243,1.4413500832450432,0.006890171805918533,0.3143351800554017,1.3463390170511536,0.02636195752539243,20.554149535135135,0.3006535947712418,1.6466165413533833,2.2266495945369185,1.0563480331773016,0.7431450872359967,-0.11423626135871917,1.6473922902494331,-0.6774132372463493,0.5894921630094042,0.559504132231405,0.3809179392036537,Aerospace & Defense,Industrials,LHX
2008Q4,2008,Q4,2009-02-10,2009-01-02,-176400000.0,1523400000.0,527300000.0,-1.33,462200000.0,0.3034002888,4269900000.0,2139300000.0,2157700000.0,993900000.0,1937800000.0,701100000.0,1629300000.0,5044995667.5,5539095667.5,16.14566037735849,2.1709427507797567,0.19831846179067425,0.39583041181694945,0.34842915351194315,16.14566037735849,-0.08245687841817417,3.311668417684128,-7.149937170493198,2.3582459998597676,-0.15306122448979592,1.5136214520039937,0.005351838094517055,0.3567765053045739,1.280008049099507,-0.041312442914353965,43.193456057363015,0.30340028882762243,-2.5113636363636362,-6.333327253035399,1.5050110677769581,0.7496850000308399,0.05212838606874573,-2.486099410278012,1.9278178789561355,-6.897750943396226,0.815588098141904,0.40834750863149316,Aerospace & Defense,Industrials,LHX
2008Q3,2008,Q3,2008-11-04,2008-09-26,118700000.0,1367700000.0,180100000.0,0.88,439300000.0,0.3211961688,4683500000.0,2273500000.0,2201300000.0,1127700000.0,2079300000.0,677200000.0,1694700000.0,5998412242.9,6573012242.9,17.08114199849737,1.9520262481156336,0.19575104088822462,0.4032548933362657,0.03714220080594231,17.08114199849737,0.05221024851550473,4.385766061928785,12.63355569271272,2.6384043294040027,0.22662173546756528,1.370939161252215,0.0044845200547595065,0.2920251948329241,0.9812893500044338,0.025344293797373758,1034.2090073965517,0.321196168750457,-0.02222222222222224,3.5482344102178813,1.4366275639020647,0.8797903801151558,-0.008799638989169675,-0.024650780608052588,0.0338691159586682,1.3492030536540338,0.7922002902209313,0.5136779794013518,Aerospace & Defense,Industrials,LHX
2008Q2,2008,Q2,2008-08-26,2008-06-27,121700000.0,1433200000.0,174200000.0,0.9,443200000.0,0.3092380687,4558600000.0,2274000000.0,2046700000.0,995000000.0,1954300000.0,610400000.0,1660800000.0,6542412828.599999,7018412828.599999,16.80709534368071,2.0569849246231158,0.18558329311630764,0.3720316622691293,0.0380250101255569,16.80709534368071,0.053518029903254175,4.564898708205414,13.43963194042728,2.8770504963060684,0.16598192276088744,1.6218872870249017,0.0030875459145127907,0.31439477032422236,1.2576884422110552,0.026696792875005485,40.941256749687106,0.30923806865754955,0.1392405063291139,169.64470488860735,1.426631202187945,0.8863947444563881,0.12004043467273187,0.12685185185185185,0.18584070796460178,0.9518185199677309,0.7115441147443141,0.550957029838648,Aerospace & Defense,Industrials,LHX
2008Q1,2008,Q1,2008-05-06,2008-03-28,108000000.0,1329600000.0,146900000.0,0.79,395700000.0,0.2976083032,4525300000.0,2182400000.0,2009100000.0,1030200000.0,2005100000.0,649300000.0,1578600000.0,6139771462.400001,6741671462.400001,16.213967310549776,1.9502038439138032,0.19751176717565685,0.4095491202346041,0.03537784077459403,16.213967310549776,0.04948680351906158,4.61775832009627,14.212433940740741,2.813311703812317,0.18703703703703703,1.438318188818728,0.0032900247384947353,0.29381477471106887,1.140846437584935,0.023865821050538086,49.67452639482201,0.2976083032490975,-0.04819277108433726,3.7006535260161217,1.426921606034195,0.8140352137204583,-0.0336996336996337,-0.05511811023622047,-0.14393939393939395,0.909600728562527,0.6990277379786474,0.5279696699127239,Aerospace & Defense,Industrials,LHX
2007Q4,2007,Q4,2008-02-05,2007-12-28,114300000.0,1317700000.0,171600000.0,0.83,409500000.0,0.3107687638,4551200000.0,2208900000.0,1960000000.0,1021400000.0,2009900000.0,613100000.0,1566900000.0,8037444642.700001,8658944642.7,16.277818717759764,1.9189347953788918,0.21820618737915276,0.44959029381139937,0.035654628824274545,16.277818717759764,0.05174521254923265,6.099601307353723,17.579712691819772,3.638663879170628,0.17935258092738407,1.4813244168977329,0.002550561890167306,0.2895280365617859,0.9487957705110632,0.025114255580945686,90.20701058024692,0.3107687637550277,0.13698630136986298,5.841743108896837,1.454009755921907,0.8534427229372145,0.07508532423208192,0.1407185628742515,0.12156862745098039,1.4839421771319612,0.7518745869071407,0.5958645801725261,Aerospace & Defense,Industrials,LHX
2007Q3,2007,Q3,2007-11-06,2007-09-28,100200000.0,1230500000.0,153000000.0,0.73,380900000.0,0.3095489638,4450800000.0,2143100000.0,1870100000.0,1409800000.0,1978200000.0,612200000.0,1511500000.0,7239958806.6,7872358806.6,16.16214177978884,1.3265002127961414,0.21928642041880111,0.4554150529606645,0.0320802792316717,16.16214177978884,0.04675470113387149,5.8837536014628204,18.063769477544913,3.3782645730950494,0.2055888223552894,1.3877817706631819,0.0028453200564098357,0.27646715197267907,0.6769045254646049,0.022512806686438392,229.11262046202532,0.3095489638358391,0.1587301587301587,4.027581345642238,1.7291071573351349,0.8584918982491249,0.001841136244082062,0.14383561643835616,0.10549132947976879,1.4987531172069826,0.8382133253659996,0.6154831901100559,Aerospace & Defense,Industrials,LHX
2007Q2,2007,Q2,2007-08-27,2007-06-29,87600000.0,1207600000.0,138400000.0,0.63,380200000.0,0.3148393508,4406000000.0,1903800000.0,1828800000.0,1638100000.0,2175300000.0,556800000.0,1472500000.0,7210283855.9,7970683855.9,13.608291636883488,1.1164153592576767,0.2561733999092147,0.5928668977833806,0.028401315366062205,13.608291636883488,0.046013236684525685,5.970755097631666,20.577294109303654,3.7873116167139407,0.1598173515981735,1.4859913793103448,0.0019416711297079018,0.27408079891057646,0.7189426774922166,0.01988197911938266,84.82686889294118,0.31483935077840347,-0.5855263157894737,2.140223682866924,1.3140932085159591,0.5786991080617943,0.07613925842060572,-0.5923685435086087,-0.5034086831718694,1.1702562413691155,0.6645221390086175,0.4089285366932858,Aerospace & Defense,Industrials,LHX
2007Q1,2007,Q1,2007-05-08,2007-03-30,214900000.0,1072400000.0,278700000.0,1.52,353300000.0,0.3294479672,3940800000.0,1995400000.0,1787900000.0,1186000000.0,1621500000.0,523000000.0,1563300000.0,6402295746.0,6650795746.0,15.003007518796993,1.507504215851602,0.18531770198944378,0.365991781096522,0.07827438115185932,15.003007518796993,0.10769770472085798,5.970063172323759,7.447994120521173,3.208527486218302,0.068869241507678,1.3749521988527724,0.002311670779852162,0.2721274868047097,0.9720910623946037,0.05453207470564352,61.03237126787417,0.3294479671764267,1.303030303030303,8.479298245614036,1.2022281028455681,0.7460738780472608,0.06255639097744362,1.2861702127659576,0.9408077994428969,5.026212008895477,0.607290131380846,0.5840495976784067,Aerospace & Defense,Industrials,LHX
