Quarters,Year,Quarter,FillingDate,Date,NetIncome,Revenue,OperatingIncome,EPSDiluted,GrossProfit,GrossProfitRatio,TotalAssets,CommonStockEquity,CurrentAssets,CurrentLiability,TotalLiability,Inventory,RetainedEarnings,MarketCap,EnterpriseValue,bookValuePerShare,currentRatio,debtToAssets,debtToEquity,roic,shareholdersEquityPerShare,roe,priceToSalesRatio,peRatio,pbRatio,payoutRatio,inventoryTurnover,dividendYield,assetTurnover,quickRatio,returnOnAssets,priceToFreeCashFlowsRatio,grossProfitMargin,epsdilutedGrowth,fiveYNetIncomeGrowthPerShare,fiveYRevenueGrowthPerShare,fiveYShareholdersEquityGrowthPerShare,grossProfitGrowth,netIncomeGrowth,operatingIncomeGrowth,threeYNetIncomeGrowthPerShare,threeYRevenueGrowthPerShare,threeYShareholdersEquityGrowthPerShare,Industry,Sector,Symbol
2023Q1,2023,Q1,2023-05-16,2023-03-31,2103000.0,17527000.0,7584000.0,0.13,17527000.0,1.0,1702153000.0,211452000.0,278758000.0,50000000.0,1490701000.0,0.0,97432000.0,113069488.67999999,-58557511.32000001,12.79152932311642,5.57516,0.042623077948927036,0.34310860147929556,0.01995291527178678,12.79152932311642,0.009945519550536292,6.451160419923546,13.441451340941512,0.5347288683956642,0.0,0.0,0.0,0.010296959204019851,5.57516,0.0012354941065814882,-35.860922511893435,1.0,-0.1875,-0.4199127006497072,0.004478676828633673,0.005166398215927474,-0.15258908282164096,-0.22024471635150167,0.12857142857142856,0.872205367815872,0.46826926603507196,-0.003984554703911487,Banks—Regional,Financial Services,PVBC
2022Q4,2022,Q4,2023-03-31,2022-12-31,2697000.0,20683000.0,6720000.0,0.16,20683000.0,1.0,1636381000.0,207542000.0,1531873000.0,108500000.0,1428839000.0,0.0,94630000.0,120094833.04,170576833.04000002,12.580938927628655,14.118645161290322,0.08012253869972824,0.6317323722427268,0.011884236300374678,12.580938927628655,0.012994960056277765,5.806451338780642,11.132261127178348,0.5786531547349453,0.006674082313681869,0.0,0.00014988155230629064,0.01263947699221636,1.0675207373271889,0.0016481491779726115,31.38913566126503,1.0,1.0744186046511628,-0.1352415398581703,-0.11458151464111042,0.0006826033447822123,-0.01948421352043235,1.0763827919227393,45.02739726027397,0.15445345688130985,0.7998974935675971,-0.019030143144910087,Banks—Regional,Financial Services,PVBC
2022Q3,2022,Q3,2023-01-17,2022-09-30,-35309000.0,21094000.0,146000.0,-2.15,21094000.0,1.0,1773684000.0,203978000.0,161887000.0,67000000.0,1569706000.0,0.0,91915000.0,235489280.94,164383280.94,12.395150931492754,2.416223880597015,0.08558909027763682,0.7442371236113698,0.00030288845950341385,12.395150931492754,-0.17310200119620744,11.163803969849246,-1.6673460090911667,1.1544837234407632,-0.018862046503724264,0.0,0.0028281542044781617,0.0118927610555206,2.8515671641791043,-0.01990715369817848,19.890977357884957,1.0,-7.515151515151515,-8.124958470069584,0.059639658639054176,-0.017219206176819445,0.04648509202758347,-7.283858337782523,-0.9824117576195639,-6.683443806678808,-0.01510307452613247,-0.1519333006293041,Banks—Regional,Financial Services,PVBC
2022Q2,2022,Q2,2022-08-12,2022-06-30,5619000.0,20157000.0,8301000.0,0.33,20157000.0,1.0,1788026000.0,239909000.0,160569000.0,78000000.0,1548117000.0,0.0,127890000.0,258425893.6,199456893.6,14.575053790198059,2.058576923076923,0.053598213896218515,0.3994639634194632,0.01756362711397614,14.575053790198059,0.023421380606813418,12.82065255742422,11.497859654742836,1.077182988549825,0.1188823634098594,0.0,0.002584880294673382,0.01127332600308944,2.4581794871794873,0.0031425717523123264,69.75057856950068,1.0,0.03125000000000003,0.960324999672878,0.249988770089071,0.1754237139546618,0.04738893219017927,0.017013574660633485,0.005937954435288415,0.25177066752759675,-0.025017135392460067,0.026622905529143145,Banks—Regional,Financial Services,PVBC
2022Q1,2022,Q1,2022-05-12,2022-03-31,5525000.0,19245000.0,8252000.0,0.32,19245000.0,1.0,1792010000.0,236545000.0,256216000.0,0.0,1555465000.0,0.0,122939000.0,267921181.43999997,69706181.43999997,14.320479923903399,0.0,0.009967020273324368,0.07550783149083684,0.02273133141525309,14.320479923903399,0.02335707793443108,13.921599451286047,12.12313038190045,1.1326436045572723,0.12180995475113122,0.0,0.0025119327870339212,0.010739337392090447,0.0,0.003083130116461404,117.87117529256487,1.0,0.523809523809524,0.7063108294150807,0.2125239800684086,0.1834583134185896,0.09098639455782313,0.5394260239621065,0.5736079328756675,0.39752205823251996,-0.03632022112821717,0.03459371823690852,Banks—Regional,Financial Services,PVBC
2021Q4,2021,Q4,2022-03-24,2021-12-31,3589000.0,17640000.0,5244000.0,0.21,17640000.0,1.0,1729283000.0,233782000.0,1623755000.0,23337000.0,1495501000.0,0.0,118087000.0,306559322.40000004,194668322.40000004,14.184351550484768,69.57856622530745,0.02383878173786477,0.1763352182802782,0.014653660202073558,14.184351550484768,0.015351909043467846,17.378646394557826,21.354090443020343,1.311304216748937,0.0,0.0,0.0,0.01020075950552917,8.383896816214595,0.0020754266363573804,48.49854807783579,1.0,-0.3,0.15749939591893952,0.23845017562795429,0.1936647292361312,0.018064292722340856,-0.29447611558875564,0.0,-0.28882540292740855,-0.08482073053221519,0.04576137746861301,Banks—Regional,Financial Services,PVBC
2021Q3,2021,Q3,2021-11-10,2021-09-30,5087000.0,17327000.0,0.0,0.3,17327000.0,1.0,1625298000.0,231261000.0,0.0,0.0,1394037000.0,0.0,115163000.0,266538389.04,93290389.03999999,13.899690897599042,0.0,0.011021363466884227,0.07745793713596326,0.0,13.899690897599042,0.021996791503971703,15.382835403705199,13.098996905838412,1.152543615395592,0.13288775309612738,0.0,0.0025362200260711835,0.01066081420145721,0.0,0.003129887565234191,32.6800378911231,1.0,0.6666666666666666,0.593724400933939,0.18368980058677728,0.17763955000242795,0.10320896472685598,0.6067593177511055,0.0,0.36062056707773216,-0.07957588816410963,0.052396860194027686,Banks—Regional,Financial Services,PVBC
2021Q2,2021,Q2,2021-08-12,2021-06-30,3166000.0,15706000.0,0.0,0.18,15706000.0,1.0,1585106000.0,231608000.0,0.0,0.0,1353498000.0,0.0,110752000.0,273660564.38,151214564.38,13.803693230547447,0.0,0.011316593338237316,0.07744982902145003,0.0,13.803693230547447,0.013669648716797347,17.423950361645232,21.60933073120657,1.1815678404027494,0.2169930511686671,0.0,0.0025104092054931398,0.009908485615473035,0.0,0.0019973427644586544,69.8113684642857,1.0,-0.25,0.26993998945936815,0.1743500070183682,0.18418095570569634,-0.013813889237724475,-0.26320688852687923,0.0,-0.27099143769819634,-0.15936471890557435,0.062271088351346225,Banks—Regional,Financial Services,PVBC
2021Q1,2021,Q1,2021-05-13,2021-03-31,4297000.0,15926000.0,0.0,0.24,15926000.0,1.0,1551892000.0,234142000.0,0.0,0.0,1317750000.0,0.0,108273000.0,248598129.6,133688129.6,13.562631406057047,0.0,0.011574903408226861,0.07671840165369732,0.0,13.562631406057047,0.018352111112060202,15.609577395453973,14.463470421224109,1.0617408649452043,0.12380730742378404,0.0,0.00214000001068391,0.010262312068107833,0.0,0.0027688782466821146,44.18736750799858,1.0,0.0,0.5341559055079687,0.171399258180516,0.20132080827685075,-0.022224950884086443,-0.0011622501162250117,0.0,0.13494129921205564,-0.12603546717397623,0.06576008359845019,Banks—Regional,Financial Services,PVBC
2020Q4,2020,Q4,2021-03-26,2020-12-31,4302000.0,16288000.0,0.0,0.24,16288000.0,1.0,1505781000.0,235856000.0,0.0,0.0,1269925000.0,0.0,104508000.0,214955700.0,149124700.0,13.16676878073017,0.0,0.0119459602691228,0.07626687470320874,0.0,13.16676878073017,0.018239943016077606,13.197181974459724,12.491614365411436,0.9113853368156841,0.10901906090190609,0.0,0.002181844910369904,0.010816978033326227,0.0,0.0028569891637628578,47.441116751269035,1.0,0.3333333333333333,0.5721734256576216,0.21119698685862154,0.23333408562052377,0.0927143432174963,0.3435352904434728,0.0,0.2703093735432369,-0.35786249383597485,0.04727926404641812,Banks—Regional,Financial Services,PVBC
2020Q3,2020,Q3,2020-11-05,2020-09-30,3202000.0,14906000.0,0.0,0.18,14906000.0,1.0,1497982000.0,239431000.0,0.0,0.0,1258551000.0,0.0,100675000.0,141668901.05,172236901.05,13.165680514043911,0.0,0.0520780623532192,0.32582247077446114,0.0,13.165680514043911,0.013373372704453474,9.504152760633303,11.060969788413491,0.5916898858126141,0.18238600874453467,0.0,0.004122287923966359,0.009950720369136612,0.0,0.002137542373673382,29.662667724036854,1.0,0.0,11.864890239397448,0.10574474109925004,0.068736554119338,0.08494067981658053,-0.014769230769230769,0.0,-0.4153274702520028,-0.3224289815478972,0.043874174532234404,Banks—Regional,Financial Services,PVBC
2020Q2,2020,Q2,2020-08-17,2020-06-30,3250000.0,13739000.0,0.0,0.18,13739000.0,1.0,1414812000.0,236322000.0,0.0,0.0,1178490000.0,0.0,98057000.0,142659833.16,151036833.16,13.020419825647298,0.0,0.03290543195845102,0.1969981635226513,0.0,13.020419825647298,0.013752422542124727,10.383567447412474,10.97383332,0.6036671708939498,0.0,0.0,0.0,0.009710830838302192,0.0,0.0022971249890444806,33.331736719626164,1.0,1.5714285714285712,0.3839407257801428,0.0959004300519558,0.5945405444233998,0.050221678642409416,1.6401299756295695,0.0,0.028275801984185146,-0.2273326738765367,0.05004828448755157,Banks—Regional,Financial Services,PVBC
2020Q1,2020,Q1,2020-05-11,2020-03-31,1231000.0,13082000.0,0.0,0.07,13082000.0,1.0,1266555000.0,232658000.0,0.0,0.0,1033897000.0,0.0,95390000.0,156159661.39999998,251302661.39999998,12.842701770868466,0.0,0.10229717619842801,0.5568903712745747,0.0,12.842701770868466,0.005291028032562818,11.93698680629873,31.713984849715676,0.6711983314564726,0.0,0.0,0.0,0.010328805302572727,0.0,0.0009719277883708169,42.40012527830572,1.0,-0.5,-0.3622049784646042,0.08019957980347085,0.5831862983970416,0.042972175715538546,-0.5172549019607843,0.0,-0.6533601208492653,-0.24847891008305847,0.061333297365296774,Banks—Regional,Financial Services,PVBC
2019Q4,2019,Q4,2020-03-13,2019-12-31,2550000.0,12543000.0,0.0,0.14,12543000.0,1.0,1121788000.0,230933000.0,0.0,0.0,890855000.0,0.0,94159000.0,224180563.95,193397563.95,12.82500052342294,0.0,0.0257401576768516,0.12503626592994505,0.0,12.82500052342294,0.01104216374446268,17.872962126285575,21.978486661764702,0.9707601942987792,0.0,0.0,0.0,0.011181257064614704,0.0,0.0022731567818518295,44.17351013793103,1.0,-0.6216216216216216,0.3265963463386722,0.023615010661505467,0.6073295592068847,0.03686864511862445,-0.27329723567968084,0.0,-0.24723317272224582,-0.19396415081916543,0.07927040039568733,Banks—Regional,Financial Services,PVBC
2019Q3,2019,Q3,2019-11-08,2019-09-30,3509000.0,12097000.0,0.0,0.37,12097000.0,1.0,1078365000.0,135851000.0,0.0,0.0,942514000.0,0.0,91609000.0,223354548.63000003,218251548.63000003,14.615773665786572,0.0,0.03140309635420289,0.24927310067647643,0.0,14.615773665786572,0.02582976937968804,18.463631365627844,15.912977246366486,1.6441141296714783,0.0,0.0,0.0,0.011217908593101594,0.0,0.003254000268925642,40.44812543100326,1.0,0.37037037037037024,1.8664885101412654,0.9878392916861147,0.0,0.03774556060736038,0.38640853417621496,0.0,0.9678458663063483,0.47927336266322756,0.23830905661991109,Banks—Regional,Financial Services,PVBC
2019Q2,2019,Q2,2019-06-30,2019-06-30,2531000.0,11657000.0,0.0,0.27,11657000.0,1.0,1031175000.0,131763000.0,0.0,0.0,899412000.0,0.0,88100000.0,250865132.67000002,308448132.67,14.197086107956814,0.0,0.08326811646907654,0.6516548651745938,0.0,14.197086107956814,0.019208730827318745,21.520556976065883,24.779250560055313,1.9039118164431594,0.0,0.0,0.0,0.011304579727010449,0.0,0.002454481538051252,1529.665443109756,1.0,0.1250000000000001,0.8852820467095722,0.8820751654159533,0.0,0.04043198857550875,0.1411181244364292,0.0,0.8353903034652894,0.5757334607808209,0.21792905092614936,Banks—Regional,Financial Services,PVBC
2019Q1,2019,Q1,2019-03-31,2019-03-31,2218000.0,11204000.0,0.0,0.24,11204000.0,1.0,998519000.0,128272000.0,0.0,0.0,870247000.0,0.0,85569000.0,211012003.62,271147003.62,13.841645924844283,0.0,0.08398538235126222,0.6537747910689784,0.0,13.841645924844283,0.017291380815766495,18.833631169225278,23.784040083408474,1.6450355776786827,0.0,0.0,0.0,0.011220617734865336,0.0,0.002221289730090264,420.3426366932271,1.0,-0.2,1.463093439454843,0.9577268095281278,0.0,0.0347247875877355,-0.21763668430335098,0.0,0.4752204304363449,0.53519153647412,0.22603474004976357,Banks—Regional,Financial Services,PVBC
2018Q4,2018,Q4,2018-12-31,2018-12-31,2835000.0,10828000.0,0.0,0.3,10828000.0,1.0,974079000.0,125584000.0,0.0,0.0,848495000.0,0.0,83351000.0,200732041.44,240141041.44,13.563659794760866,0.0,0.0698321183394776,0.541645432539177,0.0,13.563659794760866,0.022574531787488854,18.538238034724788,17.701238222222223,1.5983886597018728,0.0,0.0,0.0,0.011116141503923193,0.0,0.0029104415555617153,59.67064252080856,1.0,0.3636363636363636,1.8682887005141549,0.718520246709253,0.6999041270468859,0.034884832266080475,0.36429258902791145,0.0,1.0044415867135448,0.5577779939319324,0.27051095293188293,Banks—Regional,Financial Services,PVBC
2018Q3,2018,Q3,2018-09-30,2018-09-30,2078000.0,10463000.0,0.0,0.22,10463000.0,1.0,915171000.0,122136000.0,0.0,0.0,793035000.0,0.0,80516000.0,263549959.5,267463959.5,13.20765143202384,0.0,0.032673675192942085,0.24482544049256566,0.0,13.20765143202384,0.017013820658937577,25.18875652298576,31.707165483638114,2.1578401085674987,0.0,0.0,0.0,0.011432836049219217,0.0,0.002270613907127739,86.63706755424063,1.0,-0.15384615384615388,0.7062211341230089,0.7281552380181159,0.0,0.0176035790702198,-0.1305439330543933,0.0,15.419097221445263,0.5264021339631676,0.0721435830387505,Banks—Regional,Financial Services,PVBC
2018Q2,2018,Q2,2018-06-30,2018-06-30,2390000.0,10282000.0,0.0,0.26,10282000.0,1.0,925440000.0,119988000.0,0.0,0.0,805452000.0,0.0,78459000.0,241924119.0,234000119.0,12.99451089455037,0.0,0.04309409578146611,0.3323749041570824,0.0,12.99451089455037,0.01991865853251992,23.528897004473837,25.305870188284516,2.0162359485948596,0.0,0.0,0.0,0.011110390733056709,0.0,0.002582555325034578,49.74791671807526,1.0,0.18181818181818185,0.7893630651687175,0.6685689138007307,0.0,0.05651459103986847,0.18199802176063304,0.0,1.0004758759494041,0.6121107063836048,0.5913676174632915,Banks—Regional,Financial Services,PVBC
2018Q1,2018,Q1,2018-03-31,2018-03-31,2022000.0,9732000.0,0.0,0.22,9732000.0,1.0,891172000.0,117330000.0,0.0,0.0,773842000.0,0.0,76069000.0,244787415.75,267678415.75,12.725782861245799,0.0,0.050732069679029414,0.3853319696582289,0.0,12.725782861245799,0.017233444131935567,25.152837623304563,30.265506398367954,2.0863156545640504,0.0,0.0,0.0,0.01092045082206353,0.0,0.002268922273141436,79.32191048282566,1.0,0.15789473684210525,1.2569402695212823,0.7092305905792818,0.0,-0.253680981595092,0.1614014933946008,0.0,1.058454415778798,0.5789522274548139,0.568773099442441,Banks—Regional,Financial Services,PVBC
2017Q4,2017,Q4,2017-12-31,2017-12-31,1741000.0,13040000.0,0.0,0.19,13040000.0,1.0,902265000.0,115777000.0,0.0,0.0,786488000.0,0.0,74047000.0,243574188.29999998,222726188.29999998,12.572356994692282,0.0,0.029748466359661517,0.23183361116629383,0.0,12.572356994692282,0.01503752904290144,18.679002170245397,34.97619016369902,2.103821901586671,0.0,0.0,0.0,0.014452516721805678,0.0,0.0019295883138545772,187.65345785824343,1.0,-0.36666666666666664,0.7710075223382191,1.080826323973828,0.575666292532589,0.1715030096127931,-0.3717069649945868,0.0,0.7710075223382191,1.080826323973828,0.575666292532589,Banks—Regional,Financial Services,PVBC
2017Q3,2017,Q3,2017-09-30,2017-09-30,2771000.0,11131000.0,0.0,0.3,11131000.0,1.0,928579000.0,116054000.0,0.0,0.0,812525000.0,0.0,72403000.0,213017827.1,273805827.1,12.612325158770714,0.0,0.08439238880052209,0.6752460061695418,0.0,12.612325158770714,0.02387681596498182,19.13734858503279,19.21849757307831,1.835506118703362,0.0,0.0,0.0,0.011987133027992234,0.0,0.0029841295140208856,53.37454951140065,1.0,0.764705882352941,1.2865433445423615,0.8476250777857093,0.0,0.23581658709892306,0.730793254216115,0.0,1.2865433445423615,0.8476250777857093,0.0,Banks—Regional,Financial Services,PVBC
2017Q2,2017,Q2,2017-06-30,2017-06-30,1601000.0,9007000.0,0.0,0.17,9007000.0,1.0,883142000.0,114002000.0,0.0,0.0,769140000.0,0.0,69632000.0,206861310.0,255000310.0,12.399829624979171,0.0,0.0680241682538029,0.5269644392203645,0.0,12.399829624979171,0.014043613269942632,22.966726990118797,32.301891005621485,1.8145410606831458,0.0,0.0,0.0,0.010198812874939704,0.0,0.001812845499364768,107.90887323943662,1.0,-0.15,0.20385179318798743,0.4680060174086196,0.0,0.01969885656062493,-0.11154273029966703,0.0,0.20385179318798743,0.4680060174086196,0.0,Banks—Regional,Financial Services,PVBC
2017Q1,2017,Q1,2017-03-31,2017-03-31,1802000.0,8833000.0,0.0,0.2,8833000.0,1.0,832941000.0,111235000.0,0.0,0.0,721706000.0,0.0,68031000.0,192584299.6,214107299.6,12.100535998210729,0.0,0.03946257898218481,0.29550051692363016,0.0,12.100535998210729,0.016199937070166762,21.802818929016187,26.71813257491676,1.7313282653840967,0.0,0.0,0.0,0.010604592642215955,0.0,0.00216341853744743,-166.59541487889274,1.0,0.05263157894736847,1.0173507392588819,0.555945919346673,0.0,0.1127488032249937,0.04282407407407408,0.0,1.0173507392588819,0.555945919346673,0.0,Banks—Regional,Financial Services,PVBC
2016Q4,2016,Q4,2016-12-31,2016-12-31,1728000.0,7938000.0,0.0,0.19,7938000.0,1.0,795543000.0,109149000.0,0.0,0.0,686394000.0,0.0,66229000.0,164416601.5,203569601.5,11.883028125964518,0.0,0.06267165948289408,0.45678842682938003,0.0,11.883028125964518,0.015831569689140533,20.712597820609727,23.78712405960648,1.5063500490155657,0.0,0.0,0.0,0.009978090436343479,0.0,0.0021721013194761314,87.8293811431624,1.0,0.0,0.7622938448763333,0.26993732561869827,0.48927419728883303,-0.017087667161961365,-0.018739352640545145,0.0,0.7622938448763333,0.26993732561869827,0.48927419728883303,Banks—Regional,Financial Services,PVBC
2016Q3,2016,Q3,2016-09-30,2016-09-30,1761000.0,8076000.0,0.0,0.19,8076000.0,1.0,768202000.0,108343000.0,0.0,0.0,659859000.0,0.0,64501000.0,143196596.4,161864596.4,11.803009586057453,0.0,0.05396757623645864,0.38265508616154253,0.0,11.803009586057453,0.016253934264327183,17.73112882615156,20.328875127768313,1.321696799977848,0.0,0.0,0.0,0.010512859898828693,0.0,0.0022923658100343397,48.75607640449439,1.0,0.2666666666666667,0.45666312551280835,0.34379442086842177,0.0,0.10448577680525165,0.2920029347028613,0.0,0.45666312551280835,0.34379442086842177,0.0,Banks—Regional,Financial Services,PVBC
2016Q2,2016,Q2,2016-06-30,2016-06-30,1363000.0,7312000.0,0.0,0.15,7312000.0,1.0,760425000.0,106931000.0,0.0,0.0,653494000.0,0.0,62740000.0,141452548.14,163471548.14,11.656743138823176,0.0,0.05121741131604037,0.3642255286119086,0.0,11.656743138823176,0.012746537486790548,19.345260960065644,25.945074860601615,1.3228394772329821,0.0,0.0,0.0,0.00961567544465266,0.0,0.001792418713219581,92.09150269531249,1.0,-0.06250000000000006,0.02718317904921106,0.19441213394258405,0.0,0.013022998060404543,-0.08338937457969066,0.0,0.02718317904921106,0.19441213394258405,0.0,Banks—Regional,Financial Services,PVBC
2016Q1,2016,Q1,2016-03-31,2016-03-31,1487000.0,7218000.0,0.0,0.16,7218000.0,1.0,736572000.0,103475000.0,0.0,0.0,633097000.0,0.0,61377000.0,121257977.4,134713977.4,11.289766490860172,0.0,0.03996214898204113,0.28446484658129984,0.0,11.289766490860172,0.014370620922928243,16.79938728179551,20.386344552790856,1.1718577182894419,0.0,0.0,0.0,0.009799449341001286,0.0,0.0020188114671749672,87.23595496402878,1.0,0.07557963658853031,0.6696443383219024,0.27523293544494526,0.0,0.012200252419015565,0.024810475534114404,0.0,0.6696443383219024,0.27523293544494526,0.0,Banks—Regional,Financial Services,PVBC
2015Q4,2015,Q4,2015-12-31,2015-12-31,1451000.0,7131000.0,0.0,0.148757,7131000.0,1.0,743397000.0,101406000.0,0.0,0.0,641991000.0,0.0,59890000.0,123388398.78,160347398.78,10.675751959053018,0.0,0.07724405667496641,0.5662682681498136,0.0,10.675751959053018,0.014308818018657674,17.303098973496002,21.25920034114404,1.2167761156144608,0.026188835286009647,0.0,0.0003079706064405093,0.009592451946940868,0.0,0.0019518507607644367,92.77323216541353,1.0,9.869282478445125,0.43096646942800776,0.10318688118811895,0.3379688881265587,0.01278227524499361,10.161538461538461,0.0,0.43096646942800776,0.10318688118811895,0.3379688881265587,Banks—Regional,Financial Services,PVBC
2015Q3,2015,Q3,2015-09-30,2015-09-30,130000.0,7041000.0,0.0,0.013686,7041000.0,1.0,699112000.0,117014000.0,0.0,0.0,582098000.0,0.0,58477000.0,117689165.58,108744165.58,12.31892037686754,0.0,0.024905880602821867,0.14880270736834908,0.0,12.31892037686754,0.0011109781735518826,16.714836753302087,226.32531842307694,1.0057699555608732,0.3384615384615385,0.0,0.00037386619051258974,0.010071347652450538,0.0,0.00018595017679570654,51.75425047493404,1.0,-0.890665068903535,-0.8960831334932055,0.13217559093101783,0.0,0.07315957933241884,-0.8942229454841334,0.0,-0.8960831334932055,0.13217559093101783,0.0,Banks—Regional,Financial Services,PVBC
2015Q2,2015,Q2,2015-06-30,2015-06-30,1229000.0,6561000.0,0.0,0.125175,6561000.0,1.0,706251000.0,77563000.0,0.0,0.0,628688000.0,0.0,58116000.0,122058577.7,85886577.7,8.165624807210907,0.0,0.024972708003245307,0.2273893480138726,0.0,8.165624807210907,0.015845183915011024,18.6036545800945,24.828840052888523,1.573670148137643,0.03336045565500407,0.0,0.0003359042909771674,0.009289898350586407,0.0,0.00174017452718651,98.67306200485045,1.0,0.2283137732072066,-0.10553129548762731,0.03502129673450084,0.0,0.03322834645669291,0.21442687747035574,0.0,-0.10553129548762731,0.03502129673450084,0.0,Banks—Regional,Financial Services,PVBC
2015Q1,2015,Q1,2015-03-31,2015-03-31,1012000.0,6350000.0,0.0,0.101908,6350000.0,1.0,662412000.0,77053000.0,0.0,0.0,585359000.0,0.0,56927000.0,122058577.7,147285577.7,8.111933373773862,0.0,0.06285665114762413,0.5403683179110482,0.0,8.111933373773862,0.013133816983115517,19.22182325984252,30.152810696640316,1.5840859888648071,0.043478260869565216,0.0,0.0003604826537315943,0.009586178994341889,0.0,0.0015277501011455106,767.6640106918239,1.0,-0.04536907142406312,0.09642470205850492,0.08250937606546185,0.0,-0.017636138613861384,-0.0019723865877712033,0.0,0.09642470205850492,0.08250937606546185,0.0,Banks—Regional,Financial Services,PVBC
2014Q4,2014,Q4,2014-12-31,2014-12-31,1014000.0,6464000.0,0.0,0.10675120295130229,6464000.0,1.0,658606000.0,75791000.0,0.0,0.0,582815000.0,0.0,55959000.0,122058577.7,151737577.7,7.97907339534729,0.0,0.059575831377181504,0.5176999907640749,0.0,7.97907339534729,0.013378897230541885,18.882824520420794,30.09333769723866,1.610462689501392,0.04240631163708087,0.0,0.00035228986614678536,0.009814669164872473,0.0,0.0015396154909004776,50.62570622148486,1.0,-0.18944888497287604,0.0,0.0,0.0,0.03939540118990191,-0.18944844124700239,0.0,0.0,0.0,0.0,Banks—Regional,Financial Services,PVBC
2014Q3,2014,Q3,2014-09-30,2014-09-30,1251000.0,6219000.0,0.0,0.131702,6219000.0,1.0,,,,,,,,122058577.7,,,0.0,0.0,0.0,0.0,,0.0,19.626720968001287,24.39220177857714,0.0,0.06794564348521183,0.0,0.0006963869447087619,0.0,0.0,0.0,53.865215225066194,1.0,-0.08951891103414417,0.0,0.0,0.0,-0.01893043066729768,-0.08951965065502183,0.0,0.0,0.0,0.0,Banks—Regional,Financial Services,PVBC
2014Q2,2014,Q2,2014-06-30,2014-06-30,1374000.0,6339000.0,0.0,0.144651,6339000.0,1.0,,,,,,,,122058577.7,,,0.0,0.0,0.0,0.0,,0.0,19.25517868749014,22.20862039665211,0.0,0.0,0.0,0.0,0.0,0.0,0.0,84.64533821081831,1.0,0.5631355428522029,0.0,0.0,0.0,0.08063416297306512,0.4886240520043337,0.0,0.0,0.0,0.0,Banks—Regional,Financial Services,PVBC
2014Q1,2014,Q1,2014-03-31,2014-03-31,923000.0,5866000.0,0.0,0.092539,5866000.0,1.0,,,,,,,,122058577.7,,,0.0,0.0,0.0,0.0,,0.0,20.80780390385271,33.06028648429036,0.0,0.047670639219934995,0.0,0.0003604826537315943,0.0,0.0,0.0,128.0782557187828,1.0,0.0,0.0,0.0,0.0,0.0,0.0,0.0,0.0,0.0,0.0,Banks—Regional,Financial Services,PVBC
