Quarters,Year,Quarter,FillingDate,Date,NetIncome,Revenue,OperatingIncome,EPSDiluted,GrossProfit,GrossProfitRatio,TotalAssets,CommonStockEquity,CurrentAssets,CurrentLiability,TotalLiability,Inventory,RetainedEarnings,MarketCap,EnterpriseValue,bookValuePerShare,currentRatio,debtToAssets,debtToEquity,roic,shareholdersEquityPerShare,roe,priceToSalesRatio,peRatio,pbRatio,payoutRatio,inventoryTurnover,dividendYield,assetTurnover,quickRatio,returnOnAssets,priceToFreeCashFlowsRatio,grossProfitMargin,epsdilutedGrowth,fiveYNetIncomeGrowthPerShare,fiveYRevenueGrowthPerShare,fiveYShareholdersEquityGrowthPerShare,grossProfitGrowth,netIncomeGrowth,operatingIncomeGrowth,threeYNetIncomeGrowthPerShare,threeYRevenueGrowthPerShare,threeYShareholdersEquityGrowthPerShare,Industry,Sector,Symbol
2023Q4,2023,Q4,2023-06-14,2023-03-31,-2942566.0,43683722.0,-3487884.0,-0.0251,11910047.0,0.2726426791,412335387.0,372596085.0,128451893.0,25463399.0,39739302.0,54344819.0,-18941825.0,2882575971.0,2858298525.0,3.179747483921561,5.044569776407306,0.03603033226929902,0.03987315379333629,-0.007369466989388623,3.179747483921561,-0.007897468917312966,65.98741680024426,-244.9032554409995,7.736463390376203,-0.2600930616339617,0.5846679699126425,0.00026550592515155603,0.10594220961200208,2.6893662939499947,-0.007136341174617642,190.27152770709478,0.27264267911969586,0.2828571428571429,-0.6080049414282577,23.215536606383523,37.2007326878491,-0.0492634455051692,0.2828243389214505,0.1950928570192291,0.3621679162605489,7.340472041882997,17.94710257952569,Aerospace & Defense,Industrials,POWWP
2023Q3,2023,Q3,2023-02-14,2022-12-31,-4102992.0,38711494.0,-4333275.0,-0.035,12527179.0,0.3236036047,418219959.0,375096676.0,128997594.0,28196795.0,43123283.0,67145401.0,-15233633.0,2958355962.31,2946143674.31,3.1964331954753136,4.574902715007149,0.03558253421377242,0.03967330811537237,-0.009414409213386361,3.1964331954753136,-0.010938492027585976,76.42060940117682,-180.25601575082283,7.886915964859151,-0.18872764070707426,0.38996438490254903,0.0002617494344376864,0.09256252162752472,2.0397078816936465,-0.009810607819413038,-2054.664988436087,0.3236036046555062,-4.072463768115942,-1.1973280183973665,931.6122990717355,145.49338186048135,-0.02403684907471804,-4.106355016197743,-7.694110329745293,-0.3032505032165998,13.375122819964416,14.685531947275635,Aerospace & Defense,Industrials,POWWP
2023Q2,2023,Q2,2022-11-14,2022-09-30,-803507.0,48288559.0,-498415.0,-0.0069,12835709.0,0.2658126328,424421227.0,377663589.0,132876446.0,31925735.0,46757638.0,68607008.0,-10348003.0,2993346739.2000003,2979748454.2000003,3.229892398293929,4.162048140786736,0.03629944267608463,0.04079359103903448,-0.0016995074044669869,3.229892398293929,-0.0021275733838349983,61.988736073072715,-931.338102592759,7.9259606337109725,-0.9740500082762191,0.5167526034658151,0.00026146519871906725,0.1137750798689435,1.8618391401168994,-0.001893182877961945,319.8897324939436,0.2658126327604847,-1.2464285714285714,-0.3297299824593294,309.5401363746271,365.1115593868752,-0.2922392907410824,-1.2470028684053345,-1.0984476590842787,0.7835671515709741,15.727210357765548,13.351230083323234,Aerospace & Defense,Industrials,POWWP
2023Q1,2023,Q1,2022-08-15,2022-06-30,3253027.0,60756026.0,5062741.0,0.028,18135662.0,0.2984998064,422134969.0,378005368.0,131122718.0,34354389.0,44129601.0,64588248.0,-8761857.0,3022410445.96,3012578246.96,3.243000700100717,3.816767575170672,0.026221258158785704,0.029282414846553185,0.008185033248924403,3.243000700100717,0.008605769323360508,49.74667773629566,232.27677221553955,7.995681283446747,0.1961468503028103,0.6598780013354751,0.0002111132857064128,0.14392559361742902,1.788931422998092,0.007706130121619941,-57712.63024556044,0.2984998064224938,5.222222222222222,6.065091623877063,188.5437977956046,217.41319172015696,-0.1385989936866622,5.168080212818806,0.9244777738624834,1.7936382899584158,13.29536927117689,12.128135814886601,Aerospace & Defense,Industrials,POWWP
2022Q4,2022,Q4,2022-06-29,2022-03-31,527397.0,70101563.0,2630709.0,0.0045,21053681.0,0.300331121,414178313.0,374303566.0,129691636.0,35823311.0,39874747.0,59016152.0,-11240752.0,3241885645.5,3223742397.5,3.261705345522497,3.6203140463482004,0.012405833040321453,0.013727432668915582,0.0014741995304062285,3.261705345522497,0.001409008750934529,46.245554403687116,1536.7387591795175,8.661113438336839,1.4518133398559339,0.8310925117584759,0.0002361841482788971,0.1692545476179966,1.8773127643059013,0.0012733573522474607,52637.41326373216,0.3003311210051051,-0.9420849420849421,1.3472892974496413,106.22434779682587,437.88300590369994,-0.06523081920391481,-0.9418389131644741,-0.7520496340136181,1.043885753599813,53.55705715988986,11.675824283931968,Aerospace & Defense,Industrials,POWWP
2022Q3,2022,Q3,2022-02-14,2021-12-31,9067867.0,64689186.0,10609821.0,0.0777,22522866.0,0.3481704964,411204284.0,371129681.0,123474142.0,35613312.0,40074603.0,46466594.0,-11002466.0,3184507138.5,3165549643.5,3.2340479075204938,3.467078321724191,0.02056660479733718,0.022787387894206177,0.024144146851504344,3.2340479075204938,0.02443314955453536,49.227812798571925,87.79647789551832,8.580577899130628,0.15666969972100384,0.9074545037667275,0.0004461161298163,0.15731642037075663,2.0517078838384926,0.022051975995464095,-784.3306477652723,0.34817049637941033,-0.3524999999999999,29.60823681960583,0.0,594.2616888462614,-0.14087551191887357,-0.35759560120808936,-0.25431656784730283,8.610871636596038,144.55965680880794,18.81754371819154,Aerospace & Defense,Industrials,POWWP
2022Q2,2022,Q2,2021-11-15,2021-09-30,14115512.0,57064967.0,14228318.0,0.12,26216068.0,0.4594073979,396512596.0,350258688.0,110951670.0,42997607.0,46253908.0,34960878.0,-19287751.0,3035323020.2999997,3011093729.2999997,3.052176732308493,2.5804149984439833,0.021963312358430097,0.02486370873404288,0.03898744385088276,3.052176732308493,0.040300248026966856,53.1906558414377,53.75864191642499,8.665946411299297,0.0,0.8823834172585712,0.0,0.1439171607047762,1.687961262588404,0.035599151558857414,-156.241050955414,0.4594073978873939,0.4634146341463414,2697.8880397401604,0.0,1058.0879360662516,0.3819099932770696,0.4801316184072831,0.46978951737480057,9.923453893051402,42.51560126524362,23.562006852366963,Aerospace & Defense,Industrials,POWWP
2022Q1,2022,Q1,2021-08-16,2021-06-30,9536660.0,42078561.0,9680514.0,0.082,18970894.0,0.4508446475,381071625.0,335265247.0,106191817.0,42714920.0,45806378.0,27939525.0,-32620624.0,3417463876.92,3373313385.92,2.9215229232088595,2.4860591334362794,0.017902030884613885,0.020347936629411516,0.027644713319199116,2.9215229232088595,0.028445119454925193,81.2162725079881,89.58754629293693,10.193313823904928,0.0,0.8270601236062531,0.0,0.11042165892041948,1.7509496213501043,0.02502589900258252,-78.39641645378211,0.45084464746786374,21.5,1796.304969879518,0.0,1029.0772594439284,2.3377636524286762,21.472096462925872,21.996714015213133,6.350691204680634,36.61417248225378,24.288005936999262,Aerospace & Defense,Industrials,POWWP
2021Q4,2021,Q4,2021-06-29,2021-03-31,-465837.0,26896778.0,-461049.0,-0.004,5683714.0,0.211315794,179379341.0,160347529.0,145620332.0,12098493.0,19031812.0,15866918.0,-41819539.0,2926303857.0,2818569547.0,1.3972786796282448,12.03623724045631,0.059132567556929534,0.06615107239974992,-0.0026773021057892453,1.3972786796282448,-0.002905171055052554,108.79756144025876,-1570.4548248636327,18.249759601845813,0.0,1.3369366376003204,0.0,0.1499435656863072,10.526190989241387,-0.002596937849158449,-241.65232871345802,0.21131579403302508,0.8620689655172414,-76.9774020756612,0.0,499.28937898544416,0.7007402362603855,0.8623440375146236,-0.07519000389452597,0.7400669143404931,14.224433331352222,15.786574909111884,Aerospace & Defense,Industrials,POWWP
2021Q3,2021,Q3,2021-02-12,2020-12-31,-3384067.0,15418403.0,-428807.0,-0.029,3341906.0,0.2167478694,67105132.0,42774675.0,36502859.0,14122250.0,24330457.0,9548591.0,-41356096.0,2926303857.0,2922648437.0,0.3727412687820546,2.5847764343500503,0.22878239774567466,0.3589150122122494,-0.012570597747450344,0.3727412687820546,-0.07911379805924884,189.79292842455862,-216.18247045640646,68.41206524655067,0.0,1.2647412586841347,0.0,0.22976488594046726,1.8340276514011578,-0.050429332290114565,-787.267461277646,0.21674786941293467,-0.14173228346456704,-699.3449917218542,0.0,135.16769913586248,1.591376104389955,-0.1404494306290883,0.7492268734575482,-0.8532393807761982,378.83846570752866,16.082831294626867,Aerospace & Defense,Industrials,POWWP
2021Q2,2021,Q2,2020-11-13,2020-09-30,-2967310.0,11148302.0,-1709940.0,-0.0254,1289626.0,0.1156791411,47351219.0,17494086.0,17399018.0,14830115.0,29857133.0,7603031.0,-39449659.0,2926303857.0,2944852375.0,0.15244459044568726,1.1732220552571575,0.46381547220568914,1.2554087135503964,-0.05165893313085331,0.15244459044568726,-0.16961789258381374,262.48875003565564,-246.54517534399844,167.2738922742234,0.0,1.2966770752348635,0.0,0.23543854277542464,0.5907347987524034,-0.06266596853610042,-771.2242155598227,0.11567914109251795,0.32981530343007925,-576.2976653696498,0.0,56.71666618893379,0.20367741423644653,0.32978331020834173,0.03946154031959528,-4.003507316464491,72.0499698582025,16.279748005736838,Aerospace & Defense,Industrials,POWWP
2021Q1,2021,Q1,2020-08-19,2020-06-30,-4427389.0,9018847.0,-1780189.0,-0.0379,1071405.0,0.1187962275,43737147.0,18358284.0,14157457.0,13233802.0,25378863.0,6518757.0,-37111034.0,2926303857.0,2943859817.0,0.15997526739411327,1.0697951352151105,0.42466128391959357,1.0117216293200388,-0.06414373547574229,0.15997526739411327,-0.24116573204772299,324.4654063873131,-165.2386913031586,159.39963980293584,0.0,1.2191652488350155,0.0,0.20620565397189716,0.5295981457180635,-0.10122720167367112,-1311.149101960605,0.1187962275000341,0.020671834625322873,-869.162932389937,0.0,60.15100704658739,1.7576628677624935,0.020071822623573092,0.5855322818612095,-6.001949999051097,27.578729890138444,9.774190935804821,Aerospace & Defense,Industrials,POWWP
2020Q4,2020,Q4,2020-08-19,2020-03-31,-4518075.0,5129353.0,-4295121.0,-0.0387,-1414092.0,-0.2756862318,41105736.0,19258793.0,9157110.0,12225609.0,21846943.0,4408073.0,-34007245.0,2926303857.0,2939739930.0,0.1678223607316935,0.7490105400884324,0.34837831391706503,0.7435744804983365,-0.11881914692538185,0.1678223607316935,-0.2345980352974353,570.5015538996829,-161.92204960077024,151.94637883069828,0.0,1.484423012050844,0.0,0.12478436099526354,0.3194049474345204,-0.10991349236515313,-1238.7289306722475,-0.2756862317723112,-0.46590909090909083,-907.7037409493162,0.0,64.08670215379576,-0.5885336451779233,-0.4675030450669915,-0.6207428868560889,-1.9751384489763664,6.845638620706533,21.58155606756131,Aerospace & Defense,Industrials,POWWP
2020Q3,2020,Q3,2020-02-14,2019-12-31,-3078750.0,2633480.0,-2650094.0,-0.0264,-890187.0,-0.3380268694,40745596.0,23385444.0,7216311.0,12787476.0,17360152.0,5022980.0,-29600647.0,2926303857.0,2937570816.0,0.20378226292991555,0.564326455040854,0.27973155675523803,0.48738989090820767,-0.07312543303744092,0.20378226292991555,-0.13165240736930203,1111.1927400246063,-237.62110085261875,125.13355987596387,0.0,0.7015092634252973,0.0,0.06463226111602344,0.10993615941097368,-0.07556031331582437,-55873.216806048804,-0.338026869389553,0.1538461538461538,-552.6324402085955,0.0,78.87256912994832,-0.23973879038053378,0.1550213073230389,0.1833141906915296,-8.713156259168937,0.0,38.382318666826514,Aerospace & Defense,Industrials,POWWP
2020Q2,2020,Q2,2019-11-14,2019-09-30,-3643583.0,2833237.0,-3244937.0,-0.0312,-718044.0,-0.2534359109,46021221.0,25827250.0,9074286.0,15495709.0,20193971.0,5029211.0,-26736227.0,2926303857.0,2940084079.0,0.225060317446043,0.5855999231787329,0.3105949753049794,0.5534449079944632,-0.07729722928103393,0.225060317446043,-0.14107514350153424,1032.8482428402565,-200.78476715090613,113.30295935494487,0.0,0.7061308423925741,0.0,0.061563707751256753,0.19907491809506747,-0.07917180206931058,-2076.612263797464,-0.25343591093861895,0.09826589595375723,-687.3776686189308,0.0,88.62633887827701,-0.09924435408808112,0.09710905539215699,0.11032804445759253,-695.1373710355368,0.0,78.94717256739995,Aerospace & Defense,Industrials,POWWP
2020Q1,2020,Q1,2019-08-14,2019-06-30,-4035463.0,4184295.0,-3647341.0,-0.0346,-653216.0,-0.156111364,47937175.0,28348052.0,9846714.0,14766073.0,19589123.0,5553121.0,-23291967.0,2926303857.0,2939100527.0,0.24702674818638973,0.6668471705374882,0.2781902145881563,0.4704257280182779,-0.08313183444364211,0.24702674818638973,-0.14235415541074922,699.3540983606557,-181.28674807574745,103.22768763793717,0.0,0.8711337282223817,0.0,0.0872870585302534,0.23917604904161047,-0.08418232822438952,-1464.6678597348255,-0.15611136404101528,0.6540000000000001,-759.8338989441932,0.0,97.48659816271447,-0.3856966179393677,0.6642010954192715,-0.05606372040757295,-758.688064759036,0.0,87.9281497904075,Aerospace & Defense,Industrials,POWWP
2019Q4,2019,Q4,2019-07-01,2019-03-31,-12017499.0,1284922.0,-3453713.0,-0.1,-471399.0,-0.36686974,43587164.0,29528933.0,8626870.0,4482375.0,14058231.0,4772597.0,-19450565.0,2926303857.0,2934529064.0,0.25731702116264543,1.9246203184695614,0.23875040367388894,0.3524154767122808,-0.13435323001835098,0.25731702116264543,-0.40697369593408605,2277.417506276646,-60.875891418838485,99.09954609602725,0.0,0.36800111134462016,0.0,0.029479366907193136,0.7577605622019576,-0.27571188159890375,-1063.3777295281977,-0.36686973995308664,-13.34567901234568,-2083.923490631506,0.0,103.35332062391682,-4.1753178314999015,-13.73713435385866,-0.5926113110622826,-2010.633578841647,0.0,92.76289636912826,Aerospace & Defense,Industrials,POWWP
2019Q3,2019,Q3,2019-02-14,2018-12-31,943501.0,444417.0,-2168585.0,0.0081,-91086.0,-0.204956156,22313708.0,18727330.0,10901406.0,3586378.0,3586378.0,3951308.0,-11714959.0,2926303857.0,2921806060.0,0.1631911579713986,3.039670107278151,0.06926258065221612,0.0825267136318952,0.16476632545344042,0.1631911579713986,0.05038096728150783,6584.590276699586,775.3844079126571,156.2584659425556,0.0,0.13552550193505544,0.0,0.01991677044442815,1.8590446963482377,0.04228346987421364,-1205.3657744618329,-0.20495615604263565,1.5955882352941175,188.20257936507937,0.0,67.2361001075208,-1.4839362657330024,1.5964564141596769,-0.3733635543801519,196.26096854304637,0.0,59.74042940263163,Aerospace & Defense,Industrials,POWWP
2019Q2,2019,Q2,2018-11-14,2018-09-30,-1581844.0,1311368.0,-1579032.0,-0.0136,188219.0,0.1435287425,15248588.0,14260182.0,11562716.0,988406.0,988406.0,3378406.0,-11102417.0,2926303857.0,2919633928.0,0.12426414301787253,11.698346630837936,0.0018302678254537403,0.001957127896404127,-0.11061216989622474,0.12426414301787253,-0.11092733599052242,2231.489449948451,-462.4830035389078,205.20803009386555,0.0,0.33244938589382095,0.0,0.08599930695222403,7.873846374870245,-0.10373708044312037,-1263.6773064790204,0.14352874250401107,0.11111111111111112,-320.12139667072677,0.0,52.3517731620189,0.3019049331820823,0.1124818565433987,0.11256883915228719,-306.75175097276264,0.0,46.41705124162773,Aerospace & Defense,Industrials,POWWP
2019Q1,2019,Q1,2018-08-14,2018-06-30,-1782323.0,1118689.0,-1779329.0,-0.0153,144572.0,0.1292334152,14184167.0,13257876.0,11224651.0,926291.0,926291.0,3123239.0,-9521979.0,2926303857.0,2919307108.0,0.1155299840757446,12.117845255972474,0.004919076319391896,0.005262758529345123,-0.13361882066297953,0.1155299840757446,-0.13443503318329422,2615.833227107802,-410.46205668108416,220.72192084161898,0.0,0.31189319805496796,0.0,0.07886885426546374,8.523737140920078,-0.12565581045400834,-1250.1388881412759,0.12923341518509612,0.006493506493506567,-360.1596757852077,0.0,49.6045972797595,-0.5067047912813829,0.0054789185231973805,0.012753049690564464,-349.2993317610063,0.0,43.71732133018433,Aerospace & Defense,Industrials,POWWP
2018Q4,2018,Q4,2018-03-31,2018-03-31,-1792142.0,1766685.0,-1802314.0,-0.0154,293074.0,0.1658892219,10672711.0,9552129.0,8323045.0,1120582.0,1120582.0,2405007.0,-7741153.0,2926303857.0,2922022121.0,0.083237866401787,7.427430567330191,0.00936097679399358,0.010459134293517183,-0.18620046662272247,0.083237866401787,-0.18761702234130212,1656.3812207609167,-408.21316851566445,306.35095662966864,0.0,0.6127262831251634,0.0,0.1655329184871585,4.994693828742564,-0.16791816062479345,-1013.6267223976467,0.165889221904301,0.012820512820512744,-232.41260744985675,0.0,36.664229843000356,2.1189148121423145,0.018557218180663165,0.08367134648373113,-359.44690265486724,0.0,32.29024322332324,Aerospace & Defense,Industrials,POWWP
2018Q3,2018,Q3,2018-04-11,2017-12-31,-1826028.0,40592.0,-1966886.0,-0.0156,-261927.0,-6.452675404,4917504.0,2503957.0,3019061.0,2413547.0,2413547.0,1792314.0,-5943925.0,2926303857.0,2927198914.0,0.021819642327047653,1.250881379148614,0.342019040553907,0.6716888508868164,-0.4524403286517433,0.021819642327047653,-0.729256932127828,72090.65473492314,-400.6378676832995,1168.6717691238307,0.0,0.1687868308789643,0.0,0.008254594200635118,0.4027329900764311,-0.3713322856473528,-1817.6782577692086,-6.452675404020496,-2.0588235294117645,-275.21055816064137,0.0,10.624791952551726,-5.896472435645785,-2.0790663793365103,-2.6121199432899194,-327.3632440208595,0.0,9.338074084927275,Aerospace & Defense,Industrials,POWWP
2018Q2,2018,Q2,2017-11-17,2017-09-30,-593046.0,152612.0,-544524.0,-0.0051,53493.0,0.3505163421,3871716.0,1012404.0,2182006.0,2859312.0,2859312.0,1608394.0,-4047468.0,2926303857.0,2928504231.0,0.008822153563528588,0.7631227372179041,0.5791496587043058,2.2148302456331663,-0.1744397174317693,0.008822153563528588,-0.5857799850652506,19174.795278221896,-1233.5905886727169,2890.450706437351,0.0,0.061626069234279664,0.0,0.03941714733208737,0.11009921267773506,-0.15317394147711247,-8524.017864789208,0.3505163420962965,0.05555555555555554,-88.09945913461537,0.0,4.992963829191432,0.6576696622249768,0.06209315713228363,0.07208610388769414,-111.04345361798602,0.0,4.434870378601019,Aerospace & Defense,Industrials,POWWP
2018Q1,2018,Q1,2017-08-21,2017-06-30,-632308.0,315579.0,-586826.0,-0.0054,32270.0,0.1022564873,4350009.0,1703913.0,1958435.0,2646096.0,2646096.0,1550664.0,-1862021.0,2926303857.0,2928396343.0,0.014848007460354449,0.7401224294205502,0.49132082255462,1.2543187357570487,-0.15847247457167635,0.014848007460354449,-0.3710917165371706,9272.809207837023,-1156.9930544133556,1717.4021543353447,0.0,0.18270173293505235,0.0,0.07254674645500733,0.10346412223895127,-0.14535786017913985,-3068.005842864377,0.10225648728210686,0.5846153846153845,-75.41184290030212,0.0,7.901478790235366,-0.827756457131267,0.5836271327068833,0.1322351201478743,-118.21342383107088,0.0,6.799508514208501,Aerospace & Defense,Industrials,POWWP
2017Q4,2017,Q4,2017-05-17,2017-03-31,-1518610.0,653784.0,-676250.0,-0.013,187351.0,0.286564064,3912246.0,852855.0,1804536.0,3059391.0,3059391.0,1493872.0,-1252454.0,2926303857.0,2928778155.0,0.007431833316959607,0.5898350357963399,0.6580447650786786,3.018605741890474,-0.27303989292986675,0.007431833316959607,-1.780619214286133,4475.949024448441,-481.7405155043098,3431.1856728283237,0.0,0.3122309006394122,0.0,0.16711219079781792,0.04570517465730925,-0.38816833092806535,-3646.3573320806254,0.28656406397219875,-3.814814814814815,-154.643128010659,0.0,4.574173567573004,0.0,-3.791066577908741,-98.06973337239965,-262.46460791117283,0.0,3.9561698440207973,Aerospace & Defense,Industrials,POWWP
2017Q3,2017,Q3,2017-03-16,2016-12-31,-316967.0,0.0,-6826.0,-0.0027,0.0,0.0,0.0,-625575.0,185192.0,625575.0,625575.0,0.0,-7791942.0,2926303857.0,2926303857.0,-0.005451300780621567,0.2960348479398953,0.0,0.0,0.010897808753647792,-0.005451300780621567,0.5066810534308436,0.0,-2308.0508830572267,-4677.782611197697,0.0,0.0,0.0,0.0,0.2960348479398953,0.0,-185197.3835200304,0.0,0.0,-46.67137915476012,0.0,-1.733451601204235,0.0,-59.55922812380589,-4.522653721682848,-61.89027777777778,0.0,-1.212576396355611,Aerospace & Defense,Industrials,POWWP
2017Q2,2017,Q2,2016-11-14,2016-09-30,-5234.0,0.0,-1236.0,0.0,0.0,0.0,0.0,-331343.0,272879.0,331343.0,331343.0,0.0,-7474975.0,2926303857.0,2926502123.0,-0.0028873442106118236,0.8235544435826319,0.0,-0.5983708724795755,0.009287855902973466,-0.0028873442106118236,0.01579631982567913,0.0,-139773.77994841422,-8831.64532523699,0.0,0.0,0.0,0.0,0.8235544435826319,0.0,0.0,0.0,0.0,-0.43751716561384235,0.0,-0.49113222236723086,0.0,0.014683734939759037,-0.06735751295336788,-0.06252537555826233,0.0,-0.19318607398017962,Aerospace & Defense,Industrials,POWWP
2017Q1,2017,Q1,2016-08-15,2016-06-30,-5312.0,0.0,-1158.0,0.0,0.0,0.0,0.0,-326109.0,229012.0,326109.0,326109.0,0.0,-7469741.0,2926303857.0,2926502123.0,-0.0028417347980141763,0.7022559941614613,0.0,-0.6079746342480582,0.009412366451970374,-0.0028417347980141763,0.01628903219475697,0.0,-137721.3788121235,-8973.391893507998,0.0,0.0,0.0,0.0,0.7022559941614613,0.0,-2923380.4765234767,0.0,1.0,0.540245802319543,0.0,-0.49201853876807783,0.0,0.11081352527619685,0.3637362637362637,-0.07639311043566362,0.0,-0.1955456978406717,Aerospace & Defense,Industrials,POWWP
2016Q4,2016,Q4,2016-05-13,2016-03-31,-5974.0,0.0,-1820.0,-0.0001,0.0,0.0,0.0,-321796.0,0.0,321797.0,321797.0,0.0,-7464428.0,2926303857.0,2926502123.0,-0.002804151038645882,0.0,0.0,-0.616123258213278,0.015243594424502115,-0.002804151038645882,0.018564556427053163,0.0,-122459.98732005357,-9093.661378637396,0.0,0.0,0.0,0.0,0.0,0.0,-978042.7329545454,0.0,0.0,-0.35803591725392137,0.0,-0.5544574064681305,0.0,-0.236341059602649,-1.8706624605678233,0.22193279499869756,0.0,-0.20147105494054182,Aerospace & Defense,Industrials,POWWP
2016Q3,2016,Q3,2016-03-30,2015-12-31,-4832.0,0.0,-634.0,0.0,0.0,0.0,0.0,-318815.0,0.0,318815.0,318815.0,0.0,-7458454.0,2926303857.0,2926502123.0,-0.0027781744129382804,0.0,0.0,-0.6218841647977668,0.0054863564534797914,-0.0027781744129382804,0.015156125025484999,0.0,-151402.31048220198,-9178.689387262204,0.0,0.0,0.0,0.0,0.0,0.0,0.0,0.0,0.0,0.32954072429582354,0.0,-0.5734937023729617,0.0,0.05992217898832685,0.32696390658174096,0.26909695961276653,0.0,-0.22547154218414261,Aerospace & Defense,Industrials,POWWP
2016Q2,2016,Q2,2015-12-14,2015-09-30,-5140.0,0.0,-942.0,0.0,0.0,0.0,0.0,-313983.0,0.0,313983.0,313983.0,0.0,-7453622.0,2926303857.0,2926502123.0,-0.002736068054193184,0.0,0.0,-0.6314545691964215,0.008470126704130441,-0.002736068054193184,0.016370313042425862,0.0,-142329.95413424124,-9319.943617966577,0.0,0.0,0.0,0.0,0.0,0.0,-1925199.9059210527,0.0,0.0,0.19055118110236222,0.0,-0.6067990727141532,0.0,-0.010220125786163521,-0.008565310492505354,0.22776442307692316,0.0,-0.2383621182660413,Aerospace & Defense,Industrials,POWWP
2016Q1,2016,Q1,2015-08-18,2015-06-30,-5088.0,0.0,-934.0,0.0,0.0,0.0,0.0,-310363.0,0.0,310363.0,310363.0,0.0,-7448482.0,2926303857.0,2926502123.0,-0.0027045231413916015,0.0,0.0,-0.6388197046684044,0.008672988922806758,-0.0027045231413916015,0.016393706724061825,0.0,-143784.58416863208,-9428.649217206948,0.0,0.0,0.0,0.0,0.0,0.0,0.0,0.0,0.0,0.6520549818778637,0.0,-0.6416198118047803,0.0,-0.02333065164923572,-0.08478513356562137,0.38513595166163134,0.0,-0.257085110433349,Aerospace & Defense,Industrials,POWWP
2015Q4,2015,Q4,2015-05-15,2015-03-31,-4972.0,0.0,-861.0,0.0,0.0,0.0,0.0,-305275.0,0.0,305275.0,305275.0,0.0,-7443394.0,2926303857.0,2926502123.0,-0.002660185982183189,0.0,0.0,-0.6494668741298829,0.008383271488778193,-0.002660185982183189,0.016286954385390223,0.0,-147139.17221440063,-9585.795944640078,0.0,0.0,0.0,0.0,0.0,0.0,2926303857.0,0.0,0.0,0.12356777719019915,0.0,-0.7500687931390309,0.0,0.10591620212192052,0.36830520909757886,0.49041713641488155,0.0,-0.2793567908271029,Aerospace & Defense,Industrials,POWWP
2015Q3,2015,Q3,2015-03-31,2014-12-31,-5561.0,0.0,-1363.0,0.0,0.0,0.0,0.0,-300304.0,0.0,300304.0,300304.0,0.0,-7438423.0,2926303857.0,2926502123.0,-0.002616868368499027,0.0,0.0,-0.6602176461185998,0.013856099906439866,-0.002616868368499027,0.01851790185944909,0.0,-131554.7499100881,-9744.471791917524,0.0,0.0,0.0,0.0,0.0,0.0,0.0,0.0,0.0,0.33821254313935495,0.0,-0.7794421763064178,0.0,-0.05063291139240506,-0.2447488584474886,0.16363362911716037,0.0,-0.31217911465137915,Aerospace & Defense,Industrials,POWWP
2015Q2,2015,Q2,2014-12-01,2014-09-30,-5293.0,0.0,-1095.0,0.0,0.0,0.0,0.0,-294743.0,0.0,294743.0,294743.0,0.0,-7432862.0,2926303857.0,2926502123.0,-0.002568409456872065,0.0,0.0,-0.6726741602005816,0.011795559525564941,-0.002568409456872065,0.017958017662845258,0.0,-138215.74990553563,-9928.323512348046,0.0,0.0,0.0,0.0,0.0,0.0,-672249.9097174363,0.0,0.0,0.1513548180214848,0.0,-0.8380082314791716,0.0,0.0020739064856711916,0.04699738903394256,-0.45372150508102155,0.0,-0.32642242213411693,Aerospace & Defense,Industrials,POWWP
2015Q1,2015,Q1,2014-07-28,2014-06-30,-5304.0,0.0,-1149.0,0.0,0.0,0.0,0.0,-293803.0,0.0,293803.0,293803.0,0.0,-7427569.0,2926303857.0,2926502123.0,-0.0025602182364208256,0.0,0.0,-0.6748263292069856,0.012498021823710046,-0.0025602182364208256,0.018052913006334177,0.0,-137929.10336538462,-9960.088416387853,0.0,0.0,0.0,0.0,0.0,0.0,2926303857.0,0.0,0.0,-0.2040862656072645,0.0,-0.9062891327056959,0.0,0.0798056904927134,0.15265486725663716,0.5409382032196642,0.0,-0.34421166771134054,Aerospace & Defense,Industrials,POWWP
2014Q4,2014,Q4,2014-05-12,2014-03-31,-5764.0,0.0,-1356.0,0.0,0.0,0.0,0.0,-288500.0,0.0,288500.0,288500.0,0.0,-7422266.0,2926303857.0,2926502123.0,-0.0025140075533858,0.0,0.0,-0.6872305025996533,0.015567767275010684,-0.0025140075533858,0.019979202772963604,0.0,-126921.57603226925,-10143.167615251301,0.0,0.0,0.0,0.0,0.0,0.0,0.0,0.0,0.0,0.4468860953843201,0.0,-0.9269560106333239,0.0,-0.14365079365079364,-0.3546453546453546,-0.3102977949533986,0.0,-0.39361881989227826,Aerospace & Defense,Industrials,POWWP
2014Q3,2014,Q3,2014-02-26,2013-12-31,-5040.0,0.0,-1001.0,0.0,0.0,0.0,0.0,-282736.0,0.0,282736.0,282736.0,0.0,-7416502.0,2926303857.0,2926502123.0,-0.002463779686703943,0.0,0.0,-0.7012407334050139,0.01234004541687743,-0.002463779686703943,0.017825816309207175,0.0,-145153.96116071427,-10349.951392818743,0.0,0.0,0.0,0.0,0.0,0.0,-713558.6093635699,0.0,0.0,-1.693746659540353,0.0,-1.0297350265978449,0.0,-0.023142509135200974,-0.08333333333333333,0.30067989454696825,0.0,-0.39542780431950086,Aerospace & Defense,Industrials,POWWP
2014Q2,2014,Q2,2013-11-19,2013-09-30,-4926.0,0.0,-924.0,0.0,0.0,0.0,0.0,-277696.0,0.0,277696.0,277696.0,0.0,-7411462.0,2926303857.0,2926498023.0,-0.0024198608025824027,0.0,0.0,-0.6992034454943535,0.01153002316986419,-0.0024198608025824027,0.017738822309287854,0.0,-148513.1880328867,-10537.796212404932,0.0,0.0,0.0,0.0,0.0,0.0,0.0,0.0,0.0,0.188601548344589,0.0,-1.0218717691086747,0.0,0.00182370820668693,0.052307692307692305,0.224251968503937,0.0,-0.4211013822290683,Aerospace & Defense,Industrials,POWWP
2014Q1,2014,Q1,2013-08-14,2013-06-30,-4935.0,0.0,-975.0,0.0,0.0,0.0,0.0,-272770.0,0.0,272770.0,272770.0,0.0,-7406536.0,2926303857.0,2926498023.0,-0.0023769353217921825,0.0,0.0,-0.7118304798914836,0.01292787494471237,-0.0023769353217921825,0.018092165560728818,0.0,-148242.3433130699,-10728.100073321846,0.0,0.0,0.0,0.0,0.0,0.0,-259677.33223888543,0.0,1.0,0.22878574777308947,0.0,-1.0778518377451913,0.0,0.3572544933576452,0.7479317476732161,0.66251795117281,0.0,-0.44277712248557316,Aerospace & Defense,Industrials,POWWP
2013Q4,2013,Q4,2013-05-02,2013-03-31,-7678.0,0.0,-3868.0,-0.0001,0.0,0.0,5634.0,-267835.0,5634.0,273469.0,273469.0,0.0,-7401601.0,2926303857.0,2926486753.0,-0.002333931414423174,0.020601969510255277,33.46290379836706,-0.7039035226912091,0.05007818069923757,-0.002333931414423174,0.0286669031306588,0.0,-95282.10005860902,-10925.770929863535,0.0,0.0,0.0,0.0,0.020601969510255277,-1.3627973020944266,0.0,0.0,0.0,0.8243502928257688,0.0,-1.1448076491879944,0.0,-0.16139767054908485,-0.42049210429673156,-0.3534285210646923,0.0,-0.5354341993625169,Aerospace & Defense,Industrials,POWWP
2013Q3,2013,Q3,2013-04-01,2012-12-31,-6611.0,0.0,-2723.0,-0.0001,0.0,0.0,0.0,-260157.0,0.0,260157.0,260157.0,0.0,-7393923.0,2926303857.0,2926486754.0,-0.0022670248286523038,0.0,0.0,-0.7030254807673828,0.03634413339453089,-0.0022670248286523038,0.025411578393047276,0.0,-110660.40905309333,-11248.222638637437,0.0,0.0,0.0,0.0,0.0,0.0,0.0,0.0,0.0,-1.0496929425648505,0.0,-1.525305765870705,0.0,0.006760817307692308,0.044226044226044224,0.21325717005831255,0.0,-0.5415523544852842,Aerospace & Defense,Industrials,POWWP
2013Q2,2013,Q2,2012-11-14,2012-09-30,-6656.0,0.0,-2849.0,-0.0001,0.0,0.0,0.0,-253547.0,0.0,253547.0,253547.0,0.0,-7387313.0,2926303857.0,2926303857.0,-0.002209424863564331,0.0,0.0,0.0,0.011584672600705012,-0.002209424863564331,0.026251543106406306,0.0,-109912.25424429086,-11541.465120865165,0.0,0.0,0.0,0.0,0.0,0.0,-728298.6204579392,0.0,0.0,0.3248808195557359,0.0,-0.030440101277346397,0.0,0.19564954682779456,0.3723287067636043,-0.06717973384640052,0.0,-0.5811112496882015,Aerospace & Defense,Industrials,POWWP
2013Q1,2013,Q1,2012-08-14,2012-06-30,-8275.0,0.0,-4539.0,-0.0001,0.0,0.0,0.0,-246891.0,0.0,246891.0,246891.0,0.0,-78422.0,2926303857.0,2926303857.0,-0.002151424051518106,0.0,0.0,0.0,0.01883997817916238,-0.002151424051518106,0.03351681511274206,0.0,-88407.97151057403,-11852.614542449906,0.0,0.0,0.0,0.0,0.0,0.0,-243757.08929612662,0.0,0.0,-4.270700636942674,0.0,-0.04547937548433,0.0,0.15189095008711695,0.2713116069995184,-0.8785471055618616,0.0,-0.6019088649974371,Aerospace & Defense,Industrials,POWWP
2012Q4,2012,Q4,2012-05-15,2012-03-31,-9757.0,0.0,-6229.0,-0.0001,0.0,0.0,0.0,-238616.0,0.0,238616.0,238616.0,0.0,-70147.0,2926303857.0,2926303857.0,-0.002079315169354267,0.0,0.0,0.0,0.0266509987336236,-0.002079315169354267,0.04088996546752942,0.0,-74979.60072255817,-12263.653137258189,0.0,0.0,0.0,0.0,0.0,0.0,0.0,0.0,0.0,0.6603425468216946,0.0,-0.017200881571823732,0.0,-0.4674387125883592,-1.002250080360013,0.06371749352269462,0.0,-0.5937696202193459,Aerospace & Defense,Industrials,POWWP
2012Q3,2012,Q3,2012-04-16,2011-12-31,-6649.0,0.0,-3111.0,-0.0001,0.0,0.0,0.0,-228859.0,0.0,228859.0,228859.0,0.0,-7362625.0,2926303857.0,2926470732.0,-0.001994292043883261,0.0,0.0,-0.7291607496318694,0.05174690362722871,-0.001994292043883261,0.029052822917167338,0.0,-110027.96875469996,-12786.492368663674,0.0,0.0,0.0,0.0,0.0,0.0,-3547034.978181818,0.0,0.0,-1.0499785773882453,0.0,-1.221500679479713,0.0,-0.8261466630046691,-20.908450704225352,-2.5537145911277395,0.0,-0.6429571347552353,Aerospace & Defense,Industrials,POWWP
2012Q2,2012,Q2,2011-11-18,2011-09-30,-3641.0,0.0,-142.0,0.0,0.0,0.0,0.0,-222209.0,0.0,222209.0,222209.0,0.0,-53740.0,2926303857.0,2926303857.0,-0.001936343516222895,0.0,0.0,0.0,0.0006761805989182599,-0.001936343516222895,0.016385474935758676,0.0,-200927.2079785773,-13169.150920979799,0.0,0.0,0.0,0.0,0.0,0.0,-757521.0605746829,0.0,1.0,0.6306927680292119,0.0,0.0969206322112356,0.0,0.6848710403323525,0.9825724104074619,0.40026354801515396,0.0,-0.617877477320053,Aerospace & Defense,Industrials,POWWP
2012Q1,2012,Q1,2011-08-15,2011-06-30,-11554.0,0.0,-8148.0,-0.0001,0.0,0.0,0.0,-218569.0,0.0,218569.0,218569.0,0.0,-50100.0,2926303857.0,2926303857.0,-0.0019046243221351158,0.0,0.0,0.0,0.03793551011571123,-0.0019046243221351158,0.052862025264333,0.0,-63317.98201921413,-13388.467060745119,0.0,0.0,0.0,0.0,0.0,0.0,-1833523.719924812,0.0,0.0,-6.359235668789808,0.0,0.07445236310665636,0.0,-1.6265060240963856,-5.756218905472637,-0.805594624160025,0.0,-0.664970481812988,Aerospace & Defense,Industrials,POWWP
2011Q4,2011,Q4,2011-05-16,2011-03-31,-4399.0,0.0,-1206.0,0.0,0.0,0.0,0.0,-207015.0,0.0,207015.0,207015.0,0.0,-7340781.0,2926303857.0,2926303857.0,-0.0018039420230993462,0.0,0.0,0.0,0.006103143483101816,-0.0018039420230993462,0.021249667898461465,0.0,-166305.06120709254,-14135.709281936091,0.0,0.0,0.0,0.0,0.0,0.0,-328392.308046235,0.0,1.0,0.8468634686346864,0.0,0.1175116484284747,0.0,0.3896212016095463,0.6668508287292818,0.899364019033675,0.0,-0.6577645023863671,Aerospace & Defense,Industrials,POWWP
2011Q3,2011,Q3,2011-04-14,2010-12-31,-7207.0,0.0,-3620.0,-0.0001,0.0,0.0,0.0,-202616.0,0.0,202616.0,202616.0,0.0,-7336382.0,2926303857.0,2926455537.0,-0.0017656088542004065,0.0,0.0,-0.7486082046827497,0.0766878941619383,-0.0017656088542004065,0.035569747700082914,0.0,-101509.08342583598,-14442.609946894618,0.0,0.0,0.0,0.0,0.0,0.0,0.0,0.0,0.0,-1.0541728992686246,0.0,-0.9667637351970493,0.0,-0.13496062992125984,-0.11556240369799692,-1.0541728992686246,0.0,-0.9667637351970493,Aerospace & Defense,Industrials,POWWP
2011Q2,2011,Q2,2010-11-12,2010-09-30,-6350.0,0.0,-3245.0,-0.0001,0.0,0.0,0.0,-195409.0,0.0,195409.0,195409.0,0.0,-7329175.0,2926303857.0,2926303857.0,-0.0017028065927194656,0.0,0.0,0.0,0.0171462340797228,-0.0017028065927194656,0.03249594440378897,0.0,-115208.81326771654,-14975.276763096888,0.0,0.0,0.0,0.0,0.0,0.0,-383978.9866159297,0.0,0.0,0.3559184501470738,0.0,0.20583848457877638,0.0,0.5657525815496136,0.7193634869843466,0.3559184501470738,0.0,0.20583848457877638,Aerospace & Defense,Industrials,POWWP
2011Q1,2011,Q1,2010-08-16,2010-06-30,-14623.0,0.0,-11563.0,-0.0001,0.0,0.0,0.0,-189059.0,0.0,189059.0,189059.0,0.0,-7322825.0,2926303857.0,2926303857.0,-0.0016474722843520485,0.0,0.0,0.0,0.06200890262732437,-0.0016474722843520485,0.07734622525243443,0.0,-50029.129744238526,-15478.257353524561,0.0,0.0,0.0,0.0,0.0,0.0,-323455.71537526255,0.0,0.0,-8.314012738853503,0.0,0.19941478122049025,0.0,-1.5776485104882778,-3.1164115343538628,-8.314012738853503,0.0,0.19941478122049025,Aerospace & Defense,Industrials,POWWP
2010Q4,2010,Q4,2010-05-14,2010-03-31,-5673.0,0.0,-2809.0,0.0,0.0,0.0,0.0,-174436.0,0.0,174436.0,174436.0,0.0,-7308202.0,2926303857.0,2926303857.0,-0.0015200465219494122,0.0,0.0,0.0,0.016691791657873045,-0.0015200465219494122,0.03252195647687404,0.0,-128957.51176626123,-16775.802340113278,0.0,0.0,0.0,0.0,0.0,0.0,0.0,0.0,1.0,0.8025134024925155,0.0,0.2563933140365162,0.0,0.32488397001071045,0.3577960676726109,0.8025134024925155,0.0,0.2563933140365162,Aerospace & Defense,Industrials,POWWP
2010Q3,2010,Q3,2010-04-15,2009-12-31,-8403.0,0.0,-4374.0,-0.0001,0.0,0.0,0.0,-168763.0,0.0,168763.0,168763.0,0.0,-294.0,2926303857.0,2926438869.0,-0.0014706116351197497,0.0,0.0,-0.8000094807511126,0.13275588607046768,-0.0014706116351197497,0.04979171974899711,0.0,-87061.28338093538,-17339.724092366218,0.0,0.0,0.0,0.0,0.0,0.0,-283062.86099825887,0.0,0.0,-1.0631628794996881,0.0,-0.6381576392933412,0.0,-0.3472823472823473,-0.2532951289398281,-1.0631628794996881,0.0,-0.6381576392933412,Aerospace & Defense,Industrials,POWWP
2010Q2,2010,Q2,2009-11-19,2009-09-30,-6237.0,0.0,-3490.0,-0.0001,0.0,0.0,0.0,-160360.0,0.0,160360.0,160360.0,0.0,-7294126.0,2926303857.0,2926303857.0,-0.0013973873527242527,0.0,0.0,0.0,0.022484536924601443,-0.0013973873527242527,0.03889373908705413,0.0,-117296.13023088023,-18248.340340483912,0.0,0.0,0.0,0.0,0.0,0.0,0.0,0.0,0.0,0.3673800588294959,0.0,0.3482810893410876,0.0,-0.41589103291713964,-1.0675355450236967,0.3673800588294959,0.0,0.3482810893410876,Aerospace & Defense,Industrials,POWWP
2010Q1,2010,Q1,2009-08-18,2009-06-30,-4405.0,0.0,-1688.0,0.0,0.0,0.0,0.0,-154123.0,0.0,154123.0,154123.0,0.0,-7287889.0,2926303857.0,2926303857.0,-0.0013430377336238464,0.0,0.0,0.0,0.011473208895194762,-0.0013430377336238464,0.028581068367472734,0.0,-166078.53898978434,-18986.808308948046,0.0,0.0,0.0,0.0,0.0,0.0,-52255426.01785714,0.0,1.0,-1.805732484076433,0.0,0.3473540234849736,0.0,0.5772958449285097,0.7863831941280689,-1.805732484076433,0.0,0.3473540234849736,Aerospace & Defense,Industrials,POWWP
2009Q4,2009,Q4,2009-05-13,2009-03-31,-10421.0,0.0,-7902.0,-0.0001,0.0,0.0,0.0,-149718.0,0.0,149718.0,149718.0,0.0,-7283484.0,2926303857.0,2926303857.0,-0.0013046522803390474,0.0,0.0,0.0,0.05381198543487763,-0.0013046522803390474,0.06960418920904635,0.0,-70202.08849918433,-19545.437803069774,0.0,0.0,0.0,0.0,0.0,0.0,-323027.2499172094,0.0,0.0,0.6372275986910813,0.0,0.3617641667483727,0.0,-4.569748797434527,-14.484641638225256,0.6372275986910813,0.0,0.3617641667483727,Aerospace & Defense,Industrials,POWWP
2009Q3,2009,Q3,2009-04-15,2008-12-31,-1871.0,0.0,586.0,0.0,0.0,0.0,0.0,-139297.0,0.0,139297.0,139297.0,0.0,29172.0,2926303857.0,2926421016.0,-0.0012138430161663146,0.0,0.0,-0.841073389950968,-0.02963852390145726,-0.0012138430161663146,0.013431732198109076,0.0,-391007.99799572426,-21007.658865589354,0.0,0.0,0.0,0.0,0.0,0.0,-1018198.9759916493,0.0,1.0,-1.014063756699264,0.0,-0.3521355076684139,0.0,0.6918135397792785,1.162913539060328,-1.014063756699264,0.0,-0.3521355076684139,Aerospace & Defense,Industrials,POWWP
2009Q2,2009,Q2,2008-11-19,2008-09-30,-6071.0,0.0,-3597.0,-0.0001,0.0,0.0,0.0,-137346.0,0.0,137346.0,137346.0,0.0,-7271112.0,2926303857.0,2926418142.0,-0.0011968418766978373,0.0,0.0,-0.8320955834170635,0.1612911188399778,-0.0011968418766978373,0.044202233774554775,0.0,-120503.3708202932,-21306.07267048185,0.0,0.0,0.0,0.0,0.0,0.0,-1137754.2212286158,0.0,0.0,0.38421746627447007,0.0,0.4418122630122289,0.0,0.051258009063916234,0.11924583741429971,0.38421746627447007,0.0,0.4418122630122289,Aerospace & Defense,Industrials,POWWP
2009Q1,2009,Q1,2008-08-08,2008-06-30,-6399.0,0.0,-4084.0,-0.0001,0.0,0.0,9.0,-131275.0,9.0,131284.0,131284.0,0.0,-7265041.0,2926303857.0,2926415651.0,-0.0011439387922728627,6.855366990646233e-05,12422.555555555555,-0.8516701580651305,0.21615516771119614,-0.0011439387922728627,0.04874500095219958,0.0,-114326.60794655416,-22291.40245286612,0.0,0.0,0.0,0.0,6.855366990646233e-05,-711.0,-429454.6312004696,0.0,0.75,-3.075796178343949,0.0,0.4441056781466096,0.0,0.8536099926793558,0.795277958794927,-3.075796178343949,0.0,0.4441056781466096,Aerospace & Defense,Industrials,POWWP
2008Q4,2008,Q4,2008-05-15,2008-03-31,-43712.0,0.0,-19949.0,-0.0004,0.0,0.0,89.0,-124876.0,89.0,124965.0,124965.0,0.0,-7258642.0,2926303857.0,2926408837.0,-0.001088177494754264,0.0007121994158364342,1180.5505617977528,-0.8413866555623178,2.0143383652244156,-0.001088177494754264,0.35004324289695377,0.0,-16736.27297424048,-23433.677063647137,0.0,0.0,0.0,0.0,0.0007121994158364342,-491.14606741573033,-239919.96859883578,0.0,-1.3636363636363635,-0.5216876697068858,0.0,0.46766362152092456,0.0,-1.3285702473747905,-6.810884886452623,-0.5216876697068858,0.0,0.46766362152092456,Aerospace & Defense,Industrials,POWWP
2008Q3,2008,Q3,2008-04-11,2007-12-31,133037.0,0.0,-2554.0,0.0011,0.0,0.0,500.0,-103020.0,500.0,103520.0,103520.0,0.0,-7302235.0,2926303857.0,2926303357.0,-0.0008977229051986312,0.004829984544049459,0.0,0.0,0.024643114624024343,-0.0008977229051986312,-1.2913706076490001,0.0,5499.041351278215,-28405.201485148515,0.0,0.0,0.0,0.0,0.004829984544049459,266.074,-42393.612021382934,0.0,12.0,0.0,0.0,0.0,0.0,14.493964905162795,0.7636279500231374,0.0,0.0,0.0,Aerospace & Defense,Industrials,POWWP
2008Q2,2008,Q2,2008-02-14,2007-09-30,-9859.0,0.0,-10805.0,-0.0001,0.0,0.0,2500.0,-246057.0,2500.0,248557.0,248557.0,0.0,0.0,2926303857.0,2926303857.0,-0.002144156521883708,0.010058055094002583,0.0,0.0,,-0.002144156521883708,0.040067951734760646,0.0,-74203.87100618724,-11892.78848803326,0.0,0.0,0.0,0.0,0.0,-3.9436,0.0,0.0,0.0,0.0,0.0,0.0,0.0,-5.279617834394904,-5.882165605095541,0.0,0.0,0.0,Aerospace & Defense,Industrials,POWWP
2008Q1,2008,Q1,2008-02-14,2007-06-30,-1570.0,0.0,-1570.0,0.0,0.0,0.0,1081.0,-236151.0,1081.0,237232.0,237232.0,0.0,-7358971.0,2926303857.0,2926303857.0,-0.0020578350008305375,0.0045567208471032575,0.0,0.0,,-0.0020578350008305375,0.006648288595009126,0.0,-465971.95175159234,-12391.664049697016,0.0,0.0,0.0,0.0,0.0,-1.452358926919519,-390173.8476,0.0,1.0,0.0,0.0,0.0,0.0,0.9453456798718931,0.9453456798718931,0.0,0.0,0.0,Aerospace & Defense,Industrials,POWWP
2007Q4,2007,Q4,2008-02-14,2007-03-31,-28726.0,0.0,-28726.0,-0.0002,0.0,0.0,1081.0,-234581.0,1081.0,235662.0,235662.0,0.0,-7357401.0,2926303857.0,2926303857.0,-0.0020441539198641054,0.004587078103385357,0.0,0.0,0.12245663544788367,-0.0020441539198641054,0.12245663544788367,0.0,-25467.380221750333,-12474.598782510091,0.0,0.0,0.0,0.0,0.0,-26.57354301572618,-491650.51360887097,0.0,0.0,0.0,0.0,0.0,0.0,0.0,0.0,0.0,0.0,0.0,Aerospace & Defense,Industrials,POWWP
