Quarters,Year,Quarter,FillingDate,Date,NetIncome,Revenue,OperatingIncome,EPSDiluted,GrossProfit,GrossProfitRatio,TotalAssets,CommonStockEquity,CurrentAssets,CurrentLiability,TotalLiability,Inventory,RetainedEarnings,MarketCap,EnterpriseValue,bookValuePerShare,currentRatio,debtToAssets,debtToEquity,roic,shareholdersEquityPerShare,roe,priceToSalesRatio,peRatio,pbRatio,payoutRatio,inventoryTurnover,dividendYield,assetTurnover,quickRatio,returnOnAssets,priceToFreeCashFlowsRatio,grossProfitMargin,epsdilutedGrowth,fiveYNetIncomeGrowthPerShare,fiveYRevenueGrowthPerShare,fiveYShareholdersEquityGrowthPerShare,grossProfitGrowth,netIncomeGrowth,operatingIncomeGrowth,threeYNetIncomeGrowthPerShare,threeYRevenueGrowthPerShare,threeYShareholdersEquityGrowthPerShare,Industry,Sector,Symbol
2023Q1,2023,Q1,2023-05-01,2023-03-31,8161000000.0,26258000000.0,22793000000.0,0.94,13602000000.0,0.5180135578,3194657000000.0,280196000000.0,643569000000.0,56564000000.0,2914461000000.0,0.0,213062000000.0,230684740000.0,183266740000.0,34.7383429003583,11.377713740188106,0.10656449190006939,1.214995931419435,0.03297569070350459,34.7383429003583,0.02912604034318834,8.785312666615889,7.06668116652371,0.8232977629944753,0.28819997549319937,0.0,0.010195732929711779,0.008219348743855756,11.377713740188106,0.0025545778466984095,-20.414578761061946,0.5180135577728692,0.10588235294117644,0.509699178150084,0.4531401453606993,0.34692162361245077,-0.44554051850644055,0.14427930454290522,0.24613197747526105,1.2243240013629622,0.26053491438113463,0.1559778334141078,Banks—Diversified,Financial Services,BAC
2022Q4,2022,Q4,2023-02-22,2022-12-31,7132000000.0,24532000000.0,18291000000.0,0.85,24532000000.0,1.0,3050706000000.0,273197000000.0,539271000000.0,26932000000.0,2777509000000.0,0.0,207003000000.0,267884495999.99997,333336496000.0,33.77681342185626,20.023429377691965,0.09929308166699774,1.1087749865481686,0.028673484869735207,33.77681342185626,0.026105703942576237,10.919798467308004,9.39023051037577,0.9805543106256657,0.2951486259113853,0.0,0.00785786423414366,0.008041417298159836,20.023429377691965,0.0023378195080089657,8.64199290276792,1.0,0.049382716049382616,2.6637691197691202,0.5540119930959626,0.32386760252990704,0.9366858766874556,0.007060152499293985,0.29201101928374656,0.1368295175769251,0.22372686788379467,0.15014124959865593,Banks—Diversified,Financial Services,BAC
2022Q3,2022,Q3,2022-10-28,2022-09-30,7082000000.0,24502000000.0,14157000000.0,0.81,12667000000.0,0.5169782059,3073383000000.0,269524000000.0,527879000000.0,21044000000.0,2803859000000.0,0.0,201957000000.0,244852540000.0,322593540000.0,33.24296656265032,25.084537160235698,0.0944125740267321,1.0765868716700553,0.02157988834014503,33.24296656265032,0.026275953161870556,9.993165455881153,8.643481361197402,0.9084628456092965,0.31827167466817285,0.0,0.009205540608237105,0.007972322356178842,25.084537160235698,0.0023043011560876076,18.6143028736506,0.516978205860746,0.10958904109589052,0.5943730550110978,0.4111769766187836,0.24425381258300363,0.16692768309534778,0.13366415879622218,0.5023877745940784,0.40671757785035695,0.23278327111994448,0.15236305675115963,Banks—Diversified,Financial Services,BAC
2022Q2,2022,Q2,2022-07-29,2022-06-30,6247000000.0,22688000000.0,9423000000.0,0.73,10855000000.0,0.478446756,3111606000000.0,269118000000.0,564549000000.0,27886000000.0,2842488000000.0,0.0,197159000000.0,252825408000.0,351565408000.0,33.136081560283685,20.244889908914868,0.0975647302389827,1.1280664987106028,0.01491377157024128,33.136081560283685,0.02321286573176079,11.143574047954866,10.117872898991516,0.9394593003812455,0.31935328957899795,0.0,0.007890820846613644,0.007291411573316159,20.244889908914868,0.0020076449267677206,-50.07435294117647,0.47844675599435826,-0.15116279069767444,0.4617992797436827,0.22533196098267314,0.2244434312795277,-0.5326760805923885,-0.11603226262912127,0.024127812194326703,-0.003118199448942288,0.15246158238817797,0.16268323673176024,Banks—Diversified,Financial Services,BAC
2022Q1,2022,Q1,2022-04-29,2022-03-31,7067000000.0,23228000000.0,9201000000.0,0.86,23228000000.0,1.0,3238223000000.0,266617000000.0,666446000000.0,24789000000.0,2971606000000.0,0.0,192929000000.0,335398896000.0,359318896000.0,32.76681250614492,26.884747266932912,0.09372393439241214,1.1383332645705262,0.014475573943290625,32.76681250614492,0.02650618677728727,14.439422076803858,11.8649673128626,1.2579801588045774,0.31441913117305786,0.0,0.006624947268759049,0.007173069921373543,26.884747266932912,0.002182369775027847,-7.382762403697997,1.0,0.023809523809523832,0.8063632811531946,0.2958941364400149,0.23410996936123588,0.05294650951949229,0.007699985740767147,0.026668154429814774,0.1554055943597017,0.20693704382583478,0.19353860062737316,Banks—Diversified,Financial Services,BAC
2021Q4,2021,Q4,2022-02-22,2021-12-31,7013000000.0,22060000000.0,8962000000.0,0.84,22060000000.0,1.0,3169495000000.0,270066000000.0,741563000000.0,23753000000.0,2899429000000.0,0.0,188064000000.0,365996985000.0,314501985000.0,32.82878502400778,31.219761714309772,0.09587331735812803,1.1251694030348136,0.014007145687954817,32.82878502400778,0.02596772640761888,16.59097846781505,13.047090581776702,1.3552131145719937,0.2801939255668045,0.0,0.005368896686403031,0.006960099321816252,31.219761714309772,0.002212655328372501,8.196837360865379,1.0,-0.011764705882352951,0.8462177639398415,0.3642686161654947,0.2511983262872689,-0.03101115698849161,-0.08815498634767911,0.0,0.1544325607962672,0.16243379463212407,0.21946269458066844,Banks—Diversified,Financial Services,BAC
2021Q3,2021,Q3,2021-10-29,2021-09-30,7691000000.0,22766000000.0,0.0,0.85,22766000000.0,1.0,3085446000000.0,272464000000.0,0.0,0.0,2812982000000.0,0.0,183007000000.0,357883215000.0,370410215000.0,32.31807560463544,0.0,0.09687383930880657,1.0970219918961772,0.0,32.31807560463544,0.028227582359504375,15.720074453131863,11.63318212846184,1.313506426537084,0.2788974125601352,0.0,0.005993575306402677,0.007378511890987559,0.0,0.0024926704275492102,36.53733690658499,1.0,-0.1747572815533981,0.8871422429655816,0.2793675048356907,0.22652770588629503,0.06056088698406783,-0.1661968777103209,0.0,0.27688556723253865,0.18931468392789796,0.23666646539667255,Banks—Diversified,Financial Services,BAC
2021Q2,2021,Q2,2021-07-30,2021-06-30,9224000000.0,21466000000.0,0.0,1.03,21466000000.0,1.0,3029894000000.0,277119000000.0,0.0,0.0,2752775000000.0,0.0,177499000000.0,355435584000.0,384288584000.0,32.1453925389755,0.0,0.0977720672736406,1.0689956300361938,0.0,32.1453925389755,0.033285339511184724,16.55807248672319,9.633444926279271,1.2826099401340219,0.19850390286209887,0.0,0.005151425694057689,0.007084736297705464,0.0,0.003044330923788093,-38.17372827838041,1.0,0.1976744186046512,1.592395705055202,0.25167389768814047,0.23415719912097854,-0.05937513693527891,0.1458385093167702,0.0,0.6058544587421734,0.12135338409098771,0.2387393012311399,Banks—Diversified,Financial Services,BAC
2021Q1,2021,Q1,2021-04-29,2021-03-31,8050000000.0,22821000000.0,0.0,0.86,22821000000.0,1.0,2969992000000.0,274000000000.0,0.0,0.0,2695992000000.0,0.0,170082000000.0,336606869000.0,275581869000.0,31.49389087481753,0.0,0.0918975539328052,0.9961131386861314,0.0,31.49389087481753,0.02937956204379562,14.749873756627668,10.45362947204969,1.228492222627737,0.26260869565217393,0.0,0.006280323411938454,0.007683859081101902,0.0,0.002710445011299694,-6.432633943586607,1.0,0.45762711864406785,2.5698180579327707,0.39000985520122305,0.23922412925445233,0.1354296233643465,0.4716636197440585,0.0,0.38061157455168954,0.17087118153161945,0.2211233780683606,Banks—Diversified,Financial Services,BAC
2020Q4,2020,Q4,2021-02-24,2020-12-31,5470000000.0,20099000000.0,0.0,0.59,20099000000.0,1.0,2819627000000.0,272924000000.0,0.0,0.0,2546703000000.0,0.0,164088000000.0,264451719000.0,159697719000.0,31.28104620110259,0.0,0.10010366619414554,1.0341890049977283,0.0,31.28104620110259,0.020042209552842548,13.157456540126374,12.086458820840951,0.9689573617563864,0.33418647166361976,0.0,0.006912414889615447,0.0071282478143385635,0.0,0.0019399729113106095,4.843970381360589,1.0,0.15686274509803913,0.9543845836579025,0.2291683101144305,0.2697051191302383,-0.011654209284028324,0.1206719934439664,0.0,1.604958943450846,0.18030066942065862,0.22604708507180074,Banks—Diversified,Financial Services,BAC
2020Q3,2020,Q3,2020-10-30,2020-09-30,4881000000.0,20336000000.0,0.0,0.51,20336000000.0,1.0,2738452000000.0,268850000000.0,0.0,0.0,2469602000000.0,0.0,160447000000.0,210375561000.0,177865561000.0,30.785878688637222,0.0,0.09990461764529741,1.0176083317835225,0.0,30.785878688637222,0.018155105077180583,10.344982346577497,10.77522848801475,0.7825016217221499,0.40626920712968656,0.0,0.009425999819437201,0.0074260932818979485,0.0,0.0017823938487875632,-6.4457246461180215,1.0,0.3783783783783784,0.29492727013531417,0.17420251057727526,0.25646890726959437,-0.08913374540894024,0.3815454288140391,0.0,0.02019223791901888,0.08738831931312241,0.15228726232550702,Banks—Diversified,Financial Services,BAC
2020Q2,2020,Q2,2020-07-31,2020-06-30,3533000000.0,22326000000.0,0.0,0.37,22326000000.0,1.0,2741688000000.0,265637000000.0,0.0,0.0,2476051000000.0,0.0,157578000000.0,207572625000.0,191791625000.0,30.393597180745775,0.0,0.10199409998511866,1.0526997368589466,0.0,30.393597180745775,0.013300105030549209,9.297349502821822,14.688128007359186,0.7814145808001144,0.5188225304273988,0.0,0.008830644214284037,0.008143158521319712,0.0,0.0012886221918759538,-69.05276946107784,1.0,-0.07500000000000007,-0.20306317872651639,0.21620847538734525,0.2666831353318398,-0.019370140993543287,-0.11895261845386533,0.0,-0.23176337563397284,0.12047868938029256,0.1231032357647761,Banks—Diversified,Financial Services,BAC
2020Q1,2020,Q1,2020-05-01,2020-03-31,4010000000.0,22767000000.0,0.0,0.4,22767000000.0,1.0,2619954000000.0,264918000000.0,0.0,0.0,2355036000000.0,0.0,155866000000.0,187155188000.0,211312188000.0,30.051045873224737,0.0,0.1094790213873984,1.0827123864743053,0.0,30.051045873224737,0.015136759299103873,8.220458909825625,11.668029177057356,0.7064645965921531,0.5194513715710724,0.0,0.011129801007707036,0.008689847226325348,0.0,0.001530561223594002,9.828030667436854,1.0,-0.45945945945945943,0.4253021490608296,0.28291031536720385,0.26345244704309406,0.01870329768669739,-0.42665141549899915,0.0,-0.05394552807315592,0.17237157488798538,0.13182493093960534,Banks—Diversified,Financial Services,BAC
2019Q4,2019,Q4,2020-02-19,2019-12-31,6994000000.0,22349000000.0,0.0,0.74,22349000000.0,1.0,2434079000000.0,264810000000.0,0.0,0.0,2169269000000.0,0.0,156319000000.0,317582262000.0,413975262000.0,29.367535016801412,0.0,0.10889539739671555,1.0009440731090216,0.0,29.367535016801412,0.026411389297987236,14.210132981341447,11.351953889047754,1.1992834938257617,0.26422647983986275,0.0,0.005818964788404965,0.009181706920769622,0.0,0.0028733660657686132,5.37336957514847,1.0,0.3214285714285713,1.6743809710911748,0.39049725420932613,0.26848292812441427,-0.020081553908887623,0.21066297386186603,0.0,0.679782027955327,0.26095820541715564,0.119280248517673,Banks—Diversified,Financial Services,BAC
2019Q3,2019,Q3,2019-10-28,2019-09-30,5777000000.0,22807000000.0,0.0,0.56,22807000000.0,1.0,2426330000000.0,268387000000.0,0.0,0.0,2157943000000.0,0.0,151183000000.0,271386012000.00003,380822012000.0,28.84765037189905,0.0,0.11296361170986634,1.0212379884271592,0.0,28.84765037189905,0.021524887569070037,11.899241987109223,11.74424493681842,1.011174207394546,0.08031850441405573,0.0,0.0017097417681203111,0.009399793103164038,0.0,0.0023809621939307516,-47.594881094352864,1.0,-0.24324324324324317,29.145259505589973,0.21597088472346287,0.27096766522811755,-0.011999653439611853,-0.2137996733805117,0.0,0.28450795427908304,0.16142013860994978,0.09481897572454162,Banks—Diversified,Financial Services,BAC
2019Q2,2019,Q2,2019-07-29,2019-06-30,7348000000.0,23084000000.0,0.0,0.74,23084000000.0,1.0,2395892000000.0,271408000000.0,0.0,0.0,2124484000000.0,0.0,147577000000.0,280172544000.0,365341544000.0,28.499663978494624,0.0,0.11071241942458174,0.9773293344337676,0.0,28.499663978494624,0.027073630843600777,12.137088199618784,9.532272182906913,1.0322928727229854,0.23081110506260208,0.0,0.006053412571361739,0.009634824942025767,0.0,0.003066916204904061,-41.66134483271375,1.0,0.0571428571428572,2.542830950198709,0.19208343365672464,0.2627814076397185,0.003477656059815684,0.005060867186431404,0.0,0.8694584242663741,0.21847269295241759,0.09418683965179427,Banks—Diversified,Financial Services,BAC
2019Q1,2019,Q1,2019-04-26,2019-03-31,7311000000.0,23004000000.0,0.0,0.7,23004000000.0,1.0,2377164000000.0,267010000000.0,0.0,0.0,2110154000000.0,0.0,141888000000.0,277577186000.0,344411186000.0,27.45350044725938,0.0,0.10429949300931698,0.9285682184187858,0.0,27.45350044725938,0.027380996966405752,12.066474786993567,9.4917653535768,1.0395759934084865,0.2634386540828888,0.0,0.00693861058163476,0.00967707739137897,0.0,0.003075513511057714,18.38137778955036,1.0,0.0,29.762267631876696,0.14672960935922452,0.2502724834242855,0.011787473610133709,0.004534212695795548,0.0,1.900156473298792,0.25337495379344127,0.08024252455719584,Banks—Diversified,Financial Services,BAC
2018Q4,2018,Q4,2019-02-26,2018-12-31,7278000000.0,22736000000.0,0.0,0.7,22736000000.0,1.0,2354507000000.0,265325000000.0,0.0,0.0,2089182000000.0,0.0,136314000000.0,242846912000.0,307477912000.0,26.92069644270379,0.0,0.10597929842637971,0.9404654668802412,0.0,26.92069644270379,0.027430509752190708,10.681162561576354,8.341814784281397,0.9152809271647979,0.23976367133827975,0.0,0.007185596825707218,0.009656373924562553,0.0,0.0030910929549158275,-17.443392616003447,1.0,0.06060606060606049,1.2832056616396808,0.16726775857363507,0.23019779055874975,-0.0018000614655134565,0.015487651737128506,0.0,1.301989451560568,0.2308908446041273,0.09271748342762838,Banks—Diversified,Financial Services,BAC
2018Q3,2018,Q3,2018-10-29,2018-09-30,7167000000.0,22777000000.0,0.0,0.66,22777000000.0,1.0,2338833000000.0,262158000000.0,0.0,0.0,2076675000000.0,0.0,130747000000.0,297436940000.0,367848940000.0,26.133219027871924,0.0,0.1125069639431289,1.0037267601980484,0.0,26.133219027871924,0.02733847527063832,13.058653027176538,10.375224640714384,1.1345712890699502,0.2658015906236919,0.0,0.006404718929666234,0.009738617507107177,0.0,0.0030643487585475322,15.170709986738753,1.0,0.04761904761904766,2.066899918085043,0.19618464555964618,0.205947218621326,0.007430669202529966,0.0564563679245283,0.0,0.6552448830683506,0.14488607593207797,0.06657917701424938,Banks—Diversified,Financial Services,BAC
2018Q2,2018,Q2,2018-07-30,2018-06-30,6784000000.0,22609000000.0,0.0,0.63,22609000000.0,1.0,2291670000000.0,264216000000.0,0.0,0.0,2027454000000.0,0.0,125546000000.0,287022123000.0,374828123000.0,25.950086920651756,0.0,0.11660361221292768,1.0113581312259667,0.0,25.950086920651756,0.025675962091622005,12.69503839179088,10.577171395931606,1.086316207194114,0.23157429245283018,0.0,0.0054734456827914965,0.009865731104391122,0.0,0.0029602866032194864,-44.03530576864069,1.0,0.01612903225806453,0.7896035840346213,0.0853349232507212,0.21037209259056278,-0.022313513513513513,-0.019369760046256145,0.0,0.31356709874807803,0.057218188062288164,0.08149546324869669,Banks—Diversified,Financial Services,BAC
2018Q1,2018,Q1,2018-04-30,2018-03-31,6918000000.0,23125000000.0,0.0,0.62,23125000000.0,1.0,2328478000000.0,266224000000.0,0.0,0.0,2062254000000.0,0.0,120298000000.0,309568596060.0,367587596060.0,25.790916332005928,0.0,0.11609686670863972,1.0154193461145502,0.0,25.790916332005928,0.025985636156018992,13.386750099891891,11.18706982003469,1.1628125039816095,0.2419774501300954,0.0,0.005407525250641213,0.009931380068869022,0.0,0.002971039451521552,7.67132368687119,1.0,2.0999999999999996,3.8802437123960045,0.06886420621738279,0.17371966596749042,0.13158152280289684,1.7452380952380953,0.0,1.0999771512328667,0.1128680531626645,0.08434150640294745,Banks—Diversified,Financial Services,BAC
2017Q4,2017,Q4,2018-02-22,2017-12-31,2520000000.0,20436000000.0,0.0,0.2,20436000000.0,1.0,2281234000000.0,267146000000.0,0.0,0.0,2014088000000.0,0.0,113816000000.0,309094237440.0,400575237440.0,25.513739710307036,0.0,0.11400321054306572,0.9735051245386418,0.0,25.513739710307036,0.009433044103224455,15.124987152084557,30.66411085714286,1.1570236404063696,0.6253968253968254,0.0,0.005098768624911443,0.008958309406224876,0.0,0.0011046652820359507,-43.855595550510785,1.0,-0.5833333333333333,2.543406749448896,0.2718750698927136,0.16041280938604563,-0.06424286826319886,-0.5489529264363702,0.0,-0.17016735231010396,0.09496506928793026,0.10202450551668177,Banks—Diversified,Financial Services,BAC
2017Q3,2017,Q3,2017-10-30,2017-09-30,5587000000.0,21839000000.0,0.0,0.48,21839000000.0,1.0,2283896000000.0,272459000000.0,0.0,0.0,2011437000000.0,0.0,113486000000.0,258414557940.0,337885557940.0,26.71719083877245,0.0,0.11442946614031461,0.9592085414686247,0.0,26.71719083877245,0.020505837575561826,11.83271019460598,11.563207353678182,0.9484530073882675,0.3080365133345266,0.0,0.006659841510939915,0.009562169205603058,0.0,0.0024462584986356646,12.623445749596991,1.0,0.04347826086956513,16.36416658024453,0.12936298206515276,0.20662963442925592,-0.043365894257304305,0.06035300816094136,0.0,25.83260185264337,0.062254125239283996,0.17710403530425528,Banks—Diversified,Financial Services,BAC
2017Q2,2017,Q2,2017-07-31,2017-06-30,5269000000.0,22829000000.0,0.0,0.46,22829000000.0,1.0,2254529000000.0,270987000000.0,0.0,0.0,1983542000000.0,0.0,109628000000.0,242927582780.00003,334487582780.0,27.06215796809568,0.0,0.11550793979585093,0.9609907486336983,0.0,27.06215796809568,0.019443737153442785,10.641183704060627,11.526266026760297,0.8964547479399382,0.2178781552476751,0.0,0.004725688153080794,0.010125840031332487,0.0,0.0023370735084800418,24.722937388560965,1.0,0.12195121951219524,1.302093957356827,0.13702960992946805,0.2357815883293517,0.026114706939949658,0.0850494233937397,0.0,1.4160524263641583,0.12119034191273181,0.1990874684875974,Banks—Diversified,Financial Services,BAC
2017Q1,2017,Q1,2017-05-02,2017-03-31,4856000000.0,22248000000.0,0.0,0.41,22248000000.0,1.0,2247701000000.0,268153000000.0,0.0,0.0,1979548000000.0,0.0,105467000000.0,238248549630.0,323803549630.0,26.55096654239389,0.0,0.11814160335382687,0.9902816675554628,0.0,26.55096654239389,0.018109064601179177,10.708762568770226,12.265679037788303,0.8884798962905505,0.25844316309719934,0.0,0.005267608142626744,0.009898113672592574,0.0,0.002160429701281443,-18.54651639654367,1.0,0.024999999999999883,6.842752702024001,0.08864497223897722,0.21636690414908613,0.11295647823911956,0.034071550255536626,0.0,19.39723231482303,0.06801196630897913,0.20916977199487868,Banks—Diversified,Financial Services,BAC
2016Q4,2016,Q4,2017-02-23,2016-12-31,4696000000.0,19990000000.0,0.0,0.4,19990000000.0,1.0,2187702000000.0,266840000000.0,0.0,0.0,1920862000000.0,0.0,101870000000.0,224757685100.0,307925685100.0,26.23787479113879,0.0,0.11005475151551719,0.9022897616549242,0.0,26.23787479113879,0.017598560935391996,11.243506008004003,11.96537931750426,0.8422938281367112,0.24765758091993187,0.0,0.005174461551704245,0.009137441936790294,0.0,0.0021465446390779,-26.897760303973193,1.0,-0.02439024390243891,1.3844415475284426,-0.05755264291890282,0.17236347153636866,-0.07603420383637624,-0.05227043390514632,0.0,0.4276793400397156,-0.005422045282988996,0.19899482042427527,Banks—Diversified,Financial Services,BAC
2016Q3,2016,Q3,2016-11-01,2016-09-30,4955000000.0,21635000000.0,0.0,0.41,21635000000.0,1.0,2195314000000.0,270083000000.0,0.0,0.0,1925231000000.0,0.0,98303000000.0,160414440600.0,260499440600.0,26.34924221404541,0.0,0.1148013450467678,0.9331390720630325,0.0,26.34924221404541,0.01834621209035741,7.414580106309221,8.093564106962663,0.5939449746929648,0.23773965691220988,0.0,0.007343478527206858,0.009855082234249862,0.0,0.002257080308329469,304.970419391635,1.0,0.13888888888888887,-0.21529194992439404,-0.21185209339228084,0.1576725388794546,0.06064320031375625,0.17084120982986767,0.0,1.075137820769385,0.11198694532724202,0.21591585510065864,Banks—Diversified,Financial Services,BAC
2016Q2,2016,Q2,2016-08-01,2016-06-30,4232000000.0,20398000000.0,0.0,0.36,20398000000.0,1.0,2186609000000.0,267069000000.0,0.0,0.0,1919540000000.0,0.0,93623000000.0,136064913710.0,219967913710.0,26.04643278981873,0.0,0.12012572892547319,0.9835211125214832,0.0,26.04643278981873,0.015846092208380607,6.670502682125699,8.0378611596172,0.509474756373821,0.20770321361058602,0.0,0.006460151820427741,0.00932859967191208,0.0,0.0019354168943784647,8.897202230432224,1.0,0.7142857142857143,1.472073621878332,0.663965425901512,0.1834620466209636,0.0454079540795408,0.5791044776119403,0.0,0.10856644654939958,-0.027666877684973532,0.21486588683613358,Banks—Diversified,Financial Services,BAC
2016Q1,2016,Q1,2016-05-02,2016-03-31,2680000000.0,19512000000.0,0.0,0.21,19512000000.0,1.0,2185498000000.0,262776000000.0,0.0,0.0,1922722000000.0,0.0,90270000000.0,139793163120.0,218022163120.0,25.414200814315187,0.0,0.12067272539256499,1.0036304685359394,0.0,25.414200814315187,0.010198800499284563,7.164471254612546,13.040407007462687,0.5319860379943374,0.36343283582089553,0.0,0.006967436591758838,0.008927942281347318,0.0,0.001226265134994404,12.89248022871899,1.0,-0.2500000000000001,0.2745778486601097,-0.2540572751345,0.10912485762893516,0.001128783991790662,-0.19664268585131894,0.0,0.8874129848143426,-0.09964501953158358,0.1565757069899632,Banks—Diversified,Financial Services,BAC
2015Q4,2015,Q4,2016-02-24,2015-12-31,3336000000.0,19490000000.0,0.0,0.28,19490000000.0,1.0,2144316000000.0,256205000000.0,0.0,0.0,1888111000000.0,0.0,88564000000.0,175022272259.99997,272787272259.99997,24.636465372787065,0.0,0.12351817549279118,1.0337893483733729,0.0,24.636465372787065,0.013020823168946741,8.980106324268855,13.116177477517985,0.6831337103491344,0.2547961630695444,0.0,0.004856524766958251,0.00908914544311566,0.0,0.0015557408516282114,28.45890605853658,1.0,-0.24324324324324317,3.588105609290167,-0.4747871510432692,0.08332047794013679,-0.0590450441751557,-0.25998225377107365,0.0,3.722933848047942,0.22130955058063753,0.1205127245626287,Banks—Diversified,Financial Services,BAC
2015Q3,2015,Q3,2015-10-30,2015-09-30,4508000000.0,20713000000.0,0.0,0.37,20713000000.0,1.0,2153006000000.0,255905000000.0,0.0,0.0,1897101000000.0,0.0,85485000000.0,162722053780.0,257617053780.0,24.50190252263174,0.0,0.1262448873807133,1.0621363396572947,0.0,24.50190252263174,0.01761591215490123,7.856035039830059,9.024071305456966,0.6358689895859791,0.21317657497781722,0.0,0.00590577600070898,0.00962050268322522,0.0,0.002093816738086192,4.694808245239469,1.0,-0.1777777777777778,1.589947412490391,0.018427275175040392,0.0604984044493794,-0.05973943438195106,-0.15263157894736842,0.0,12.680141249359266,0.0458639833417926,0.10658047330333723,Banks—Diversified,Financial Services,BAC
2015Q2,2015,Q2,2015-07-29,2015-06-30,5320000000.0,22029000000.0,0.0,0.45,22029000000.0,1.0,2149034000000.0,251659000000.0,0.0,0.0,1897375000000.0,0.0,81938000000.0,178508091740.0,290315091740.0,23.994633174604793,0.0,0.13183458242168342,1.1257972097163225,0.0,23.994633174604793,0.021139716839056025,8.103322517590449,8.38853814567669,0.7093252843729014,0.1723684210526316,0.0,0.0051370220311112045,0.010250652153479192,0.0,0.0024755308664264966,-21.74541256425874,1.0,0.6666666666666666,0.6171857371010415,-0.21121950025142883,0.02459586290842578,0.04033057851239669,0.5847482871611558,0.0,1.2191883265565993,0.04753212372952679,0.09570441244378851,Banks—Diversified,Financial Services,BAC
2015Q1,2015,Q1,2015-04-29,2015-03-31,3357000000.0,21175000000.0,0.0,0.27,21175000000.0,1.0,2143545000000.0,250188000000.0,0.0,0.0,1893357000000.0,0.0,77472000000.0,161884178100.0,263051178100.0,23.784864989224047,0.0,0.12648579805882312,1.083697059811022,0.0,23.784864989224047,0.013417909731881625,7.6450615395513575,12.055717761394101,0.6470501307017122,0.2520107238605898,0.0,0.005225958521267002,0.00987849566955674,0.0,0.0015660972827722301,-33.234280045165264,1.0,0.08000000000000007,-0.07953292173555628,-0.4216674707434326,-0.05020456036635129,0.12963456921845826,0.10065573770491804,0.0,4.2056830692742375,-0.005155383576141811,0.08964479866870982,Banks—Diversified,Financial Services,BAC
2014Q4,2014,Q4,2015-02-25,2014-12-31,3050000000.0,18745000000.0,0.0,0.25,18745000000.0,1.0,2104534000000.0,243471000000.0,0.0,0.0,1861063000000.0,0.0,75024000000.0,188137215260.0,316349215260.0,23.15169906166921,0.0,0.1303428692527657,1.1266680631368828,0.0,23.15169906166921,0.012527159292071747,10.036661256868499,15.421083218032788,0.7727294637143644,0.27442622950819673,0.0,0.004448880562217799,0.008906959925570222,0.0,0.0014492519484123325,-238.75281124365483,1.0,26.0,13.908453115072543,-0.2620439138235212,-0.1362711912669078,-0.11580188679245283,14.14655172413793,0.0,0.49767071391255285,-0.14535125870430432,0.034466644115186844,Banks—Diversified,Financial Services,BAC
2014Q3,2014,Q3,2014-11-06,2014-09-30,-232000000.0,21200000000.0,0.0,-0.01,21200000000.0,1.0,2123613000000.0,238681000000.0,0.0,0.0,1884932000000.0,0.0,72811000000.0,179294219500.0,326166219500.0,22.697391256386823,0.0,0.13344710170826793,1.1873169628080995,0.0,22.697391256386823,-0.0009720086642841281,8.457274504716981,-193.20497790948275,0.7511876500433634,-3.2974137931034484,0.0,0.004266729859631643,0.009982986542274887,0.0,-0.00010924777725508367,-262.5098382137628,1.0,-1.0526315789473684,0.8097101178741265,-0.33025715677959455,-0.23950936483704685,-0.008882655446470314,-1.1012658227848102,0.0,-1.0358129130736475,-0.24720989421909279,-0.002774108330325386,Banks—Diversified,Financial Services,BAC
2014Q2,2014,Q2,2014-07-29,2014-06-30,2291000000.0,21390000000.0,0.0,0.19,21390000000.0,1.0,2170557000000.0,237411000000.0,0.0,0.0,1933146000000.0,0.0,73808000000.0,161682547830.0,303081547830.0,22.56896071329061,0.0,0.13956970491905996,1.2760318603603034,0.0,22.56896071329061,0.009649931974508343,7.558791389901823,17.643228702531644,0.6810238271604938,0.1571366215626364,0.0,0.0022265853973214202,0.00985461335500519,0.0,0.0010554894434930758,35.201948145003264,1.0,4.8,-0.5108182865644643,-0.45120002471383786,-0.3594662493740803,-0.01799651088054357,9.30072463768116,0.0,1.249100795860691,0.7008007797395285,0.025457445608424657,Banks—Diversified,Financial Services,BAC
2014Q1,2014,Q1,2014-05-01,2014-03-31,-276000000.0,21782000000.0,0.0,-0.05,21782000000.0,1.0,2149851000000.0,231888000000.0,0.0,0.0,1917963000000.0,0.0,71877000000.0,181640909600.0,323396909600.0,21.958013801974488,0.0,0.14242568438463876,1.3204391775339819,0.0,21.958013801974488,-0.0011902297660939763,8.339037260123037,-164.52980942028984,0.7833131063271923,-1.2463768115942029,0.0,0.0018938464950298839,0.01013186495250136,0.0,-0.00012838099012443187,8.088387122055483,1.0,-1.1724137931034482,-1.0392045608861848,-0.6197370078602141,-0.4160257663366322,0.03654706386218711,-1.0802558883396336,0.0,-1.1285182116314825,-0.18468493297798103,-0.04170982554717818,Banks—Diversified,Financial Services,BAC
2013Q4,2013,Q4,2014-02-25,2013-12-31,3439000000.0,21014000000.0,0.0,0.29,21014000000.0,1.0,2102273000000.0,232685000000.0,0.0,0.0,1869588000000.0,0.0,72497000000.0,165556277100.0,318367277100.0,21.883226135917983,0.0,0.14064443580828942,1.2707007327502846,0.0,21.883226135917983,0.014779637707630487,7.878379989530789,12.035204790636813,0.7115038661710038,0.10497237569060773,0.0,0.0021805274093107765,0.009995847351890073,0.0,0.0016358484364304732,13.99934695585997,1.0,0.44999999999999984,1.8961650609656995,-0.2427464421765121,-0.38731997247234656,0.03283200629116288,0.37725270324389265,0.0,3.609397791976445,-0.4461599041857642,-0.03774560848243559,Banks—Diversified,Financial Services,BAC
2013Q3,2013,Q3,2013-10-30,2013-09-30,2497000000.0,20346000000.0,0.0,0.2,20346000000.0,1.0,2126653000000.0,232282000000.0,0.0,0.0,1894371000000.0,0.0,69419000000.0,147921068400.0,308339068400.0,21.670284258168596,0.0,0.1392328696783161,1.274743630586959,0.0,21.670284258168596,0.01074986438897547,7.2702776172220585,14.809878694433321,0.636816750329341,0.144973968762515,0.0,0.0024472511178806494,0.009567146121158459,0.0,0.0011741454764834696,18.555076317109883,1.0,-0.375,-0.10065584315244908,-0.5604161380116716,-0.3885396092337847,-0.07715335419785005,-0.377617148554337,0.0,1.318402120018921,-0.025248141225024334,-0.0620605131162735,Banks—Diversified,Financial Services,BAC
2013Q2,2013,Q2,2013-08-01,2013-06-30,4012000000.0,22047000000.0,0.0,0.32,22047000000.0,1.0,2123320000000.0,231032000000.0,0.0,0.0,1892288000000.0,0.0,67308000000.0,139331960310.0,336537960310.0,21.43975978916592,0.0,0.145503268466364,1.3372606392188096,0.0,21.43975978916592,0.0173655597492988,6.319769597224112,8.682200916625124,0.6030851150922816,0.11764705882352941,0.0,0.003387593190749962,0.010383267712827082,0.0,0.0018894938115780948,3.026981540517054,1.0,0.6,-0.515695673383525,-0.5532706576652668,-0.41545168538985405,-0.025934434920915437,1.705327039784221,0.0,0.18701258522931705,-0.23165368324703778,-0.08449989537747392,Banks—Diversified,Financial Services,BAC
2013Q1,2013,Q1,2013-05-07,2013-03-31,1483000000.0,22634000000.0,0.0,0.2,22634000000.0,1.0,2174819000000.0,237293000000.0,0.0,0.0,1937526000000.0,0.0,63844000000.0,131207546250.0,339276546250.0,21.973659537131997,0.0,0.14796127861674926,1.3560829860130725,0.0,21.973659537131997,0.00624965759630499,5.7969226053724485,22.118601862778153,0.5529347526054287,0.32501685772083616,0.0,0.0036735691945767182,0.010407302860605872,0.0,0.0006818958267331672,4.957214230391416,1.0,5.666666666666667,-0.4974682603313342,-0.454187505891753,-0.3775439987928884,0.36860563550610714,1.0259562841530054,0.0,-0.6039214541872949,-0.3978582198087934,-0.12253100322890345,Banks—Diversified,Financial Services,BAC
2012Q4,2012,Q4,2013-02-28,2012-12-31,732000000.0,16538000000.0,0.0,0.03,16538000000.0,1.0,2209974000000.0,236956000000.0,0.0,0.0,1973018000000.0,0.0,62843000000.0,125123338440.0,301993338440.0,21.986778760056875,0.0,0.13860615554753133,1.2927125711102483,0.0,21.986778760056875,0.003089181113793278,7.565808346837586,42.7333806147541,0.5280446092945525,0.644808743169399,0.0,0.003772277865063013,0.007483345957916247,0.0,0.0003312256162289692,-4.856706844699763,1.0,-0.04916120588235305,0.12217460223823357,-0.21065860750219295,-0.3368421306806311,-0.19066262112166,1.1529411764705881,0.0,4.023038726143293,-0.3646890672211712,-0.17973129420364972,Banks—Diversified,Financial Services,BAC
2012Q3,2012,Q3,2012-11-02,2012-09-30,340000000.0,20434000000.0,0.0,0.031551089612239895,20434000000.0,1.0,2166162000000.0,238606000000.0,0.0,0.0,1927556000000.0,0.0,62583000000.0,96554510080.00002,296014510080.0,22.14199790593562,0.0,0.14856922058461003,1.3487716151312206,0.0,22.14199790593562,0.0014249432118219995,4.725188904766566,70.99596329411764,0.4046608638508672,1.3852941176470588,0.0,0.004878073531829368,0.009433274150317474,0.0,0.00015695963644455033,10.550099440559443,1.0,-0.83394163361979,-0.9622835988217141,-0.4737609003331146,-0.2933270506465562,-0.05424419142830695,-0.8619569630531871,0.0,1.2721347354957078,-0.3700545268807828,-0.2581181748574964,Banks—Diversified,Financial Services,BAC
2012Q2,2012,Q2,2012-08-02,2012-06-30,2463000000.0,21606000000.0,0.0,0.19,21606000000.0,1.0,2160854000000.0,235975000000.0,0.0,0.0,1924879000000.0,0.0,62712000000.0,88145185100.0,282945185100.0,21.898819519297827,0.0,0.15774642803262043,1.4445047144824663,0.0,21.898819519297827,0.010437546350248968,4.079662366935111,8.946933120178644,0.3735361165377688,0.1961023142509135,0.0,0.005479595958100722,0.009998824538816597,0.0,0.0011398271239056411,4.8019821911091745,1.0,5.333333333333334,-0.8246646745998305,-0.5470588234184923,-0.28710454755118675,0.0024590544239781005,2.771822358346095,0.0,-0.48660276792703105,-0.4588450234194344,-0.3784856476481156,Banks—Diversified,Financial Services,BAC
2012Q1,2012,Q1,2012-05-03,2012-03-31,653000000.0,21553000000.0,0.0,0.03,21553000000.0,1.0,2181449000000.0,232499000000.0,0.0,0.0,1948950000000.0,0.0,60734000000.0,101933582190.0,346828582190.0,21.828090234802726,0.0,0.18068999091888008,1.6953449262147364,0.0,21.828090234802726,0.0028086142305988413,4.7294382308727325,39.02510803598775,0.43842589512212954,0.7396630934150077,0.0,0.004738379537174588,0.00988013013368637,0.0,0.00029934231788137153,-6.5329476504518365,1.0,-0.8,-0.9482869771761311,-0.505949959258474,-0.2825192073577624,0.005129879214662128,-0.6720241084881969,0.0,-0.9080354255926457,-0.6269441036277558,-0.4194810886739885,Banks—Diversified,Financial Services,BAC
2011Q4,2011,Q4,2012-02-23,2011-12-31,1991000000.0,21443000000.0,0.0,0.15,21443000000.0,1.0,2129046000000.0,230101000000.0,0.0,0.0,1898945000000.0,0.0,60520000000.0,57164567319.99999,319021567320.0,22.38032438587869,0.0,0.1916177480430202,1.7729736072420372,0.0,22.38032438587869,0.008652722065527746,2.6658847791820173,7.177871336012054,0.24843250277052248,0.23857358111501759,0.0,0.008309343047083874,0.010071647113308026,0.0,0.000935160630629869,2.373943825581395,1.0,-0.7321428571428571,-0.8366840554445207,-0.3956452185424029,-0.2666297665917072,-0.20851173778237117,-0.6805198973042362,0.0,1.5365769373262022,-0.20085966703235564,-0.37340236418286393,Banks—Diversified,Financial Services,BAC
2011Q3,2011,Q3,2011-11-03,2011-09-30,6232000000.0,27092000000.0,0.0,0.56,27092000000.0,1.0,2219628000000.0,230252000000.0,0.0,0.0,1989376000000.0,0.0,59043000000.0,61911658080.0,393550658080.0,22.760531436246747,0.0,0.19500294643967367,1.8798273196324027,0.0,22.760531436246747,0.02706599725518128,2.2852376376790198,2.4836191463414634,0.2688865159911749,0.07140564826700899,0.0,0.00718766083481381,0.012205648874496086,0.0,0.002807677682927049,-5.332155549048316,1.0,1.6222222222222222,-0.4881865178339809,-0.3373036522793465,-0.2333985467802029,1.2447593006877122,1.706095626557897,0.0,1.378289700969034,-0.37979722865539894,-0.35777660873054307,Banks—Diversified,Financial Services,BAC
2011Q2,2011,Q2,2011-08-04,2011-06-30,-8826000000.0,12069000000.0,0.0,-0.9,12069000000.0,1.0,2261319000000.0,222176000000.0,0.0,0.0,2039143000000.0,0.0,53254000000.0,110640410880.00002,448113410880.0,22.008676040086666,0.0,0.21106752298105663,2.1482563373181622,0.0,22.008676040086666,-0.039725262854673773,9.16732213770818,-3.1339341400407887,0.49798542992942535,-0.045660548379786996,0.0,0.0036424304356307176,0.005337150574509833,0.0,-0.0039030318146179286,2.1424501545253865,1.0,-6.294117647058823,-1.7241326730326683,-0.7024654367985567,-0.21933388658075204,-0.5265202040015693,-5.307467057101025,0.0,-2.1372877058233453,-0.7389550711207029,-0.399940362553201,Banks—Diversified,Financial Services,BAC
2011Q1,2011,Q1,2011-05-05,2011-03-31,2049000000.0,25490000000.0,0.0,0.17,25490000000.0,1.0,2274532000000.0,230876000000.0,0.0,0.0,2043656000000.0,0.0,62483000000.0,134311413750.0,505822413750.0,22.913741982706217,0.0,0.21664236862791994,2.1343058611549055,0.0,22.913741982706217,0.008874893882430396,5.269180610043154,16.387434571742315,0.5817469713179368,0.2025378233284529,0.0,0.003089834202567911,0.011206700982883512,0.0,0.0009008446572745514,-144.73212688577587,1.0,2.0625,-0.811999526815319,-0.34084627440199083,-0.1839316805882386,-0.28826715809459985,2.647106109324759,0.0,-0.2558438609857622,-0.3412027745684407,-0.35091393478883376,Banks—Diversified,Financial Services,BAC
2010Q4,2010,Q4,2011-02-25,2010-12-31,-1244000000.0,35814000000.0,0.0,-0.16,35814000000.0,1.0,2264909000000.0,228248000000.0,0.0,0.0,2036661000000.0,0.0,60849000000.0,133887910500.0,507420910500.0,22.741622515649013,0.0,0.22446508888436578,2.227371105113736,0.0,22.741622515649013,-0.005450212050050822,3.7384238147093316,-26.906734425241158,0.5865896327678666,-0.340032154340836,0.0,0.0031593591865039976,0.015812555824538645,0.0,-0.000549249440043728,28.517126837060705,1.0,0.7922077922077921,-1.1706990730998028,0.21676548534166826,0.03244341145298889,0.843516755031657,0.8295656939306755,0.0,-3.0478130387361957,0.8355038023938597,-0.3140747857188984,Banks—Diversified,Financial Services,BAC
2010Q3,2010,Q3,2010-11-05,2010-09-30,-7299000000.0,19427000000.0,0.0,-0.77,19427000000.0,1.0,2339660000000.0,230495000000.0,0.0,0.0,2109165000000.0,0.0,62515000000.0,130715138977.49998,524329138977.5,23.10413897826971,0.0,0.23237393467426892,2.3587322935421593,0.0,23.10413897826971,-0.03166663051259246,6.728529313712873,-4.477159164868475,0.5671061800798282,-0.06151527606521441,0.0,0.0034349502552821092,0.008303343220809861,0.0,-0.003119684056657805,3.4663256159506757,1.0,-3.8518518518518516,-1.709217386350603,-0.4677277579960929,-0.08718526353756363,-0.26726511522649266,-3.3371757925072045,0.0,-1.8745960819768088,-0.4595838756643544,-0.26261983659257293,Banks—Diversified,Financial Services,BAC
2010Q2,2010,Q2,2010-08-06,2010-06-30,3123000000.0,26513000000.0,0.0,0.27,26513000000.0,1.0,2363878000000.0,233174000000.0,0.0,0.0,2130704000000.0,0.0,70497000000.0,143078828010.0,534767828010.0,23.418631719333163,0.0,0.2383545174497161,2.4163971969430555,0.0,23.418631719333163,0.01339343151466287,5.3965536910195,11.45363656820365,0.6136139878802953,0.1408901697086135,0.0,0.0030752278734715926,0.011215891852286794,0.0,0.0013211341702067535,9.207724307226977,1.0,-0.03571428571428574,-0.7075644085010296,-0.2562409945930737,-0.06703842183388302,-0.17004226013460635,-0.018541797611565054,0.0,-0.7593955360634325,-0.39847596032075105,-0.23762849223109808,Banks—Diversified,Financial Services,BAC
2010Q1,2010,Q1,2010-05-07,2010-03-31,3182000000.0,31945000000.0,0.0,0.28,31945000000.0,1.0,2338700000000.0,229823000000.0,0.0,0.0,2108877000000.0,0.0,67811000000.0,163817803800.0,595826803800.0,25.04209221977129,0.0,0.25529524949758414,2.5979079552525204,0.0,25.04209221977129,0.013845437575873608,5.128120325559555,12.870663403519801,0.7127998668540574,0.14142049025769957,0.0,0.0027469541744643993,0.013659297900543037,0.0,0.0013605849403514772,6.922951603769598,1.0,1.4666666666666668,-0.7022022166393774,-0.043898199863083825,0.025015367399574863,0.5316935174530111,17.4020618556701,0.0,-0.7075380383155143,-0.15013768306010672,-0.17687621857937144,Banks—Diversified,Financial Services,BAC
2009Q4,2009,Q4,2010-02-26,2009-12-31,-194000000.0,20856000000.0,0.0,-0.6,20856000000.0,1.0,2223299000000.0,231444000000.0,0.0,0.0,1991855000000.0,0.0,71233000000.0,130036548900.0,492540548900.0,26.80436130829984,0.0,0.22850952570931754,2.1951098321840274,0.0,26.80436130829984,-0.0008382157238900123,6.234970699079402,-167.57287229381444,0.561848865816353,-6.855670103092783,0.0,0.010227893705659548,0.009380654603811723,0.0,-8.725771927212669e-05,4.148425601352645,1.0,-1.3076923076923075,-1.023539276842805,-0.2990605386326009,0.08475013491679986,-0.19750663742352534,0.8061938061938062,0.0,-1.0189483205381216,-0.3000788760413457,-0.12166059927927729,Banks—Diversified,Financial Services,BAC
2009Q3,2009,Q3,2009-11-06,2009-09-30,-1001000000.0,25989000000.0,0.0,-0.26,25989000000.0,1.0,2251043000000.0,257683000000.0,0.0,0.0,1993360000000.0,0.0,76881000000.0,146084471280.0,489248471280.0,29.845720916107492,0.0,0.2303678783568328,2.0124261204658436,0.0,29.845720916107492,-0.003884617922020467,5.621011631074685,-36.48463318681319,0.5669154398233489,-1.1468531468531469,0.0,0.007858467022135631,0.011545314771863532,0.0,-0.0004446827537279386,4.59761035060112,1.0,-1.787878787878788,-1.1248196000403767,-0.08230670115083923,0.23398326974753914,-0.031381610823301404,-1.310483870967742,0.0,-1.0963242582420005,-0.25513014621781,0.0052389633681336045,Banks—Diversified,Financial Services,BAC
2009Q2,2009,Q2,2009-08-07,2009-06-30,3224000000.0,26831000000.0,0.0,0.33,26831000000.0,1.0,2254394000000.0,255152000000.0,0.0,0.0,1999242000000.0,0.0,79210000000.0,95587998000.0,472934998000.0,35.234615960886636,0.0,0.24105058831774748,2.1298010597604566,0.0,35.234615960886636,0.012635605443030037,3.5625954306585665,7.412220688585607,0.3746315843105286,0.39950372208436724,0.0,0.013474494988377097,0.011901646296077793,0.0,0.001430096070163423,9.459475309252845,1.0,-0.24999999999999997,-0.5301073407357347,0.08944691427076837,0.49379092396917673,-0.22355017941891422,-0.24087591240875914,0.0,-0.63125762838856,-0.07790262412346945,0.2498012442867897,Banks—Diversified,Financial Services,BAC
2009Q1,2009,Q1,2009-05-07,2009-03-31,4247000000.0,34556000000.0,0.0,0.44,34556000000.0,1.0,2321963000000.0,239549000000.0,0.0,0.0,2082414000000.0,0.0,76877000000.0,43448958300.0,472608958300.0,37.60099767455184,0.0,0.269843662452847,2.615611002341901,0.0,37.60099767455184,0.017729149359838697,1.2573491810394721,2.557626459854015,0.18137816605370927,0.2582999764539675,0.0,0.025248016130227913,0.014882235418910638,0.0,0.0018290558462817884,0.800666315925257,1.0,1.9166666666666665,-0.28354139664011924,0.5602812311465505,1.220403050844631,1.671098399938162,3.373951928451649,0.0,-0.3837073020735727,0.413279690825653,0.3391519815330064,Banks—Diversified,Financial Services,BAC
2008Q4,2008,Q4,2009-02-27,2008-12-31,-1789000000.0,12937000000.0,0.0,-0.48,12937000000.0,1.0,1817943000000.0,177052000000.0,0.0,0.0,1640891000000.0,0.0,73823000000.0,69795249920.0,453716249920.0,35.717218046462726,0.0,0.23452220449155997,2.4080383164268127,0.0,35.717218046462726,-0.010104376115491495,5.395010429002087,-9.753388753493573,0.3942076334636152,-1.1363890441587479,0.0,0.029128056742117044,0.007116284723998497,0.0,-0.0009840792588106447,-2.509356795858201,1.0,-4.2,-1.3813290629828663,-0.23043847883712282,1.144154177626821,-0.3406554202130371,-2.519966015293118,0.0,-1.4970309643170743,-0.11008207749858342,0.6215204707634665,Banks—Diversified,Financial Services,BAC
2008Q3,2008,Q3,2008-11-06,2008-09-30,1177000000.0,19621000000.0,0.0,0.15,19621000000.0,1.0,1831177000000.0,161039000000.0,0.0,0.0,1670138000000.0,0.0,77695000000.0,159038705000.0,511510705000.0,35.44020935029621,0.0,0.22036209498044154,2.5057408453852794,0.0,35.44020935029621,0.00730878855432535,8.105535140920443,33.780523576890396,0.9875788163115766,2.890399320305862,0.0,0.021391019249056384,0.010714966385008112,0.0,0.0006427559979182788,8.089044555210824,1.0,-0.7916666666666666,-0.7358152468832847,0.2899598575679992,1.0937481325603895,-0.03416194929854787,-0.6548387096774193,0.0,-0.7489100055312988,0.1802829951965068,0.40019696854710285,Banks—Diversified,Financial Services,BAC
2008Q2,2008,Q2,2008-08-07,2008-06-30,3410000000.0,20315000000.0,0.0,0.72,20315000000.0,1.0,1716875000000.0,162691000000.0,0.0,0.0,1554184000000.0,0.0,79920000000.0,105880612530.0,443462612530.0,36.67748114792664,0.0,0.22387069530396797,2.3625031501435236,0.0,36.67748114792664,0.020959979347351727,5.211942531626876,7.76250825,0.6508080504145896,0.8926686217008798,0.0,0.028749361448372045,0.011832544594102658,0.0,0.0019861667273389154,7.37741168687291,1.0,2.1304347826086953,-0.16099446388228664,0.38014335853845094,1.1483301128363772,0.19478915485502557,1.8181818181818181,0.0,-0.28325082308597976,0.2792186189732337,0.46117335568664075,Banks—Diversified,Financial Services,BAC
2008Q1,2008,Q1,2008-05-08,2008-03-31,1210000000.0,17003000000.0,0.0,0.23,17003000000.0,1.0,1736502000000.0,156309000000.0,0.0,0.0,1580193000000.0,0.0,79554000000.0,167858769930.0,512195769930.0,35.3015466065378,0.0,0.22669481520896606,2.5184474342488277,0.0,35.3015466065378,0.007741076969336379,9.872303118861378,34.68156403512397,1.0738906264514518,2.5198347107438015,0.0,0.018164079251095942,0.009791523418919184,0.0,0.0006968031133854151,-39.37573772695285,1.0,2.8333333333333335,-0.6619262481080584,0.25619488880676794,1.1150529644999523,0.9752555762081785,3.514925373134328,0.0,-0.7652858443180303,0.05477402256805763,0.4449522606623493,Banks—Diversified,Financial Services,BAC
2007Q4,2007,Q4,2008-02-28,2007-12-31,268000000.0,8608000000.0,0.0,0.06,8608000000.0,1.0,1715746000000.0,146803000000.0,0.0,0.0,1568943000000.0,0.0,81393000000.0,182691976980.0,516984976980.0,33.15466765496272,0.0,0.22648865274929972,2.647064433288148,0.0,33.15466765496272,0.0018255757716122967,21.22351033689591,170.42162031716418,1.2444703240396993,10.828358208955224,0.0,0.015884660333593596,0.0050170596347011735,0.0,0.00015620027673093803,16.021395858984476,1.0,-0.926829268292683,-0.9305634860006621,-0.35991457989553644,0.9758848329732062,-0.4596019838031264,-0.9275283937263386,0.0,-0.9365872785400102,-0.4358404268986194,0.34174173367474464,Banks—Diversified,Financial Services,BAC
2007Q3,2007,Q3,2007-11-09,2007-09-30,3698000000.0,15929000000.0,0.0,0.82,15929000000.0,1.0,1578763000000.0,138510000000.0,0.0,0.0,1440253000000.0,0.0,84027000000.0,223859994240.0,566713994240.0,31.33273733796376,0.0,0.24489996281899182,2.791415782253989,0.0,31.33273733796376,0.026698433326113637,14.053612545671417,15.133855749053541,1.6162009547325102,0.7825851811790157,0.0,0.012927723016455306,0.010089544789179884,0.0,0.002342340173920975,211.18867381132077,1.0,-0.35937500000000006,0.12587280465622627,0.24428666863706863,0.9538120447286322,-0.18575883044522823,-0.3580975525082451,0.0,-0.09939050968564235,0.09854387423475519,0.2954645585248584,Banks—Diversified,Financial Services,BAC
2007Q2,2007,Q2,2007-08-08,2007-06-30,5761000000.0,19563000000.0,0.0,1.28,19563000000.0,1.0,1534359000000.0,135751000000.0,0.0,0.0,1398608000000.0,0.0,83223000000.0,216056936940.0,496265936940.0,30.71813608022726,0.0,0.21432989280865822,2.4225162245581986,0.0,30.71813608022726,0.04243799309029031,11.044161781935285,9.375843470751606,1.5915679217096006,0.4398541919805589,0.0,0.011728389913736967,0.01274994965324282,0.0,0.003754662370410054,13.158958337292162,1.0,0.10344827586206906,0.8005079972852233,0.5666150353832144,0.9728228335792315,0.07755439272927568,0.09628924833491913,0.0,0.37588697592508785,0.3016251333728645,0.302312275202074,Banks—Diversified,Financial Services,BAC
2007Q1,2007,Q1,2007-05-09,2007-03-31,5255000000.0,18155000000.0,0.0,1.16,18155000000.0,1.0,1502157000000.0,134856000000.0,0.0,0.0,1367301000000.0,0.0,79996000000.0,226154517280.0,569263517280.0,30.42323983951863,0.0,0.25742648737781737,2.8674660378477785,0.0,30.42323983951863,0.038967491249925844,12.456872337097218,10.759016045670789,1.6770074544699531,0.48487155090390105,0.0,0.011266633232204434,0.012085953731866909,0.0,0.003498302773944401,-11.313948535694632,1.0,-0.008547008547008555,0.6794966703176669,0.4638513942485618,0.9496933055841581,0.18683401974243316,-0.0001902587519025875,0.0,0.27412413625271564,0.17816428555400124,0.7965442071757534,Banks—Diversified,Financial Services,BAC
