Year,Date,FillingDate,NetIncome,Revenue,OperatingIncome,EPSDiluted,GrossProfit,GrossProfitRatio,TotalAssets,CommonStockEquity,CurrentAssets,CurrentLiability,TotalLiability,Inventory,RetainedEarnings,EnterpriseValue,bookValuePerShare,currentRatio,debtToAssets,debtToEquity,roic,shareholdersEquityPerShare,roe,priceToSalesRatio,peRatio,pbRatio,payoutRatio,inventoryTurnover,dividendYield,assetTurnover,quickRatio,returnOnAssets,priceToFreeCashFlowsRatio,grossProfitMargin,epsdilutedGrowth,fiveYNetIncomeGrowthPerShare,fiveYRevenueGrowthPerShare,fiveYShareholdersEquityGrowthPerShare,grossProfitGrowth,netIncomeGrowth,operatingIncomeGrowth,threeYNetIncomeGrowthPerShare,threeYRevenueGrowthPerShare,threeYShareholdersEquityGrowthPerShare,Industry,Sector,Price,MarketCap,AvgVolume,Symbol
2023,2023-01-31,2023-03-17,-345398000.0,1284040000.0,-346655000.0,-5.03,934736000.0,0.7279648609,2588893000.0,739508000.0,2236584000.0,588512000.0,1849385000.0,83550000.0,-1535032000.0,15429865074.07,10.775559872435654,3.8004050894459245,0.45765892989783663,1.6021868593713657,-0.18244530076721474,10.775559872435654,-0.4670645888888288,11.448912085347809,-42.56209090402956,19.879245490339525,-0.01652296770681938,4.180777977259126,0.0003882085526313998,0.4959803282715817,3.6054014191724213,-0.13341532461944158,-727.2613571816563,0.7279648609077599,-0.058947368421052686,-0.23882432998697953,1.8719631025796157,0.32086919060813035,0.5216526396327468,-0.1255662080517229,-0.19798938361371837,-0.6039845259727382,1.4817970825493623,6.274788053321273,Software—Infrastructure,Technology,392.985,27737431479,1933988,MDB
2022,2022-01-31,2022-03-18,-306866000.0,873782000.0,-289364000.0,-4.75,614290000.0,0.7030243241,2449588000.0,666700000.0,2117402000.0,526735000.0,1782888000.0,-1352019000.0,-1189634000.0,26864537893.52,10.326342790096971,4.019861979932983,0.48306572370537415,1.7748792560371982,-0.15455659535493485,10.326342790096971,-0.46027598620069,29.933244096948666,-85.23306555147849,39.23073330361482,0.0,-0.19192925543206124,0.0,0.356705699080825,3.837424891074259,-0.12527249480320773,-23951.58415157509,0.703024324144924,-0.048565121412803475,-1.0873786192608803,4.083015486168095,2.372021694787226,0.4862909625844415,-0.14955196595540637,-0.38250582884225814,-1.4978916430348084,1.6373883154656945,1.0309755419827518,Software—Infrastructure,Technology,392.985,27737431479,1933988,MDB
2021,2021-01-31,2021-03-22,-266944000.0,590380000.0,-209304000.0,-4.53,413304000.0,0.7000643653,1407495000.0,-5033000.0,1141887000.0,354541000.0,1412528000.0,36619000.0,-935403000.0,22661028501.48,-0.08532735084565457,3.22074738887745,0.6956806240874746,-194.54937413073714,-0.20942979768781486,-0.08532735084565457,53.03874428770117,37.45309546644534,-82.83219889370055,-4393.315815910988,0.0,4.835631775854065,0.0,0.41945442079723194,3.0826279612231025,-0.189658933069034,-406.1190629519156,0.7000643653240286,-0.4426751592356688,-1.481653064078111,5.17926587155096,0.9849527639317938,0.3945823379357817,-0.5208577842093869,-0.41549781558979076,-0.11397241235788926,0.5363717179595842,-1.0104594350718186,Software—Infrastructure,Technology,392.985,27737431479,1933988,MDB
2020,2020-01-31,2020-03-27,-175522000.0,421720000.0,-147866000.0,-3.14,296364000.0,0.7027506402,1328567000.0,82858000.0,1113196000.0,242384000.0,1245709000.0,24219000.0,-668232000.0,9385712735.119999,1.4812197679788237,4.592695887517328,0.6946868317518048,11.138791667672404,-0.14475911865130978,1.4812197679788237,-2.118347051582225,21.741835187138385,-52.2382763136245,110.65879860870405,0.0,5.175936248400016,0.0,0.31742471399635847,4.423031223183048,-0.13211377371257904,-276.9745872136297,0.7027506402352272,-0.6526315789473686,-0.7205852010926682,3.6542870451749057,1.261208900742594,0.5320086017947976,-0.7727525224470009,-0.5124635605789393,-0.37801196317433516,1.8314670194023401,1.1968040087109644,Software—Infrastructure,Technology,392.985,27737431479,1933988,MDB
2019,2019-01-31,2019-04-01,-99011000.0,267016000.0,-97765000.0,-1.9,193448000.0,0.724480929981724,733476000.0,264566000.0,566236000.0,164637000.0,468910000.0,0.0,-488607000.0,5193081286.56,5.084424985254041,3.439299792877664,0.2956579356379759,0.8196744857615869,-0.19648996914358852,5.084424985254041,-0.3742393202452318,17.998604153159363,-48.53920560907374,18.165279312383298,0.0,0.0,0.0,0.36404190457492813,3.2725207577883464,-0.1349887385544994,-98.40725856543196,0.724480929981724,0.5320197044334976,-0.043399996619116525,2.168028003406621,1.8966239109262109,0.7324735805122694,-0.027522078892475016,-0.00511992762190671,-0.043399996619116525,2.168028003406621,1.8966239109262109,Software—Infrastructure,Technology,392.985,27737431479,1933988,MDB
2018,2018-01-31,2018-03-30,-96359000.0,154519000.0,-97267000.0,-4.06,111660000.0,0.7226295795339085,415196000.0,193493000.0,343550000.0,142617000.0,221703000.0,0.0,-443760000.0,581103580.01,8.157931117671515,2.408899359823864,0.0,0.0,-0.5094949892432034,8.157931117671515,-0.4979973435731525,4.161336664164278,-6.673020475617222,3.323146470466632,0.0,0.0,0.0,0.37215917301708107,2.2847626860752928,-0.23208075222304647,-13.676314020971583,0.7226295795339085,-0.7807017543859649,-1.2277509178394472,3.021986215521778,2.4386279913672078,0.5618749213187674,-0.11165076545032937,-0.13170907652390426,-1.2277509178394472,3.021986215521778,2.4386279913672078,Software—Infrastructure,Technology,392.985,27737431479,1933988,MDB
2017,2017-01-31,2017-01-31,-86681000.0,101358000.0,-85947000.0,-2.28,71491000.0,0.7053315969139091,174432000.0,-286514000.0,158452000.0,97790000.0,460946000.0,0.0,-347401000.0,1151536401.4,-7.526369903136543,1.6203292770221904,0.0,0.0,0.3024839084218795,-7.526369903136543,0.3025366997773233,12.044845018646777,-14.084302227708493,-4.26101831463733,0.0,0.0,0.0,0.5810745734727573,1.5118110236220472,-0.4969329022197762,-30.704494388974123,0.7053315969139091,-0.2502426457766473,-0.24859961094183433,0.6437722965804922,-0.32725396425342995,0.6097950911956767,-0.17955801104972377,-0.18159696444774395,-0.24859961094183433,0.6437722965804922,-0.32725396425342995,Software—Infrastructure,Technology,392.985,27737431479,1933988,MDB
2016,2016-01-31,2016-01-31,-73486000.0,65271000.0,-72738000.0,-1.823646,44410000.0,0.6803940494247063,156813000.0,-228505000.0,144027000.0,65672000.0,385318000.0,0.0,-259269000.0,1259094390.56,-5.670632829768994,2.1931264465830185,0.0,0.0,0.3202474709478583,-5.670632829768994,0.32159471346360036,19.798982558257112,-17.585654281904034,-5.655453449858865,0.0,0.0,0.0,0.41623462340494727,2.064669874527957,-0.4686218617078941,-27.247030098884647,0.6803940494247063,0.0,0.0,0.0,0.0,0.0,0.0,0.0,0.0,0.0,0.0,Software—Infrastructure,Technology,392.985,27737431479,1933988,MDB
TTM,,,,,,,,,,,,,,,,28200587479.0,11.291781714820017,4.191574017916994,0.459186793385067,1.495330181000443,-0.17514653257871726,11.291781714820017,-0.4470273926487673,20.292617879642073,-85.55515571433224,34.80274503395888,-0.00413215449046068,4.447343333293108,0.0,0.5296879510952228,3.971336939765325,-0.1249164414218037,1162.653790459823,0.730378755012353,,,,,,,,,,,Software—Infrastructure,Technology,392.985,27737431479,1933988,MDB
