Quarters,Year,Quarter,FillingDate,Date,NetIncome,Revenue,OperatingIncome,EPSDiluted,GrossProfit,GrossProfitRatio,TotalAssets,CommonStockEquity,CurrentAssets,CurrentLiability,TotalLiability,Inventory,RetainedEarnings,MarketCap,EnterpriseValue,bookValuePerShare,currentRatio,debtToAssets,debtToEquity,roic,shareholdersEquityPerShare,roe,priceToSalesRatio,peRatio,pbRatio,payoutRatio,inventoryTurnover,dividendYield,assetTurnover,quickRatio,returnOnAssets,priceToFreeCashFlowsRatio,grossProfitMargin,epsdilutedGrowth,fiveYNetIncomeGrowthPerShare,fiveYRevenueGrowthPerShare,fiveYShareholdersEquityGrowthPerShare,grossProfitGrowth,netIncomeGrowth,operatingIncomeGrowth,threeYNetIncomeGrowthPerShare,threeYRevenueGrowthPerShare,threeYShareholdersEquityGrowthPerShare,Industry,Sector,Symbol
2024Q1,2024,Q1,2023-06-02,2023-04-30,-54246000.0,368280000.0,-68547000.0,-0.77,270831000.0,0.7353942652,2580525000.0,792429000.0,2232294000.0,532567000.0,1788096000.0,82867000.0,-1589278000.0,15843973949.230001,16307129949.230001,11.291781714820017,4.191574017916994,0.459186793385067,1.495330181000443,-0.035536744840803214,11.291781714820017,-0.06845534426428108,43.021543253041166,-73.0190887311046,19.994187427807415,0.0,1.1759687209625063,0.0,0.14271514517394715,3.971336939765325,-0.021021303804458394,298.34059444574166,0.7353942652329749,0.17204301075268819,-0.3345125637425441,4.479424566368141,2.29576073152879,-0.004853905170639937,0.15764464734929656,0.06034352767001604,0.17427148538966278,1.3213194515045006,9.326070985093475,Software—Infrastructure,Technology,MDB
2023Q4,2023,Q4,2023-03-17,2023-01-31,-64398000.0,361312000.0,-72949000.0,-0.93,272152000.0,0.7532326632,2588893000.0,739508000.0,2236584000.0,588512000.0,1849385000.0,83550000.0,-1535032000.0,14893001231.980001,15622005231.980001,10.636540359631706,3.8004050894459245,0.45765892989783663,1.6021868593713657,-0.03879898587784608,10.636540359631706,-0.08708222223424222,41.21922668491498,-57.816241311764344,20.139067098638556,0.0,1.067145421903052,0.0,0.13956235348467472,3.6054014191724213,-0.024874724447862463,591.9316864856917,0.7532326631830661,0.24390243902439018,-0.7660826343412979,4.802150690254148,1.7643451090444506,0.13411315628268652,0.2409566129583574,0.12028026000024118,0.15694207045690178,1.395726067803835,6.309893234529097,Software—Infrastructure,Technology,MDB
2023Q3,2023,Q3,2022-12-08,2022-10-31,-84841000.0,333621000.0,-82923000.0,-1.23,239969000.0,0.719286256,2467186000.0,684282000.0,2122255000.0,517807000.0,1782904000.0,0.0,-1470634000.0,12613844283.39,12799118283.39,9.929101045342883,4.0985444383718255,0.48028320523868084,1.7316661844093517,-0.04603049238863332,9.929101045342883,-0.1239854329063164,37.80890376621975,-37.16907003509506,18.433692956105816,0.0,0.0,0.0,0.13522328677286594,3.8987344705652878,-0.03438775998242532,-1770.3641099494737,0.7192862559611055,0.2931034482758621,0.11433951121382369,1.0328005980636523,-0.18858623358214952,0.11415014184034952,0.28624069322340473,0.2779446722917374,-0.638546213833444,1.495272252601526,1.5595460225217705,Software—Infrastructure,Technology,MDB
2023Q2,2023,Q2,2022-09-02,2022-07-31,-118865000.0,303660000.0,-114843000.0,-1.74,215383000.0,0.7092899954,2451598000.0,668168000.0,2108514000.0,524897000.0,1783430000.0,0.0,-1385793000.0,21731726241.28,22268106241.28,9.777906504103113,4.01700524102824,0.4845003136729594,1.7776966271955557,-0.06185367542218342,9.777906504103113,-0.17789687623471942,71.56598248462096,-45.70673924468935,32.52434453802037,-0.011205989988642577,0.0,6.129287591842705e-05,0.1238620687404705,3.8271870481256323,-0.04848470263069231,-459.5902768590462,0.7092899953895805,-0.5263157894736843,-2.2661666468353543,5.112415508761682,15.959744543581927,0.03933272853613341,-0.5378295857375734,-0.5122860152752172,-1.592589084563599,1.4885623156575438,1.2733820342091657,Software—Infrastructure,Technology,MDB
2023Q1,2023,Q1,2022-06-03,2022-04-30,-77294000.0,285447000.0,-75940000.0,-1.14,207232000.0,0.7259911647,2434541000.0,672879000.0,2096307000.0,503722000.0,1761662000.0,0.0,-1266928000.0,24031068754.86,24761104754.86,9.938174032384659,4.161634790618635,0.4872832291590078,1.7630376338093476,-0.040396862743217854,9.938174032384659,-0.11487057851411621,84.18749804643244,-77.72617782382851,35.713804049257,0.0,0.0,0.0,0.1172487955635169,3.9576988894668093,-0.03174890051143111,2659.4808272310756,0.7259911647346092,0.09523809523809532,-1.3363282985012956,4.245034360995256,0.0,0.08671393212233083,0.08471485411140584,0.08375763133129027,-0.8790010698064773,1.5804088477566185,1.1936067390288092,Software—Infrastructure,Technology,MDB
2022Q4,2022,Q4,2022-03-18,2022-01-31,-84448000.0,266494000.0,-82882000.0,-1.26,190696000.0,0.7155733337,2449588000.0,666700000.0,2117402000.0,526735000.0,1782888000.0,0.0,-1189634000.0,27131428384.010002,27840836384.010002,9.95475922525246,4.019861979932983,0.48306572370537415,1.7748792560371982,-0.04564727147715798,9.95475922525246,-0.12666566671666415,101.80877762354875,-80.31992582420544,40.695107820623974,0.0,0.0,0.0,0.10879135593414076,1.2706332406238432,-0.03447436875098996,1446.623747481205,0.7155733337335926,-0.03278688524590167,-1.3286225940831926,4.356574702124758,2.4000678791636427,0.20366852028353394,-0.03881022966307062,-0.0796425593997499,-8.321530128102465,1.2236392977761446,1.0252810259789202,Software—Infrastructure,Technology,MDB
2022Q3,2022,Q3,2021-12-08,2021-10-31,-81293000.0,226893000.0,-76768000.0,-1.22,158429000.0,0.698254243189521,2351612000.0,662905000.0,2054570000.0,432199000.0,1688707000.0,0.0,-1105186000.0,33078341064.329998,33514255064.329998,9.985557428881608,4.753759263672522,0.5035073813197075,1.7861594044395501,-0.0416562201565066,9.985557428881608,-0.12263144794502984,145.78828374753738,-101.72567461014478,49.899067082508054,0.0,0.0,0.0,0.09648402882788487,4.594149917052099,-0.03456905305807251,-4148.274525248306,0.698254243189521,0.0,-1.5259510715663476,4.235618455168466,0.0,0.14766199427722845,-0.05393281734147511,-0.05841640126290827,-1.060553275445596,1.7717906430265786,1.6680732085483845,Software—Infrastructure,Technology,MDB
2022Q2,2022,Q2,2021-09-03,2021-07-31,-77133000.0,198747000.0,-72531000.0,-1.22,138045000.0,0.6945765219097647,2281411000.0,673724000.0,1996111000.0,347903000.0,1607687000.0,0.0,-1023893000.0,22765109010.48,22791107010.48,10.622089179045025,5.737550409165773,0.5202894173824882,1.7618401600655462,-0.038726363801702565,10.622089179045025,-0.11448753495496672,114.54315793687452,-73.78524435222278,33.78996296774347,0.0,0.0,0.0,0.08711582437360037,5.561829015558935,-0.03380933992165375,-1060.667614521735,0.6945765219097647,-0.17307692307692302,-1.2834540938909456,3.3101618666165065,17.423976433007805,0.08594241661422278,-0.20535379422427805,-0.18040230446245484,-0.99213431406691,1.7898515499213803,1.6060969741181637,Software—Infrastructure,Technology,MDB
2022Q1,2022,Q1,2021-06-04,2021-04-30,-63992000.0,181648000.0,-61446000.0,-1.04,127120000.0,0.6998150268651457,1377627000.0,-268364000.0,1096022000.0,328681000.0,1645991000.0,0.0,-946760000.0,18252642358.199997,19090342358.199997,-4.373479404977081,3.3346071114545714,0.9035500901187331,-4.6383084169262645,-0.05847673212670838,-4.373479404977081,0.23845225141971352,100.48358560622741,-71.30829774893736,-68.01449657256562,0.0,0.0,0.0,0.13185572001710189,3.15104615113134,-0.04645088982721738,1903.2995159749737,0.6998150268651457,0.16799999999999998,-1.1342582875299805,2.682872477936523,0.0,0.059209758861466164,0.1557895014577644,-0.03456636303941542,-0.8004511680663948,2.0909227742830025,-2.2764984346230883,Software—Infrastructure,Technology,MDB
2021Q4,2021,Q4,2021-03-22,2021-01-31,-75801000.0,170999000.0,-59393000.0,-1.25,120014000.0,0.7018403616395418,1407495000.0,-5033000.0,1141887000.0,354541000.0,1412528000.0,0.0,-935403000.0,22678814034.7,23228284034.7,-0.08319309409712516,3.22074738887745,0.6956806240874746,-194.54937413073714,-0.060156025609399325,-0.08319309409712516,15.060798728392609,132.62541906502378,-74.79721255227504,-4506.023054778462,0.0,0.0,0.0,0.12149172821217838,3.0826279612231025,-0.053855253482250384,-1164.449272679195,0.7018403616395418,-0.024590163934426253,-1.3139006857029993,2.8049884454117704,0.9882994680053983,0.14669265533484296,-0.04335797167279184,-0.02241311046461586,-1.3890014102530197,2.1557531137057415,-1.0216211676915619,Software—Infrastructure,Technology,MDB
2021Q3,2021,Q3,2020-12-09,2020-10-31,-72651000.0,150771000.0,-58091000.0,-1.22,104661000.0,0.6941719561454126,1355861000.0,21804000.0,1103786000.0,271539000.0,1334057000.0,0.0,-859602000.0,13563845114.49,14133236114.49,0.3672675290783359,4.064926216860194,0.7258509537482087,45.13635112823335,-0.05621183916828504,0.3672675290783359,-3.3320033021463953,89.96322312971327,-46.67466763874551,622.0805867955421,0.0,0.0,0.0,0.11119945186121587,3.896622584601107,-0.05358292627341593,-985.3149146077292,0.6941719561454126,-0.10909090909090897,-1.5242869394954073,2.890362304943291,0.0,0.09048001083592944,-0.12593568384347154,-0.16695460024106068,0.11961094772012278,0.06642608823429644,-0.9699866153349093,Software—Infrastructure,Technology,MDB
2021Q2,2021,Q2,2020-09-03,2020-07-31,-64525000.0,138281000.0,-49780000.0,-1.1,95977000.0,0.6940722152718016,1355163000.0,48151000.0,1104823000.0,252661000.0,1307012000.0,0.0,-786951000.0,13376873237.52,14348077237.52,0.8245896394578516,4.372748465334975,0.6901693744590134,19.424144877572637,-0.04921177827321955,0.8245896394578516,-1.3400552428817678,96.7368853097678,-51.82825740999613,277.81091228676456,0.0,0.0,0.0,0.10204012358660913,4.203612745932297,-0.047614198439597306,-967.8658011373997,0.6940722152718016,-0.17021276595744697,-1.0748404835977288,2.2573179153006167,0.4302478380848721,0.03588697491689332,-0.19563807511998074,-0.1841103710751665,-1.0748404835977288,2.2573179153006167,0.4302478380848721,Software—Infrastructure,Technology,MDB
2021Q1,2021,Q1,2020-06-05,2020-04-30,-53967000.0,130329000.0,-42040000.0,-0.94,92652000.0,0.7109085468314803,1336842000.0,63041000.0,1100406000.0,241017000.0,1273801000.0,0.0,-722426000.0,9346717326.119999,9845542326.119999,1.093521604792435,4.565677939730392,0.6905064323233411,14.642819752224742,-0.04140455196723756,1.093521604792435,-0.8560619279516505,71.7163281090164,-43.29829954472177,148.2641031411304,0.0,0.0,0.0,0.09749020452678776,4.388806598704655,-0.0403690189266944,-1265.978237318163,0.7109085468314803,0.14545454545454556,-0.9158037287333542,1.8125391003280087,0.0,0.044177974124329444,0.13739750331665682,-0.027797472068063468,-0.9158037287333542,1.8125391003280087,0.0,Software—Infrastructure,Technology,MDB
2020Q4,2020,Q4,2020-03-27,2020-01-31,-62563000.0,123523000.0,-40903000.0,-1.1,88732000.0,0.7183439521384681,1328567000.0,82858000.0,1113196000.0,242384000.0,1245709000.0,0.0,-668232000.0,9333629082.02,9818838082.02,1.4550883328074915,4.592695887517328,0.6857576622029601,10.99561901083782,-0.042194195803533376,1.4550883328074915,-0.755062878659876,75.56187173255184,-37.296921031680064,112.64608223732169,0.0,0.0,0.0,0.09297461099063879,4.423031223183048,-0.04709058707615047,-949.3113386920261,0.7183439521384681,-0.4666666666666668,-1.0289993657151517,1.9201298808285836,1.2046480874134733,0.14863430420711973,-0.4761342991293679,-0.056542852714780184,-1.0289993657151517,1.9201298808285836,1.2046480874134733,Software—Infrastructure,Technology,MDB
2020Q3,2020,Q3,2019-12-10,2019-10-31,-42383000.0,109441000.0,-38714000.0,-0.75,77250000.0,0.7058597783280489,734985000.0,218835000.0,525621000.0,204522000.0,516150000.0,0.0,-605669000.0,7207733002.83,7557676002.83,3.879243021213708,2.569997359697245,0.3084280631577515,1.0358946238033222,-0.08551829692544496,3.879243021213708,-0.1936756003381543,65.85953164563554,-42.51547202197815,32.93683827006649,0.0,0.0,0.0,0.14890235855153505,2.41232239074525,-0.057665122417464305,-586.1375134447426,0.7058597783280489,-0.1194029850746268,-0.5497893151022146,1.9719132641520212,0.0,0.11687823497093948,-0.1351778444396829,-0.02765980038224676,-0.5497893151022146,1.9719132641520212,0.0,Software—Infrastructure,Technology,MDB
2020Q2,2020,Q2,2019-09-05,2019-07-31,-37336000.0,99368000.0,-37672000.0,-0.67,69166000.0,0.696059093470735,741597000.0,239343000.0,533373000.0,189002000.0,502254000.0,0.0,-563286000.0,7969864596.54,8255905596.54,4.30103975353378,2.8220495021216707,0.3011824481490621,0.9332046477231422,-0.07272956118975696,4.30103975353378,-0.1559936994188257,80.20554500986233,-53.36581715060532,33.29892495932616,0.0,0.0,0.0,0.13399191204926664,2.6604797832827165,-0.05034540323113497,-577.5264200391305,0.696059093470735,-0.09836065573770501,-0.25980883985135506,1.4562035157020452,6.460138370224105,0.12986800836382645,-0.12322503008423585,-0.23203715210779344,-0.25980883985135506,1.4562035157020452,6.460138370224105,Software—Infrastructure,Technology,MDB
2020Q1,2020,Q1,2019-06-07,2019-04-30,-33240000.0,89388000.0,-30577000.0,-0.61,61216000.0,0.6848346534210409,734241000.0,247868000.0,567189000.0,178167000.0,486373000.0,0.0,-525950000.0,7709838326.32,8090203326.32,4.530517642731466,3.1834683190489823,0.29973673494125225,0.8878879080801072,-0.06326092008494162,4.530517642731466,-0.1341036358061549,86.2513796742292,-57.98614866365824,31.10461344877112,0.0,0.0,0.0,0.1217420438248477,3.019672554401208,-0.04527123927974602,2729.1463102017697,0.6848346534210409,-3.5094893846999042,-0.24338848766164864,1.0326369464882423,0.0,-0.1347806422433288,-3.565306963329213,-2.4530773574251836,-0.24338848766164864,1.0326369464882423,0.0,Software—Infrastructure,Technology,MDB
2019Q4,2019,Q4,2019-04-01,2019-01-31,-7281000.0,96319000.0,-8855000.0,-0.13527030401039386,70752000.0,0.7345591212533352,733476000.0,264566000.0,566236000.0,164637000.0,468910000.0,0.0,-488607000.0,4971328813.96,5358494813.96,4.915248351986522,3.439299792877664,0.2956579356379759,0.8196744857615869,-0.011873568523614302,4.915248351986522,-0.027520543078097714,51.613168886304884,-170.69526211921442,18.790505257516084,0.0,0.0,0.0,0.1313185434833587,3.2725207577883464,-0.009926705168267264,-393.61273269675377,0.7345591212533352,0.770728298287468,0.7501888035460099,1.4089224846322213,1.6912956084634823,0.4981260719503674,0.7675287356321839,0.6952226887863977,0.7501888035460099,1.4089224846322213,1.6912956084634823,Software—Infrastructure,Technology,MDB
2019Q3,2019,Q3,2018-12-06,2018-10-31,-31320000.0,64985000.0,-29054000.0,-0.59,47227000.0,0.7267369392936831,670670000.0,197245000.0,587464000.0,172335000.0,473425000.0,0.0,-535490000.0,4295255869.0,4752138869.0,3.7426099841969624,3.408849044013114,0.3186246589231664,1.0833836092169637,-0.07062741921132244,3.7426099841969624,-0.1587872949884661,66.09611247210894,-34.28524799648787,21.776247149484142,0.0,0.0,0.0,0.09689564167176107,3.2475585342501523,-0.04669956908762879,-440.76509687018984,0.7267369392936831,0.03278688524590167,-0.2258605985424517,0.8888939063058457,0.0,0.15199043809152113,-0.0023683031428022787,0.04952891913111751,-0.2258605985424517,0.8888939063058457,0.0,Software—Infrastructure,Technology,MDB
2019Q2,2019,Q2,2018-09-07,2018-07-31,-31246000.0,57490000.0,-30568000.0,-0.61,40996000.0,0.7130979300747956,663930000.0,208624000.0,583706000.0,156236000.0,455306000.0,0.0,-504170000.0,2769634310.38,3257322310.38,4.075861061401703,3.7360531503622725,0.3171313240853704,1.00924629956285,-0.07350253442094329,4.075861061401703,-0.14977183833116037,48.175931646895116,-22.15991095164181,13.275722401928828,0.0,0.0,0.0,0.08659045381290197,3.5908305384162422,-0.04706219029114515,-153.47635544608224,0.7130979300747956,-0.05172413793103453,-0.14623500923956828,0.5449430872900636,6.069566718345931,0.18922054941548458,-0.07138938417226717,-0.04370390603660202,-0.14623500923956828,0.5449430872900636,6.069566718345931,Software—Infrastructure,Technology,MDB
2019Q1,2019,Q1,2018-06-07,2018-04-30,-29164000.0,48222000.0,-29288000.0,-0.58,34473000.0,0.7148811745676248,400227000.0,172507000.0,325719000.0,144656000.0,227720000.0,0.0,-472924000.0,1812098371.48,1700481371.48,3.4261533632576984,2.2516798473620177,0.0,0.0,-0.17254150628980722,3.4261533632576984,-0.16905980626873113,37.57824999958525,-15.533691978809491,10.5044918263027,0.0,0.0,0.0,0.12048662384097025,2.0978251852671166,-0.07286864704280321,-215.31587113593156,0.7148811745676248,-0.11538461538461527,-0.18540192890767476,0.19151229159739658,0.0,0.05615808823529412,-0.10578600136498066,-0.07467067845741754,-0.18540192890767476,0.19151229159739658,0.0,Software—Infrastructure,Technology,MDB
2018Q4,2018,Q4,2018-03-30,2018-01-31,-26374000.0,45041000.0,-27253000.0,-0.52,32640000.0,0.7246730756421926,415196000.0,193493000.0,343550000.0,142617000.0,221703000.0,0.0,-443760000.0,1363284961.82,1301382961.82,3.847761382915186,2.408899359823864,0.0,0.0,-0.14340299722822358,3.847761382915186,-0.13630467252045295,30.267644186851978,-12.922622296769546,7.0456552010667055,0.0,0.0,0.0,0.10848129558088228,2.2847626860752928,-0.06352180656846405,-167.62387333333334,0.7246730756421926,0.6258992805755396,0.03143603190341623,0.2057307109628877,1.541160966027203,0.0730841305848703,-0.08911463495209779,-0.13318087318087318,0.03143603190341623,0.2057307109628877,1.541160966027203,Software—Infrastructure,Technology,MDB
2018Q3,2018,Q3,2017-12-15,2017-10-31,-24216000.0,41488000.0,-24050000.0,-1.39,30417000.0,0.7331517547242576,353995000.0,213185000.0,338859000.0,117252000.0,140810000.0,0.0,-417386000.0,531011648.16,288266648.16,12.236791457429788,2.8900061406202027,0.0,0.0,-0.11440013115274993,12.236791457429788,-0.11359148157703403,12.799162364057077,-5.482033037661051,2.4908490192086683,0.0,0.0,0.0,0.11719939547168745,2.761471019684099,-0.06840774587211684,-51.117794393531,0.7331517547242576,-1.6099904425529838,-1.8672402649242985,2.6480374475690516,0.0,0.19695419486856602,0.07143678822040722,0.08072777310603164,-1.8672402649242985,2.6480374475690516,0.0,Software—Infrastructure,Technology,MDB
2018Q2,2018,Q2,2017-07-31,2017-07-31,-26079000.0,35600000.0,-26162000.0,-0.532569,25412000.0,0.7138202247191011,157916000.0,28232000.0,139593000.0,110246000.0,129684000.0,0.0,-393170000.0,1570413541.35,1529644541.35,0.5765361900927549,1.2661955989332947,0.0,0.0,-0.9357207662340488,0.5765361900927549,-0.9237390195522811,44.1127399255618,-15.054388026285517,55.62530254144233,0.0,0.0,0.0,0.2254363079105347,1.1348438945630681,-0.16514476050558524,-97.77197991221516,0.7138202247191011,-0.08991838438743256,0.0,0.0,0.0,0.09576991074123582,-0.32447943118334177,-0.32117967882032117,0.0,0.0,0.0,Software—Infrastructure,Technology,MDB
2018Q1,2018,Q1,2017-04-30,2017-04-30,-19690000.0,32390000.0,-19802000.0,-0.488632,23191000.0,0.7159925903056499,,,,,,,,1292299390.56,,,0.0,0.0,0.0,0.0,,0.0,39.89809788700216,-16.408067427120365,0.0,0.0,0.0,0.0,0.0,0.0,0.0,-103.94107540899219,0.7159925903056499,0.09761609956663617,0.0,0.0,0.0,0.07420445597294918,0.09761686526122823,0.06958605459756613,0.0,0.0,0.0,Software—Infrastructure,Technology,MDB
2017Q4,2017,Q4,2017-01-31,2017-01-31,-21820000.0,29934000.0,-21283000.0,-0.5414901570887266,21589000.0,0.7212200173715507,174432000.0,-286514000.0,158452000.0,97790000.0,460946000.0,0.0,-347401000.0,1292299390.56,1222994390.56,-7.110197564991723,1.6203292770221904,0.0,0.0,0.07590362284124458,-7.110197564991723,0.07615683701320006,43.17162392463419,-14.806363319890009,-4.510423192444349,0.0,0.0,0.0,0.17160842047330765,1.5118110236220472,-0.12509172628875437,-124.89604625108727,0.7212200173715507,-0.11696970221588247,0.0,0.0,0.0,0.13114324635858746,-0.1169695418479652,-0.1053232926512594,0.0,0.0,0.0,Software—Infrastructure,Technology,MDB
2017Q3,2017,Q3,2016-10-31,2016-10-31,-19535000.0,26305000.0,-19255000.0,-0.484785,19086000.0,0.7255654818475575,,,,,,,,1292299390.56,,,0.0,0.0,0.0,0.0,,0.0,49.12751912412089,-16.53825685385206,0.0,0.0,0.0,0.0,0.0,0.0,0.0,-200.07731700882488,0.7255654818475575,0.0,0.0,0.0,0.0,0.0,0.0,0.0,0.0,0.0,0.0,Software—Infrastructure,Technology,MDB
