Quarters,Year,Quarter,FillingDate,Date,NetIncome,Revenue,OperatingIncome,EPSDiluted,GrossProfit,GrossProfitRatio,TotalAssets,CommonStockEquity,CurrentAssets,CurrentLiability,TotalLiability,Inventory,RetainedEarnings,MarketCap,EnterpriseValue,bookValuePerShare,currentRatio,debtToAssets,debtToEquity,roic,shareholdersEquityPerShare,roe,priceToSalesRatio,peRatio,pbRatio,payoutRatio,inventoryTurnover,dividendYield,assetTurnover,quickRatio,returnOnAssets,priceToFreeCashFlowsRatio,grossProfitMargin,epsdilutedGrowth,fiveYNetIncomeGrowthPerShare,fiveYRevenueGrowthPerShare,fiveYShareholdersEquityGrowthPerShare,grossProfitGrowth,netIncomeGrowth,operatingIncomeGrowth,threeYNetIncomeGrowthPerShare,threeYRevenueGrowthPerShare,threeYShareholdersEquityGrowthPerShare,Industry,Sector,Symbol
2023Q1,2023,Q1,2023-05-03,2023-03-31,21000000.0,584000000.0,21000000.0,0.29,101000000.0,0.1729452055,2259000000.0,1450000000.0,713000000.0,228000000.0,808000000.0,415000000.0,1375000000.0,3903120000.0,4159120000.0,20.13888888888889,3.1271929824561404,0.1691013722886233,0.263448275862069,0.01075894832444517,20.13888888888889,0.014482758620689656,6.683424657534246,46.465714285714284,2.691806896551724,0.8095238095238095,1.163855421686747,0.004355489967000758,0.25852146967684814,1.2017543859649122,0.009296148738379814,-16.751587982832618,0.17294520547945205,2.611111111111111,-0.5357077374404107,0.6977835639776909,0.7424642562916899,-0.2109375,2.6153846153846154,1.7777777777777777,-0.010101010101010065,0.5528964862298196,1.2922312556458897,Building Products & Equipment,Industrials,LPX
2022Q4,2022,Q4,2023-02-21,2022-12-31,-13000000.0,705000000.0,-27000000.0,-0.18,128000000.0,0.1815602837,2350000000.0,1434000000.0,854000000.0,336000000.0,916000000.0,337000000.0,1371000000.0,4262400000.0,4288400000.0,19.916666666666668,2.5416666666666665,0.16808510638297872,0.2754532775453278,-0.008160892815624274,19.916666666666668,-0.00906555090655509,6.045957446808511,-81.96923076923078,2.972384937238494,-1.2307692307692308,1.7121661721068249,0.0037537537537537533,0.3,1.4761904761904763,-0.005531914893617021,-46.3304347826087,0.18156028368794327,-1.1040462427745665,-1.2000489195167603,0.9938842761985176,0.7961618365015063,-0.4482758620689655,-1.1015625,-1.1569767441860466,0.5928649237472766,1.0969118559900681,1.3112176252943155,Building Products & Equipment,Industrials,LPX
2022Q3,2022,Q3,2022-11-03,2022-09-30,128000000.0,852000000.0,172000000.0,1.73,232000000.0,0.2723004695,2383000000.0,1362000000.0,1001000000.0,430000000.0,1018000000.0,337000000.0,1395000000.0,3788060000.0,3705060000.0,18.405405405405407,2.327906976744186,0.1619806966009232,0.2834067547723935,0.07158836689038031,18.405405405405407,0.09397944199706314,4.446079812206572,7.398554687499999,2.781248164464023,0.125,1.8397626112759644,0.004223797933506862,0.3575325220310533,1.4883720930232558,0.05371380612673101,34.75284403669725,0.27230046948356806,-0.6342494714587739,1.276374735391129,1.3161669256615658,0.815042026261572,-0.5529865125240848,-0.6666666666666666,-0.6277056277056277,103.9945945945946,1.3179776791717093,0.8420578864107306,Building Products & Equipment,Industrials,LPX
2022Q2,2022,Q2,2022-08-09,2022-06-30,384000000.0,1130000000.0,462000000.0,4.73,519000000.0,0.4592920354,2547000000.0,1485000000.0,1208000000.0,464000000.0,1059000000.0,311000000.0,1505000000.0,4245209999.9999995,4132209999.9999995,18.333333333333332,2.603448275862069,0.15312131919905772,0.26262626262626265,0.18043279830995493,18.333333333333332,0.2585858585858586,3.756823008849557,2.76380859375,2.858727272727273,0.046875,1.9646302250803858,0.004240072929254384,0.4436592069100903,1.5581896551724137,0.15076560659599528,11.201081794195249,0.4592920353982301,-0.15535714285714272,6.249069174995101,1.9042849697894602,0.9646741817462671,-0.21482602118003025,-0.2033195020746888,-0.27014218009478674,33.412200435729844,1.9277315864617453,0.7716001044113808,Building Products & Equipment,Industrials,LPX
2022Q1,2022,Q1,2022-05-03,2022-03-31,482000000.0,1337000000.0,633000000.0,5.6,661000000.0,0.4943904263,2670000000.0,1613000000.0,1341000000.0,459000000.0,1054000000.0,382000000.0,1601000000.0,5342320000.0,5108320000.0,18.75581395348837,2.9215686274509802,0.14606741573033707,0.24178549287042778,0.24001661439268965,18.75581395348837,0.29882207067575944,3.995751682872102,2.770912863070539,3.312039677619343,0.03941908713692946,1.7696335078534031,0.003556507285224397,0.5007490636704119,2.056644880174292,0.1805243445692884,16.043003003003005,0.4943904263275991,1.6046511627906976,13.694376321353065,2.669679123824171,1.1565970593198491,0.9614243323442137,1.5502645502645502,1.47265625,26.192937123169678,2.499300727243667,0.9316129150212081,Building Products & Equipment,Industrials,LPX
2021Q4,2021,Q4,2022-02-22,2021-12-31,189000000.0,992000000.0,256000000.0,2.15,337000000.0,0.3397177419,2194000000.0,1235000000.0,890000000.0,351000000.0,955000000.0,324000000.0,1239000000.0,6894799999.999999,6933799999.999999,14.034090909090908,2.5356125356125356,0.18094804010938925,0.3214574898785425,0.1154564783196959,14.034090909090908,0.15303643724696356,6.9504032258064505,9.120105820105818,5.582834008097166,0.08465608465608465,2.021604938271605,0.002320589429715148,0.45214220601640837,1.564102564102564,0.0861440291704649,86.18499999999999,0.3397177419354839,-0.4444444444444445,6.313469409737182,1.9452561983471077,0.6866261299961223,-0.3861566484517304,-0.4821917808219178,-0.47540983606557374,16.68716577540107,1.6789710035338963,0.1556127086652906,Building Products & Equipment,Industrials,LPX
2021Q3,2021,Q3,2021-11-03,2021-09-30,365000000.0,1219000000.0,488000000.0,3.87,549000000.0,0.45036915504511893,2400000000.0,1369000000.0,1197000000.0,427000000.0,1022000000.0,320000000.0,1369000000.0,5768780000.0,5536780000.0,14.563829787234043,2.80327868852459,0.15625,0.2739225712198685,0.20558027476621196,14.563829787234043,0.266617969320672,4.732387202625103,3.9512191780821917,4.213864134404674,0.04657534246575343,2.09375,0.0029468969175458245,0.5079166666666667,2.0,0.15208333333333332,13.022076749435666,0.45036915504511893,-0.21020408163265308,7.505854307213284,2.124604007020849,0.8154253473503921,-0.22237960339943344,-0.26706827309236947,-0.25267993874425726,3.462294097460535,1.508078349157946,0.14571367156942208,Building Products & Equipment,Industrials,LPX
2021Q2,2021,Q2,2021-08-04,2021-06-30,498000000.0,1325000000.0,653000000.0,4.9,706000000.0,0.5328301886792453,2367000000.0,1434000000.0,1230000000.0,352000000.0,924000000.0,311000000.0,1413000000.0,6089290000.0,5874290000.0,14.198019801980198,3.4943181818181817,0.15842839036755388,0.2615062761506276,0.2741815300184511,14.198019801980198,0.3472803347280335,4.595690566037736,3.056872489959839,4.24636680613668,0.0321285140562249,1.9903536977491962,0.0026275641330926925,0.5597803126320237,2.553977272727273,0.21039290240811154,14.327741176470589,0.5328301886792453,0.6333333333333334,21.304775587968894,2.2301470188227617,0.8777054686009043,0.47390396659707723,0.55625,0.5150812064965197,3.382164829881882,1.3396401060925038,0.16266489034224532,Building Products & Equipment,Industrials,LPX
2021Q1,2021,Q1,2021-05-05,2021-03-31,320000000.0,1017000000.0,431000000.0,3.0,479000000.0,0.47099311701081614,2342000000.0,1404000000.0,1226000000.0,360000000.0,939000000.0,307000000.0,1390000000.0,5878760000.0,5610760000.0,13.245283018867925,3.4055555555555554,0.1609735269000854,0.26851851851851855,0.18296824588215316,13.245283018867925,0.22792022792022792,5.780491642084562,4.59278125,4.187150997150997,0.053125,1.752442996742671,0.0028917662908504514,0.43424423569598636,2.525,0.13663535439795046,20.995571428571427,0.47099311701081614,0.2820512820512821,40.883128778164505,1.7170652637246764,0.7995350288992454,0.3646723646723647,0.25,0.4511784511784512,3.8056126367353715,1.008246699546111,0.14601318633711352,Building Products & Equipment,Industrials,LPX
2020Q4,2020,Q4,2021-02-18,2020-12-31,256000000.0,860000000.0,297000000.0,2.34,351000000.0,0.40813953488372096,2087000000.0,1234000000.0,993000000.0,286000000.0,852000000.0,259000000.0,1206000000.0,4051530000.0,3905530000.0,11.321100917431192,3.472027972027972,0.18639195016770485,0.31523500810372773,0.15586925381981034,11.321100917431192,0.20745542949756887,4.711081395348837,3.9565722656249998,3.2832495948136144,0.0625,1.9652509652509653,0.00394912539213581,0.4120747484427408,2.513986013986014,0.12266411116435075,13.64151515151515,0.40813953488372096,0.4904458598726113,45.0985031385804,1.4322529882412631,0.588516323419303,0.20205479452054795,0.4463276836158192,0.22727272727272727,1.6021889093386912,0.606627814200172,0.020980556405293532,Building Products & Equipment,Industrials,LPX
2020Q3,2020,Q3,2020-11-04,2020-09-30,177000000.0,795000000.0,242000000.0,1.57,292000000.0,0.3672955974842767,1973000000.0,1142000000.0,904000000.0,244000000.0,831000000.0,238000000.0,1132000000.0,3305120000.0,3265120000.0,10.196428571428571,3.7049180327868854,0.1926001013684744,0.3327495621716287,0.1162277666978713,10.196428571428571,0.15499124343257442,4.157383647798742,4.668248587570622,2.89415061295972,0.0903954802259887,2.1134453781512605,0.004840974003969599,0.40293968575772937,2.6557377049180326,0.08971109984794728,16.201568627450982,0.3672955974842767,4.413793103448277,9.50411051212938,1.1772539409396798,0.4211814234050575,1.4957264957264957,4.363636363636363,3.5660377358490565,1.0797960577673693,0.42794370637019946,0.005516910237786513,Building Products & Equipment,Industrials,LPX
2020Q2,2020,Q2,2020-08-06,2020-06-30,33000000.0,548000000.0,53000000.0,0.29,117000000.0,0.21350364963503649,1807000000.0,1000000000.0,689000000.0,219000000.0,807000000.0,240000000.0,999000000.0,2872800000.0,2994800000.0,8.928571428571429,3.146118721461187,0.21084670724958496,0.381,0.0232226148409894,8.928571428571429,0.033,5.242335766423357,21.763636363636362,2.8728,0.5151515151515151,1.7958333333333334,0.005917571707045391,0.3032650802434975,1.9817351598173516,0.018262313226342003,25.2,0.21350364963503649,0.0,3.1501373626373623,0.412279049550855,0.2022480263869364,0.08333333333333333,0.0,0.20454545454545456,-0.5494614512471655,0.018610945314590475,-0.04317815824045426,Building Products & Equipment,Industrials,LPX
2020Q1,2020,Q1,2020-05-06,2020-03-31,33000000.0,585000000.0,44000000.0,0.29,108000000.0,0.18461538461538463,2132000000.0,984000000.0,976000000.0,214000000.0,1148000000.0,284000000.0,983000000.0,1924160000.0,2168160000.0,8.785714285714286,4.5607476635514015,0.3269230769230769,0.7083333333333334,0.020146520146520144,8.785714285714286,0.03353658536585366,3.289162393162393,14.576969696969696,1.9554471544715446,0.48484848484848486,1.6795774647887325,0.008315316813570596,0.27439024390243905,3.0841121495327104,0.01547842401500938,-58.307878787878785,0.18461538461538463,1.659090909090909,2.2127329192546585,0.5723901390108724,0.16042361507899613,0.5428571428571428,1.6470588235294117,1.6027397260273972,-0.22749999999999998,0.23291455229988536,0.010206522605852798,Building Products & Equipment,Industrials,LPX
2019Q4,2019,Q4,2020-02-13,2019-12-31,-51000000.0,537000000.0,-73000000.0,-0.44,70000000.0,0.1303538175046555,1835000000.0,991000000.0,619000000.0,244000000.0,844000000.0,265000000.0,966000000.0,3412050000.0,3586050000.0,8.617391304347827,2.5368852459016393,0.19346049046321526,0.35822401614530774,-0.035208255603381595,8.617391304347827,-0.05146316851664985,6.35391061452514,-16.725735294117648,3.443037336024218,-0.29411764705882354,1.7622641509433963,0.004396184112190618,0.29264305177111716,1.4139344262295082,-0.02779291553133515,60.92946428571429,0.1303538175046555,-23.0,-0.46482213438735165,0.4590460668232588,0.09435772345051711,-0.05405405405405406,-26.5,-10.125,-2.5101380589326188,0.22003003952569178,0.03564366516248438,Building Products & Equipment,Industrials,LPX
2019Q3,2019,Q3,2019-11-05,2019-09-30,2000000.0,603000000.0,8000000.0,0.02,74000000.0,0.12271973466003316,2043000000.0,1213000000.0,761000000.0,217000000.0,830000000.0,260000000.0,1185000000.0,2984012000.0,3031012000.0,9.99176276771005,3.506912442396313,0.17180616740088106,0.2893652102225886,0.0,9.99176276771005,0.0016488046166529267,4.948610281923715,373.00149999999996,2.4600263808738663,8.0,2.0346153846153845,0.005361908732270514,0.29515418502202645,2.2442396313364057,0.0009789525208027412,135.63690909090909,0.12271973466003316,-0.8571428571428571,1.1137061084730433,0.34985676659776066,0.180532178982609,-0.05128205128205128,-0.8823529411764706,-0.6521739130434783,-0.963911881705308,0.19678946827588265,0.24550339149890188,Building Products & Equipment,Industrials,LPX
2019Q2,2019,Q2,2019-08-06,2019-06-30,17000000.0,588000000.0,23000000.0,0.14,78000000.0,0.1326530612244898,2089000000.0,1277000000.0,828000000.0,229000000.0,812000000.0,293000000.0,1315000000.0,3255292000.0,3258292000.0,10.348460291734197,3.6157205240174672,0.16802297750119674,0.2748629600626468,0.01179562792486698,10.348460291734197,0.01331245105716523,5.536210884353742,47.871941176470585,2.5491714956930305,1.0,1.7406143344709897,0.005222265775236139,0.28147438966012445,2.2925764192139737,0.008137865007180469,203.45575,0.1326530612244898,-0.3,8.236706027629852,0.29394572612369857,0.19647167767792334,-0.037037037037037035,-0.37037037037037035,0.045454545454545456,-0.37680544406894045,0.17324834808627348,0.368596519260983,Building Products & Equipment,Industrials,LPX
2019Q1,2019,Q1,2019-05-07,2019-03-31,27000000.0,582000000.0,22000000.0,0.2,81000000.0,0.13917525773195877,2094000000.0,1272000000.0,846000000.0,237000000.0,821000000.0,310000000.0,1314000000.0,3197710000.0,3188710000.0,9.709923664122137,3.569620253164557,0.16809933142311365,0.27672955974842767,0.010665804783451843,9.709923664122137,0.02122641509433962,5.494347079037801,29.608425925925925,2.513922955974843,0.6296296296296297,1.6161290322580646,0.005316304480393781,0.27793696275071633,2.2236286919831225,0.012893982808022923,-32.9660824742268,0.13917525773195877,0.6666666666666669,3.0436512202988926,0.4066537695023834,0.12829681596797632,-0.13646055437100213,0.5882352941176471,0.3496932515337423,1.8594826947306011,0.25816231131604495,0.31921286518639785,Building Products & Equipment,Industrials,LPX
2018Q4,2018,Q4,2019-02-14,2018-12-31,17000000.0,589100000.0,16300000.0,0.12,93800000.0,0.15922593787132916,2514100000.0,1700200000.0,1287200000.0,261600000.0,813900000.0,273000000.0,1612600000.0,3110800000.0,2584300000.0,12.144285714285715,4.920489296636085,0.13997056600771648,0.2069756499235384,0.008122587389464891,12.144285714285715,0.009998823667803788,5.280597521643185,45.74705882352941,1.8296670979884717,1.076470588235294,1.8142857142857143,0.005882731130255884,0.2343184439759755,3.845565749235474,0.006761863092160216,113.12,0.15922593787132916,-0.8604651162790697,1.836904761904762,0.23332231454182673,0.39238895166645316,-0.5592105263157895,-0.8629032258064516,-0.902744630071599,3.279981203007519,0.29717263833595653,0.7040212108442199,Building Products & Equipment,Industrials,LPX
2018Q3,2018,Q3,2018-11-06,2018-09-30,124000000.0,736800000.0,167600000.0,0.86,212800000.0,0.2888165038002172,2614400000.0,1811400000.0,1426500000.0,232800000.0,803000000.0,284400000.0,1613900000.0,3787649999.9999995,3154749999.9999995,12.711578947368421,6.127577319587629,0.13532741738066095,0.1953185381472894,0.05803150764792234,12.711578947368421,0.0684553384122778,5.1406758957654715,7.6363911290322575,2.091006955945677,0.14919354838709678,1.8424753867791843,0.004884295011418689,0.28182374541003674,4.8548109965635735,0.0474296205630355,42.84671945701357,0.2888165038002172,-0.2252252252252253,2.1974950499608603,0.4266331971039147,0.45417637900929814,-0.1834228702993093,-0.23786109403810696,-0.22046511627906976,5.682528963919232,0.5859691388074402,0.7717438743961851,Building Products & Equipment,Industrials,LPX
2018Q2,2018,Q2,2018-08-07,2018-06-30,162700000.0,810800000.0,215000000.0,1.11,260600000.0,0.3214109521460286,2620800000.0,1765800000.0,1462600000.0,257500000.0,855000000.0,286400000.0,1508400000.0,3936012000.0,3310812000.0,12.21161825726141,5.68,0.1433531746031746,0.2127647525201042,0.07645503540225375,12.21161825726141,0.09213954015177257,4.8544795263936855,6.0479594345421015,2.229024804621135,0.11493546404425323,1.9210893854748603,0.004751001775401092,0.3093711843711844,4.517281553398059,0.06208028083028083,20.404416796267498,0.3214109521460286,0.7903225806451615,0.6632470680230412,0.3621383908492431,0.43647873115015834,0.47398190045248867,0.7898789878987899,0.690251572327044,9.210877043657126,0.6184654316727406,0.6443161222637195,Building Products & Equipment,Industrials,LPX
2018Q1,2018,Q1,2018-05-07,2018-03-31,90900000.0,691300000.0,127200000.0,0.62,176800000.0,0.2557500361637495,2499200000.0,1672400000.0,1405600000.0,237600000.0,826800000.0,329400000.0,1364400000.0,4163019000.0,3643519000.0,11.557705597788528,5.915824915824916,0.1505281690140845,0.22494618512317627,0.04729095812839493,11.557705597788528,0.054353025591963644,6.022015044119774,11.44944719471947,2.489248385553695,0.2079207920792079,1.5619307832422586,0.0045399744752546165,0.27660851472471193,4.491582491582491,0.03637163892445583,-333.04152,0.2557500361637495,-0.313062787136294,0.33142976279803715,0.2301431349544365,0.4636164834238561,-0.28910333735424204,-0.30398162327718226,-0.2,3.5856194224933144,0.4382040053042275,0.526550269636286,Building Products & Equipment,Industrials,LPX
2017Q4,2017,Q4,2018-02-13,2017-12-31,130600000.0,710600000.0,159000000.0,0.902557014512785,248700000.0,0.3499859273853082,2448500000.0,1604500000.0,1359600000.0,270100000.0,844000000.0,259100000.0,1280100000.0,3799822000.0,3247722000.0,11.088458880442294,5.033691225472047,0.15352256483561363,0.2342785914615145,0.06936203290319586,11.088458880442294,0.08139607354315986,5.347343090346186,7.273778713629404,2.3682281084449985,0.0,1.7827093786182941,0.0,0.29021850112313663,4.045538689374306,0.05333877884419032,37.696646825396826,0.3499859273853082,0.20340935268371338,1.713544516517831,0.483853967275385,0.4866128853059605,0.040585774058577405,0.1894353369763206,0.0006293266205160479,3.9811731691482897,0.5344375962433016,0.4081686891545735,Building Products & Equipment,Industrials,LPX
2017Q3,2017,Q3,2017-11-06,2017-09-30,109800000.0,718300000.0,158900000.0,0.75,239000000.0,0.3327300570792148,2308000000.0,1465300000.0,1290800000.0,245800000.0,842700000.0,231000000.0,1149500000.0,3913059999.9999995,3439859999.9999995,10.140484429065744,5.251423921887714,0.1626949740034662,0.25626151641302125,0.06069543187292626,10.140484429065744,0.07493346072476625,5.4476681052485025,8.909517304189436,2.6704838599604175,0.0,2.074891774891775,0.0,0.31122183708838824,4.240439381611066,0.047573656845753896,36.09833948339483,0.3327300570792148,0.1538461538461538,2.328339431995312,0.45685140338860697,0.4002018483481857,0.14683301343570057,0.1619047619047619,0.19563581640331076,6.2445349073885605,0.35091206958617094,0.19810372376643184,Building Products & Equipment,Industrials,LPX
2017Q2,2017,Q2,2017-08-01,2017-06-30,94500000.0,694100000.0,132900000.0,0.65,208400000.0,0.3002449214810546,2162800000.0,1348400000.0,1155700000.0,230600000.0,814400000.0,221700000.0,1039800000.0,3483895000.0,3119995000.0,9.331487889273356,5.011708586296617,0.17389495098945812,0.27892316819934737,0.05552568122185025,9.331487889273356,0.07008306140611095,5.019298371992508,9.216653439153438,2.5837251557401366,0.0,2.1907983761840324,0.0,0.32092657665988533,3.972246313963573,0.0436933604586647,28.745008250825084,0.3002449214810546,0.7105263157894737,3.4020148983737952,0.5382750080479348,0.3372529715799685,0.3367543296985247,0.7181818181818181,0.828060522696011,42.84775086505191,0.3043918943719071,0.07889102874830733,Building Products & Equipment,Industrials,LPX
2017Q1,2017,Q1,2017-05-05,2017-03-31,55000000.0,610900000.0,72700000.0,0.38,155900000.0,0.2551972499590768,2080200000.0,1254100000.0,1074000000.0,215500000.0,826100000.0,260000000.0,945300000.0,3579044000.0,3305744000.0,8.696948682385576,4.983758700696056,0.18084799538505913,0.2999760784626425,0.03463348359180017,8.696948682385576,0.043856151822023764,5.858641348829596,16.26838181818182,2.853874491667331,0.0,1.75,0.0,0.29367368522257475,3.705800464037123,0.026439765407172387,-675.2913207547169,0.2551972499590768,0.310344827586207,5.610729935070514,0.600837548893787,0.19289405564200188,0.22562893081761007,0.3033175355450237,0.2982142857142857,4.781914789709129,0.34134467688014214,0.010588738532548651,Building Products & Equipment,Industrials,LPX
2016Q4,2016,Q4,2017-02-15,2016-12-31,42200000.0,550000000.0,56000000.0,0.29,127200000.0,0.23127272727272727,2031200000.0,1195700000.0,1016500000.0,228800000.0,835500000.0,234600000.0,890300000.0,2720241000.0,2437941000.0,8.320807237299931,4.442744755244755,0.18560456872784561,0.3152964790499289,0.030698693578525147,8.320807237299931,0.035293133729196284,4.945892727272727,16.115171800947866,2.275019653759304,0.0,1.802216538789429,0.0,0.27077589602205593,3.354895104895105,0.02077589602205593,48.66262969588551,0.23127272727272727,-0.3555555555555556,1.701310519682127,0.6746487205309301,0.13560022840960195,-0.1729518855656697,-0.3567073170731707,-0.2717815344603381,3.0240015282382964,0.12181572541061311,-0.045987525430669265,Building Products & Equipment,Industrials,LPX
2016Q3,2016,Q3,2016-10-31,2016-09-30,65600000.0,596400000.0,76900000.0,0.45,153800000.0,0.2578806170355466,2432400000.0,1152800000.0,1445800000.0,653200000.0,1279600000.0,227100000.0,848100000.0,2705870999.9999995,2978570999.9999995,8.022268615170494,2.213410900183711,0.342213451734912,0.7220680083275504,0.04386054688291239,8.022268615170494,0.05690492713393477,4.537007042253521,10.31200838414634,2.3472163428174877,0.0,1.9489211800968735,0.0,0.24518993586581153,1.695805266380894,0.026969248478868606,24.93890322580645,0.2578806170355466,1.0454545454545454,1.9359777313848294,0.5921766086648952,-0.0049842044075695405,0.104091888011486,1.0694006309148265,0.4731800766283525,0.6774521138928615,0.14513961635025008,-0.08227030060151228,Building Products & Equipment,Industrials,LPX
2016Q2,2016,Q2,2016-08-04,2016-06-30,31700000.0,582400000.0,52200000.0,0.22,139300000.0,0.23918269230769232,2273900000.0,1084300000.0,876100000.0,176900000.0,1189600000.0,231600000.0,782500000.0,2487990000.0,2760490000.0,7.5613668061366806,4.9525155455059355,0.32864242051101633,0.689200405791755,0.01854935575453156,7.5613668061366806,0.029235451443327492,4.271960851648352,19.621372239747636,2.294558701466384,0.0,1.9132124352331605,0.0,0.2561238400985092,3.5398530243075186,0.013940806543823387,29.5135231316726,0.23918269230769232,2.142857142857143,1.8182332488655784,0.4725816730859818,-0.15159798622973286,0.5634118967452301,2.0776699029126213,1.7619047619047619,-0.6732259073332177,-0.013384347304204892,-0.11054027675804454,Building Products & Equipment,Industrials,LPX
2016Q1,2016,Q1,2016-05-09,2016-03-31,10300000.0,504600000.0,18900000.0,0.07,89100000.0,0.17657550535077288,2215600000.0,1051800000.0,815600000.0,165300000.0,1163800000.0,250100000.0,750800000.0,2446448000.0,2796148000.0,7.36039188243527,4.9340592861464,0.340269001624842,0.7167712492869367,0.006977903306197044,7.36039188243527,0.0097927362616467,4.84829171621086,59.37980582524272,2.3259631108575776,0.0,1.6613354658136745,0.0,0.22774869109947643,3.3309134906231095,0.004648853583679365,-78.41179487179487,0.17657550535077288,2.4,1.4114735144673989,0.39776535534968094,-0.19391154044227962,0.3180473372781065,2.3552631578947367,12.5,-0.8472335787778215,-0.09077234039090604,-0.06791267588156161,Building Products & Equipment,Industrials,LPX
2015Q4,2015,Q4,2016-02-24,2015-12-31,-7600000.0,462900000.0,1400000.0,-0.05,67600000.0,0.1460358608770793,2176300000.0,1017000000.0,769100000.0,143000000.0,1159300000.0,222000000.0,724200000.0,2570027000.0,2889227000.0,7.126839523475823,5.3783216783216785,0.3464136378256674,0.7412979351032448,0.0015811169461855553,7.126839523475823,-0.007472959685349066,5.55201339382156,-84.54036184210527,2.5270668633235007,0.0,1.7806306306306305,0.0,0.21270045490051923,3.713986013986014,-0.0034921656021688185,-158.64364197530864,0.1460358608770793,0.736842105263158,-0.028360608433983286,0.3419026524640243,-0.2316028662897228,0.38809034907597534,0.7132075471698113,1.0804597701149425,-1.16012233847688,-0.019838368968455172,-0.04451542082245207,Building Products & Equipment,Industrials,LPX
2015Q3,2015,Q3,2015-11-03,2015-09-30,-26500000.0,464900000.0,-17400000.0,-0.19,48700000.0,0.10475371047537105,2209500000.0,1023100000.0,840800000.0,166700000.0,1186400000.0,230500000.0,731800000.0,2030624000.0,2336824000.0,7.17461430575035,5.0437912417516495,0.3412084181941616,0.7368781155312286,-0.008981429375351718,7.17461430575035,-0.025901671390870882,4.367872660787266,-19.156830188679244,1.9847756817515396,0.0,1.8056399132321042,0.0,0.21040959493097985,3.4055188962207557,-0.01199366372482462,-62.67358024691358,0.10475371047537105,-0.35714285714285704,0.23865927419354832,0.32529632408102027,-0.24206935093966883,-0.018145161290322582,-0.358974358974359,-0.23404255319148937,-1.8139907424418267,-0.04452955465198621,-0.009326597524047641,Building Products & Equipment,Industrials,LPX
2015Q2,2015,Q2,2015-08-04,2015-06-30,-19500000.0,493000000.0,-14100000.0,-0.14,49600000.0,0.10060851926977687,2236300000.0,1056800000.0,870800000.0,153400000.0,1179500000.0,224900000.0,758300000.0,2423369000.0,2698169000.0,7.426563598032326,5.6766623207301175,0.33796896659661047,0.7151778955336866,-0.008169779716191018,7.426563598032326,-0.01845193035579107,4.915555780933063,-31.068833333333334,2.293119795609387,0.0,1.971542907959093,0.0,0.22045342753655592,3.9478487614080833,-0.008719760318383044,105.82397379912663,0.10060851926977687,0.4166666666666666,-1.789637883710597,-0.004272556506497064,-0.24302893444344112,0.12984054669703873,0.43478260869565216,0.5753012048192772,0.4966831769908003,0.10948594797879092,0.06426695913224752,Building Products & Equipment,Industrials,LPX
2015Q1,2015,Q1,2015-05-05,2015-03-31,-34500000.0,471700000.0,-33200000.0,-0.24,43900000.0,0.09306762772948908,2299000000.0,1075100000.0,928800000.0,186600000.0,1223900000.0,262100000.0,777800000.0,2344420000.0,2636220000.0,7.57112676056338,4.977491961414791,0.330622009569378,0.7070039996279416,-0.015344376634699215,7.57112676056338,-0.03209003813598735,4.970150519397922,-16.988550724637683,2.1806529625151154,0.0,1.6322014498283097,0.0,0.2051761635493693,3.244908896034298,-0.015006524575902565,-39.80339558573854,0.09306762772948908,0.2,-0.35948356807511733,0.4100422155318967,-0.22742352151488932,0.9424778761061947,0.1958041958041958,0.3210633946830266,-1.9369936432755825,0.25522022870278377,0.03847365748866115,Building Products & Equipment,Industrials,LPX
2014Q4,2014,Q4,2015-03-02,2014-12-31,-42900000.0,453500000.0,-48900000.0,-0.3,22600000.0,0.04983461962513782,2353500000.0,1115800000.0,950300000.0,172700000.0,1237700000.0,229800000.0,812300000.0,2346552000.0,2575752000.0,7.874382498235709,5.502605674580197,0.32373061397917996,0.6828284638824162,-0.020740152198851673,7.874382498235709,-0.03844775049291988,5.17431532524807,-13.674545454545452,2.103022046961821,0.0,1.8751087902523933,0.0,0.1926917357127682,3.712217718587145,-0.01822817080943276,-48.98855949895616,0.04983461962513782,-1.1428571428571426,0.2236962574039126,0.46467942497076187,-0.2065748247075824,-0.45012165450121655,-1.1029411764705883,-2.3493150684931505,0.27699364855328157,0.40031339048083175,0.07467344316015376,Building Products & Equipment,Industrials,LPX
2014Q3,2014,Q3,2014-11-05,2014-09-30,-20400000.0,518100000.0,-14600000.0,-0.14,41100000.0,0.07932831499710481,2409600000.0,1191700000.0,982700000.0,176200000.0,1217900000.0,218300000.0,855200000.0,1913472000.0,2095072000.0,8.463778409090908,5.577185017026107,0.3160275564409031,0.6390031048082571,-0.006319990788748561,8.463778409090908,-0.017118402282453638,3.693248407643312,-23.449411764705882,1.6056658555005456,0.0,2.185066422354558,0.0,0.21501494023904383,4.100454029511918,-0.00846613545816733,128.42093959731542,0.07932831499710481,-15.000000000000002,-0.19850000000000004,0.23212334034974091,-0.3295888712272101,-0.2789473684210526,-10.714285714285714,-2.7435897435897436,0.7029387818736141,0.41163139974329715,0.04977701588226415,Building Products & Equipment,Industrials,LPX
2014Q2,2014,Q2,2014-08-05,2014-06-30,2100000.0,518500000.0,-3900000.0,0.01,57000000.0,0.10993249758919961,2432300000.0,1217800000.0,982300000.0,158400000.0,1214500000.0,235600000.0,875600000.0,2114816000.0,2323716000.0,8.649147727272727,6.201388888888889,0.3139415368170045,0.6270323534242076,0.00030542667497380805,8.649147727272727,0.0017244210872064379,4.078719382835101,251.7638095238095,1.7365872885531286,0.0,1.9588285229202038,0.0,0.21317271718126876,4.419823232323233,0.0008633803395962669,-704.9386666666667,0.10993249758919961,1.0999999999999999,1.051899378071253,0.42487012072262836,-0.2355082674769666,0.012433392539964476,1.147887323943662,0.6176470588235294,1.0552056658130602,0.3352213933624323,-0.02954657043494468,Building Products & Equipment,Industrials,LPX
2014Q1,2014,Q1,2014-05-08,2014-03-31,-14200000.0,444700000.0,-10200000.0,-0.1,56300000.0,0.1266022037328536,2494100000.0,1211700000.0,1039800000.0,197000000.0,1282400000.0,276300000.0,873500000.0,2375296000.0,2587096000.0,8.605823863636363,5.278172588832487,0.30612244897959184,0.6301064619955434,-0.0037464560550830297,8.605823863636363,-0.011719072377651234,5.341344726782101,-41.81859154929578,1.9603004043905259,0.0,1.405718422005067,0.0,0.17830078986407924,3.5263959390862945,-0.005693436510163987,-24.48758762886598,0.1266022037328536,0.33333333333333326,0.6589600777511962,0.5869087687727716,-0.243799732300352,-0.12713178294573643,0.30392156862745096,0.5342465753424658,0.4242650691699605,0.250212190300655,-0.05751549479067933,Building Products & Equipment,Industrials,LPX
2013Q4,2013,Q4,2013-12-31,2013-12-31,-20400000.0,479700000.0,-21900000.0,-0.15,64500000.0,0.1344590368980613,2493300000.0,1226300000.0,1034200000.0,166200000.0,1267000000.0,224400000.0,887700000.0,2602506000.0,2710706000.0,8.721906116642959,6.222623345367028,0.30682228372037057,0.62382777460654,-0.007174088077840594,8.721906116642959,-0.016635407322841068,5.425278298936836,-31.893455882352946,2.1222425181440108,0.0,1.8502673796791445,0.0,0.19239562026230297,4.421780986762936,-0.008181927565876549,-206.54809523809524,0.1344590368980613,-1.576923076923077,0.9561526748171776,0.4031770316321623,-0.24089982288542633,-0.29198682766191,-1.5354330708661417,-1.4600840336134453,-1.8015647226173541,0.4113742884263231,-0.05962697231464893,Building Products & Equipment,Industrials,LPX
2013Q3,2013,Q3,2013-09-30,2013-09-30,38100000.0,507400000.0,47600000.0,0.26,91100000.0,0.17954276704769412,2497500000.0,1223800000.0,1059000000.0,177800000.0,1273700000.0,225000000.0,908100000.0,2462600000.0,2558700000.0,8.741428571428571,5.956130483689539,0.30654654654654656,0.6255924170616114,0.021414211310398574,8.741428571428571,0.03113253799640464,4.853370122191565,16.158792650918635,2.012256904722994,0.0,1.8502222222222222,0.0,0.20316316316316316,4.3796400449943755,0.015255255255255255,59.33975903614458,0.17954276704769412,-0.6,1.2520567056705671,-0.04276437371663246,-0.4257577885597549,-0.3922615076717812,-0.5951115834218916,-0.4645669291338583,2.1149352678571427,0.4733142857142857,-0.0765501323817198,Building Products & Equipment,Industrials,LPX
2013Q2,2013,Q2,2013-06-30,2013-06-30,94100000.0,572600000.0,88900000.0,0.65,149900000.0,0.2617883339154733,2571900000.0,1182500000.0,1137400000.0,264700000.0,1389400000.0,247000000.0,870000000.0,2090673000.0,2334773000.0,8.501078360891444,4.296939931998489,0.34013764143240405,0.7397885835095137,0.03400348572354022,8.501078360891444,0.07957716701902748,3.651192804750262,5.554391604675876,1.7680109936575052,0.0,1.711336032388664,0.0,0.22263696100159416,3.1190026445032113,0.03658773669271745,15.555602678571429,0.2617883339154733,0.4444444444444445,1.8615222683303556,0.09453240376952612,-0.46993821527253854,0.03450655624568668,0.44104134762633995,-0.0033632286995515697,2.8981698490939514,0.18310331570448163,-0.1335063303128813,Building Products & Equipment,Industrials,LPX
2013Q1,2013,Q1,2013-03-31,2013-03-31,65300000.0,537500000.0,89200000.0,0.45,144900000.0,0.2695813953488372,2472100000.0,1092900000.0,1143100000.0,254500000.0,1379200000.0,255100000.0,775900000.0,2881488000.0,3201088000.0,7.896676300578035,4.49155206286837,0.35601310626592775,0.8052886814896147,0.03232483739326111,7.896676300578035,0.05974929087748193,5.3609079069767445,11.031730474732006,2.6365522920669777,0.0,1.5390043120344963,0.0,0.21742647951134664,3.0950884086444006,0.026414789045750578,800.4133333333333,0.2695813953488372,0.40625,2.046343992924058,0.14375986414365174,-0.5381299429719322,0.47706422018348627,0.4164859002169197,0.8978723404255319,3.640099550417469,0.6485304062613279,-0.19420364220880643,Building Products & Equipment,Industrials,LPX
2012Q4,2012,Q4,2013-02-28,2012-12-31,46100000.0,458700000.0,47000000.0,0.32,98100000.0,0.21386527141922826,2331000000.0,1033800000.0,995600000.0,239300000.0,1297200000.0,209800000.0,710600000.0,2677752000.0,2997352000.0,7.458874458874459,4.160468031759298,0.37773487773487774,0.8517121300058038,0.019365001585546295,7.458874458874459,0.044592764557941575,5.8376978417266185,14.521431670281995,2.590203134068485,0.0,1.7187797902764537,0.0,0.1967824967824968,3.0714584203928124,0.019776919776919775,55.90296450939457,0.21386527141922826,0.4545454545454546,1.6587651830370276,-0.10363401866322748,-0.5818602941438886,-0.0040609137055837565,0.4728434504792332,0.08045977011494253,1.8528682225219903,0.5146094061034082,-0.2484415411186119,Building Products & Equipment,Industrials,LPX
2012Q3,2012,Q3,2012-11-06,2012-09-30,31300000.0,467800000.0,43500000.0,0.22,98500000.0,0.21056006840530142,2313400000.0,992900000.0,963400000.0,275200000.0,1320500000.0,209300000.0,664500000.0,1738428000.0,2139028000.0,7.24215900802334,3.5007267441860463,0.38519062851214664,0.8974720515661194,0.01819897201208996,7.24215900802334,0.03152381911572162,3.7161778537836683,13.885207667731628,1.7508590996072113,0.0,1.764452938365982,0.0,0.2022131927033803,2.543968023255814,0.013529869456211636,30.76863716814159,0.21056006840530142,1.8148148148148147,1.3488485677831354,-0.25186373828241077,-0.6020116310040219,0.45066273932253315,1.839142091152815,1.2894736842105263,2.8885018234865063,0.14252578391023527,-0.4263526570939073,Building Products & Equipment,Industrials,LPX
2012Q2,2012,Q2,2012-07-31,2012-06-30,-37300000.0,427800000.0,19000000.0,-0.27,67900000.0,0.1587190275829827,2256200000.0,956000000.0,903800000.0,259000000.0,1300200000.0,203500000.0,633200000.0,1490560000.0,1952260000.0,6.978102189781022,3.4895752895752894,0.3939367077386757,0.9297071129707113,0.007786662600192522,6.978102189781022,-0.03901673640167364,3.48424497428705,-9.99034852546917,1.5591631799163181,0.0,1.7685503685503685,0.0,0.18961085010194131,2.4366795366795366,-0.016532222320716248,34.74498834498834,0.1587190275829827,-2.375,-0.21758716832179453,-0.2944973759345661,-0.6333241310261308,0.4087136929460581,-2.3008849557522124,10.047619047619047,0.05259913197869389,0.20822936489221108,-0.3832107392538872,Building Products & Equipment,Industrials,LPX
2012Q1,2012,Q1,2012-05-07,2012-03-31,-11300000.0,361500000.0,-2100000.0,-0.08,48200000.0,0.13333333333333333,2147200000.0,995900000.0,678200000.0,161400000.0,1151300000.0,212300000.0,670500000.0,1277210000.0,1730510000.0,7.290629575402636,4.201982651796778,0.34174739195230996,0.7368209659604378,-0.0010766399670135841,7.290629575402636,-0.011346520735013556,3.5330843706777317,-28.256858407079644,1.2824681192890852,0.0,1.4757418747056052,0.0,0.16835879284649777,2.486988847583643,-0.005262667660208644,-19.062835820895522,0.13333333333333333,0.808951048951049,0.7691288629646057,-0.3214493072434709,-0.6240379755290958,1.2629107981220657,0.8024475524475524,0.91796875,0.720264699082993,0.3296737268304831,-0.3593668515673211,Building Products & Equipment,Industrials,LPX
2011Q4,2011,Q4,2012-02-29,2011-12-31,-57200000.0,312200000.0,-25600000.0,-0.41874084919472915,21300000.0,0.06822549647661755,2139900000.0,1000900000.0,656800000.0,139500000.0,1139000000.0,163600000.0,681800000.0,1102362000.0,1491462000.0,7.327232796486091,4.708243727598567,0.3407168559278471,0.728444400039964,-0.0139026664180496,7.327232796486091,-0.057148566290338695,3.5309481101857783,-4.818015734265734,1.1013707663103207,0.0,1.778117359413203,0.0,0.14589466797513903,3.000716845878136,-0.026730221038366277,-76.55291666666666,0.06822549647661755,0.14542683837810377,-0.7719887154947684,-0.3562741248502595,-0.631051110518428,-0.25524475524475526,0.12804878048780488,0.6478679504814305,0.8734554085693461,-0.06003806032772599,-0.3622834688671076,Building Products & Equipment,Industrials,LPX
2011Q3,2011,Q3,2011-11-07,2011-09-30,-65600000.0,350600000.0,-72700000.0,-0.49,28600000.0,0.08157444381061038,2203100000.0,1084400000.0,690800000.0,143700000.0,1118700000.0,156000000.0,739000000.0,685950000.0,1052650000.0,8.062453531598512,4.807237299930411,0.32989877899323683,0.6702323865732203,-0.02883309780175821,8.062453531598512,-0.06049428255256363,1.9565031374786082,-2.6141387195121952,0.6325617853190705,0.0,2.0641025641025643,0.0,0.15913939448958286,3.20598469032707,-0.029776224411057147,-2286.5,0.08157444381061038,-0.8148148148148147,-6.385591860692624,-0.48841546663142776,-0.5996443193066585,0.09578544061302682,-0.847887323943662,-2.080508474576271,0.5482659046573803,-0.3115283619459096,-0.4703610390695308,Building Products & Equipment,Industrials,LPX
2011Q2,2011,Q2,2011-07-29,2011-06-30,-35500000.0,362400000.0,-23600000.0,-0.27,26100000.0,0.07201986754966887,2336400000.0,1171100000.0,691400000.0,141700000.0,1165300000.0,173900000.0,804600000.0,1069596000.0000001,1459796000.0,8.91248097412481,4.8793225123500354,0.30996404725218285,0.6183929638801127,-0.009366439291605832,8.91248097412481,-0.030313380582358468,2.951423841059603,-7.532366197183099,0.9133259328836137,0.0,1.933870040253019,0.0,0.15511042629686697,3.112208892025406,-0.015194316041773669,44.94100840336135,0.07201986754966887,-0.5000000000000001,-1.5163090768963032,-0.5550537178548117,-0.5599548710201424,-0.2888283378746594,-0.5434782608695652,-0.2967032967032967,0.6559377684343777,-0.26667374606208627,-0.44428631628343757,Building Products & Equipment,Industrials,LPX
2011Q1,2011,Q1,2011-05-09,2011-03-31,-23000000.0,331700000.0,-18200000.0,-0.18,36700000.0,0.1106421465179379,2392000000.0,1198900000.0,722000000.0,138400000.0,1169800000.0,202700000.0,840100000.0,1378650000.0,1773650000.0,9.13099771515613,5.216763005780347,0.29941471571906353,0.5973809325214781,-0.007055569532724773,9.13099771515613,-0.019184252231211944,4.156315948145915,-14.985326086956523,1.149929101676537,0.0,1.4553527380365072,0.0,0.1386705685618729,3.2304913294797686,-0.009615384615384616,-19.472457627118644,0.1106421465179379,-2.4755882352941176,-1.2214233003118342,-0.6059561115503243,-0.5435148333111948,0.05157593123209169,-2.3823529411764706,-0.01675977653631285,0.6115272999448487,-0.2559995134734292,-0.46593550566158937,Building Products & Equipment,Industrials,LPX
2010Q4,2010,Q4,2011-02-28,2010-12-31,-6800000.0,317400000.0,-17900000.0,-0.05178979436405179,34900000.0,0.10995589161940769,2410600000.0,1217800000.0,713600000.0,135000000.0,1170000000.0,151900000.0,863100000.0,1242098000.0,1567498000.0,9.274942878903275,5.285925925925926,0.29648220360076327,0.5868779766792577,0.0006093824470620286,9.274942878903275,-0.005583839710954179,3.9133522369250158,-45.66536764705883,1.0199523731318774,0.0,1.859776168531929,0.0,0.13166846428275117,3.517037037037037,-0.0028208744710860366,-6210.49,0.10995589161940769,0.7878232671657279,-1.0643117399497264,-0.5902640223354897,-0.5196588395966683,0.11146496815286625,0.7875,-0.12578616352201258,0.8974260383469266,-0.34527028420804423,-0.48005266631045124,Building Products & Equipment,Industrials,LPX
2010Q3,2010,Q3,2010-11-08,2010-09-30,-32000000.0,322500000.0,-15900000.0,-0.244088,31400000.0,0.09736434108527131,2414700000.0,1241000000.0,703100000.0,131300000.0,1173700000.0,147700000.0,869900000.0,992427000.0,1330127000.0,9.46605644546148,5.354912414318355,0.2980908601482586,0.5800161160354553,-0.0050587852177916524,9.46605644546148,-0.0257856567284448,3.0772930232558138,-7.7533359375,0.7996994359387591,0.0,1.970886932972241,0.0,0.13355696359796249,3.6694592536176693,-0.013252163829875346,300.73545454545456,0.09736434108527131,-2.52555,-1.1581786239366705,-0.568429081857963,-0.47571130459588346,-0.6884920634920635,-2.4349775784753365,-1.3251533742331287,0.6270270391896119,-0.4606322569709297,-0.4797987228146567,Building Products & Equipment,Industrials,LPX
2010Q2,2010,Q2,2010-07-30,2010-06-30,22300000.0,447100000.0,48900000.0,0.16,100800000.0,0.2254529188101096,2527300000.0,1260700000.0,799500000.0,206900000.0,1266600000.0,164200000.0,901900000.0,859665000.0,1195965000.0,9.810894941634242,3.8641855969067183,0.3060182803782693,0.6134687078607123,0.015415554624166435,9.810894941634242,0.017688585706353614,1.9227577723104452,9.637500000000001,0.6818949789799318,0.0,2.1090133982947625,0.0,0.17690816286155187,2.7114548090865154,0.008823645787995094,13.390420560747664,0.2254529188101096,1.8888888888888888,-0.8081188341590017,-0.4423945705224804,-0.4441745854266987,2.5244755244755246,1.991111111111111,3.154185022026432,1.776092583624188,-0.21389607891442047,-0.48447037170030866,Building Products & Equipment,Industrials,LPX
2010Q1,2010,Q1,2010-05-10,2010-03-31,-22500000.0,296600000.0,-22700000.0,-0.18,28600000.0,0.0964261631827377,2595400000.0,1233800000.0,829000000.0,309200000.0,1361600000.0,183400000.0,874800000.0,1139395000.0,1672295000.0,9.799841143764892,2.68111254851229,0.34302997611158204,0.7215918301183336,-0.007257755932840752,9.799841143764892,-0.018236343005349327,3.8415205664194203,-12.659944444444445,0.9234843572702222,0.0,1.4612868047982552,0.0,0.11427910919318794,1.8564036222509703,-0.008669183940818372,-33.51161764705882,0.0964261631827377,0.5384521384928718,-1.1941771457892554,-0.617176330420969,-0.4205466361376174,1.9484536082474226,0.5417515274949084,0.5504950495049505,0.501231881126133,-0.3959538612629462,-0.49464335311540836,Building Products & Equipment,Industrials,LPX
2009Q4,2009,Q4,2010-03-01,2009-12-31,-49100000.0,275100000.0,-50500000.0,-0.38999205718824465,9700000.0,0.03525990548891312,2247400000.0,1249500000.0,838800000.0,306900000.0,997900000.0,140400000.0,898100000.0,878782000.0,1006382000.0,9.924543288324067,2.7331378299120233,0.23213491145323484,0.41752701080432175,-0.02041129627454648,9.924543288324067,-0.03929571828731493,3.1944093057070155,-4.4744501018329945,0.7033069227691077,0.0,1.8903133903133904,0.0,0.1224081160452078,2.0257412838057998,-0.02184746818545875,35.57821862348178,0.03525990548891312,-2.2499338099020387,-4.145556373671608,-0.5895802136903939,-0.3796458686730346,-0.7406417112299465,-2.928,-5.234567901234568,-0.6503322420039133,-0.3845629648350062,-0.5002684742601647,Building Products & Equipment,Industrials,LPX
2009Q3,2009,Q3,2009-11-04,2009-09-30,-12500000.0,308800000.0,-8100000.0,-0.12,37400000.0,0.1211139896373057,2382900000.0,1305400000.0,860400000.0,426100000.0,1077500000.0,151700000.0,947200000.0,689678000.0,885578000.0,12.624758220502901,2.0192443088476884,0.26677577741407527,0.48697717174812316,-0.0020250797758699585,12.624758220502901,-0.009575609008732956,2.233413212435233,-13.79356,0.5283269495939942,0.0,1.7890573500329598,0.0,0.12958999538377608,1.5787373855902371,-0.005245709010029796,-58.946837606837605,0.1211139896373057,0.5781569677922845,-1.1225672196207754,-0.5579796702787206,-0.20670020584387225,1.8992248062015504,0.5777027027027027,0.7484472049689441,-2.334877328718314,-0.413882711838646,-0.37309484623396244,Building Products & Equipment,Industrials,LPX
2009Q2,2009,Q2,2009-08-05,2009-06-30,-29600000.0,266200000.0,-32200000.0,-0.284466,12900000.0,0.048459804658151764,2283900000.0,1165300000.0,749900000.0,282500000.0,1118600000.0,154900000.0,959200000.0,352260000.0,664560000.0,11.31359223300971,2.654513274336283,0.2789088839266168,0.5466403501244315,-0.010701725183513075,11.31359223300971,-0.025401184244400583,1.323290758827949,-2.975168918918919,0.30229125547069424,0.0,1.6352485474499676,0.0,0.11655501554358773,1.9830088495575222,-0.012960287227987215,8.850753768844221,0.048459804658151764,0.05177999999999998,-1.1628080657206872,-0.658661339977578,-0.24270354126869426,63.5,0.02631578947368421,0.24235294117647058,-1.5492009232992088,-0.5830484574158722,-0.4414023246889284,Building Products & Equipment,Industrials,LPX
2009Q1,2009,Q1,2009-05-06,2009-03-31,-30400000.0,204600000.0,-42500000.0,-0.3,200000.0,0.0009775171065493646,2283400000.0,1169900000.0,628200000.0,163900000.0,1094700000.0,188900000.0,988900000.0,229244000.0,594344000.0,11.380350194552529,3.8328248932275777,0.2824735044232285,0.5513291734336268,-0.013810183792000972,11.380350194552529,-0.025985126933925976,1.1204496578690126,-1.8852302631578948,0.19595179075134628,0.0,1.0820539968237162,0.0,0.08960322326355435,2.4832214765100673,-0.013313479898397127,-143.2775,0.0009775171065493646,0.9093392070484582,-1.2987742277269323,-0.6919986949618925,-0.1496349437959361,1.008130081300813,0.91071953010279,0.8839432004369198,-1.373801189164563,-0.6895609359861086,-0.431063152396325,Building Products & Equipment,Industrials,LPX
2008Q4,2008,Q4,2008-12-31,2008-12-31,-340500000.0,250200000.0,-366200000.0,-3.309037900874636,-24600000.0,-0.09832134292565947,2188700000.0,1182300000.0,502700000.0,165900000.0,987700000.0,187300000.0,1019500000.0,160524000.0,565124000.0,11.489795918367347,3.0301386377335744,0.22949696166674283,0.42484986889960247,-0.19021538849994754,11.489795918367347,-0.2879979700583608,0.6415827338129496,-0.1178590308370044,0.13577264653641208,0.0,1.4671649759743726,0.0,0.11431443322520217,1.6702833031946955,-0.15557180061223558,-2.548,-0.09832134292565947,-2.063923982291329,-3.1750304101045255,-0.6434614495254941,-0.0569059113461541,-4.324324324324325,-2.064806480648065,-4.4171597633136095,-5.1091104449828215,-0.5878703749545774,-0.4049535424331757,Building Products & Equipment,Industrials,LPX
2008Q3,2008,Q3,2008-09-30,2008-09-30,-111100000.0,389600000.0,-67600000.0,-1.08,7400000.0,0.018993839835728953,2833200000.0,1566400000.0,758800000.0,375200000.0,1248100000.0,207600000.0,1360800000.0,956970000.0000001,1464470000.0,15.222546161321672,2.0223880597014925,0.23372864605393195,0.42275280898876405,-0.01864431771907487,15.222546161321672,-0.07092696629213484,2.456288501026694,-2.1533978397839784,0.6109359039836568,0.0,1.8410404624277457,0.0,0.1375123535225187,1.3256929637526653,-0.03921361005223775,-19.978496868475993,0.018993839835728953,-0.3670886075949367,-1.9114483200049959,-0.41029988081268587,0.4282178196348043,-0.38333333333333336,-0.375,0.45527800161160353,-1.6996795660679764,-0.33575435186605973,-0.15688133557720407,Building Products & Equipment,Industrials,LPX
2008Q2,2008,Q2,2008-06-30,2008-06-30,-80800000.0,387000000.0,-124100000.0,-0.79,12000000.0,0.031007751937984496,3026000000.0,1650300000.0,854700000.0,445000000.0,1357100000.0,206800000.0,1471900000.0,873621000.0,1379021000.0,16.037900874635568,1.9206741573033708,0.2230006609385327,0.40889535236017693,-0.030579717971544924,16.037900874635568,-0.04896079500696843,2.257418604651163,-2.7030352722772277,0.5293710234502818,-0.19306930693069307,1.8133462282398454,0.01785671360921956,0.1278916060806345,1.341573033707865,-0.02670191672174488,60.668125,0.031007751937984496,-0.7555555555555555,-3.7752842000587608,-0.17786084429293442,0.7057086237792377,1.5128205128205128,-0.7413793103448276,-0.44807467911318555,-1.8682136292773768,-0.39727245150744034,-0.09139044342422255,Building Products & Equipment,Industrials,LPX
2008Q1,2008,Q1,2008-03-31,2008-03-31,-46400000.0,349400000.0,-85700000.0,-0.45,-23400000.0,-0.06697195191757298,3157900000.0,1759300000.0,1028600000.0,487700000.0,1398600000.0,224800000.0,1568300000.0,944622000.0,1506222000.0,17.09718172983479,2.1090834529423828,0.244877925203458,0.4395498209515148,-0.01774853264425272,17.09718172983479,-0.026374126072869892,2.7035546651402402,-5.089558189655172,0.5369305973966919,-0.33189655172413796,1.6583629893238434,0.016302817423265604,0.11064314892808512,1.4752921878203813,-0.01469330884448526,-6.496712517193948,-0.06697195191757298,0.10873786407766985,-32.444379656624555,-0.2875177524799862,0.7711847171840339,-0.5496688741721855,0.09902912621359224,0.012672811059907835,-1.4899411653971886,-0.4482264334305151,0.01093674076773563,Building Products & Equipment,Industrials,LPX
2007Q4,2007,Q4,2008-03-07,2007-12-31,-51500000.0,376600000.0,-86800000.0,-0.5049019607843137,-15100000.0,-0.04009559214020181,3229300000.0,1819500000.0,1075900000.0,488600000.0,1409800000.0,212100000.0,1630100000.0,1395360000.0,1775360000.0,17.83823529411765,2.202005730659026,0.22670547796736135,0.40236328661720255,-0.015185297116989866,17.83823529411765,-0.028304479252541908,3.7051513542219863,-6.773592233009709,0.7668920032976092,-0.3029126213592233,1.8467703913248468,0.011179910560715515,0.11661970086396432,1.586778550961932,-0.015947728609915463,-11.706040268456375,-0.04009559214020181,0.22322775263951739,-0.23973580042345574,-0.1234688882361841,0.8547509063267456,-1.583011583011583,0.24041297935103245,-0.012835472578763127,-5.072384428223844,-0.30650461782537247,0.11501583889580279,Building Products & Equipment,Industrials,LPX
2007Q3,2007,Q3,2007-11-02,2007-09-30,-67800000.0,472500000.0,-85700000.0,-0.65,25900000.0,0.054814814814814816,3290800000.0,1885200000.0,1315900000.0,351300000.0,1405600000.0,222500000.0,1697000000.0,1828539999.9999998,2203840000.0,18.1969111969112,3.7458013094221463,0.21891333414367328,0.38213452153617655,-0.018874774960225528,18.1969111969112,-0.03596435391470401,3.8699259259259255,-6.74240412979351,0.9699448334394227,-0.22861356932153393,2.007191011235955,0.008476708193422075,0.1435821076941777,2.8713350412752634,-0.020602892913577246,-21.82028639618138,0.054814814814814816,-1.9545454545454548,-21.743769743769747,-0.0493008951558175,0.789579645728574,0.09745762711864407,-1.909871244635193,-2.7920353982300883,-1.6635211926608782,-0.3249630454221947,0.14343622702755845,Building Products & Equipment,Industrials,LPX
2007Q2,2007,Q2,2007-07-27,2007-06-30,-23300000.0,461200000.0,-22600000.0,-0.22,23600000.0,0.05117085862966175,3382200000.0,1983000000.0,1389200000.0,322700000.0,1399200000.0,232300000.0,1780300000.0,1971464000.0000002,2415664000.0,19.030710172744723,4.30492717694453,0.20693631364200815,0.3529500756429652,-0.004172861593935804,19.030710172744723,-0.011749873928391327,4.2746400693842155,-21.153047210300432,0.9941825516893597,-0.6781115879828327,1.8837709857942315,0.008014348727646052,0.1363609484950624,3.4691664084288814,-0.006889007155106144,98.57320000000001,0.05117085862966175,0.38888888888888884,-0.771927528645379,0.03134426700542032,0.8781132975460874,9.26086956521739,0.3753351206434316,0.6929347826086957,-1.1266804601737423,-0.4154303919728602,0.27385618326527555,Building Products & Equipment,Industrials,LPX
2007Q1,2007,Q1,2007-05-09,2007-03-31,-37300000.0,406000000.0,-73600000.0,-0.36,2300000.0,0.005665024630541872,3429000000.0,2018700000.0,1442600000.0,300800000.0,1410300000.0,282300000.0,1819400000.0,2088245999.9999998,2504546000.0,19.391930835734872,4.795877659574468,0.2110527850685331,0.35849804329518997,-0.01380345693613591,19.391930835734872,-0.01847723782632387,5.143463054187191,-13.996286863270777,1.0344508842324267,-0.41823056300268097,1.4300389656393908,0.007470384236339971,0.1184018664333625,3.7476728723404253,-0.010877806940799067,-12.874512946979037,0.005665024630541872,-0.5234146341463414,-10.712235830931796,-0.31632302994680794,0.881803474735938,-0.20689655172413793,-0.516260162601626,0.018666666666666668,-1.362010165379082,-0.3964470930315292,0.44900816522574455,Building Products & Equipment,Industrials,LPX
