Quarters,Year,Quarter,FillingDate,Date,NetIncome,Revenue,OperatingIncome,EPSDiluted,GrossProfit,GrossProfitRatio,TotalAssets,CommonStockEquity,CurrentAssets,CurrentLiability,TotalLiability,Inventory,RetainedEarnings,MarketCap,EnterpriseValue,bookValuePerShare,currentRatio,debtToAssets,debtToEquity,roic,shareholdersEquityPerShare,roe,priceToSalesRatio,peRatio,pbRatio,payoutRatio,inventoryTurnover,dividendYield,assetTurnover,quickRatio,returnOnAssets,priceToFreeCashFlowsRatio,grossProfitMargin,epsdilutedGrowth,fiveYNetIncomeGrowthPerShare,fiveYRevenueGrowthPerShare,fiveYShareholdersEquityGrowthPerShare,grossProfitGrowth,netIncomeGrowth,operatingIncomeGrowth,threeYNetIncomeGrowthPerShare,threeYRevenueGrowthPerShare,threeYShareholdersEquityGrowthPerShare,Industry,Sector,Symbol
2023Q4,2023,Q4,2023-05-25,2023-03-31,16246000.0,187357000.0,8045000.0,0.29,129126000.0,0.6891976281,595601000.0,411017000.0,303325000.0,107976000.0,184584000.0,81323000.0,-421999000.0,4380150960.45,4337029960.45,7.727416304967412,2.8091890790546046,0.1303842673199004,0.18893865703851664,0.03165801015576573,7.727416304967412,0.039526345625606724,23.378635228200707,67.4035294911055,10.656860812204847,0.0,0.7160458910763253,0.0,0.3145679741974913,1.747666148032896,0.027276649972045045,133.51676402030117,0.6891976280576653,-0.14705882352941188,19.555240878972626,1.4812923546187649,0.809059256235405,0.30793618637629777,-0.14964668934833814,-0.6545876089476622,44.62469579578109,1.296253879332324,0.5540965328776006,Household & Personal Products,Consumer Defensive,ELF
2023Q3,2023,Q3,2023-02-02,2022-12-31,19105000.0,146537000.0,23291000.0,0.34,98725000.0,0.6737206303,555925000.0,385304000.0,262890000.0,87537000.0,170621000.0,81250000.0,-438245000.0,2914719551.7999997,2907894551.7999997,7.310244029083883,3.003187223688269,0.14425686918199399,0.20813695160185205,0.03982731391789046,7.310244029083883,0.04958422440462596,19.89067301637129,38.14079497252028,7.5647269475531,0.0,0.5884553846153846,0.0,0.26359131177766787,1.75077967031084,0.03436614651256914,116.57945571554275,0.6737206302845016,0.6190476190476192,-0.2232697856980182,0.5683819261407377,0.735665467061845,0.24088738059326295,0.6315115286080273,0.5146647590557326,1.1981153891340717,0.6705249933858333,0.46314947172741955,Household & Personal Products,Consumer Defensive,ELF
2023Q2,2023,Q2,2022-11-03,2022-09-30,11710000.0,122349000.0,15377000.0,0.21,79560000.0,0.6502709462,542141000.0,356960000.0,247398000.0,71948000.0,185181000.0,81288000.0,-457350000.0,1967484806.1,1989692806.1,6.8253819080915745,3.4385667426474678,0.19833401273838355,0.3012242268041237,0.028266445055698707,6.8253819080915745,0.032804796055580454,16.08092265649903,42.00437246157131,5.511779488177947,0.0,0.5263876586950104,0.0,0.22567745291354094,1.9351337076777673,0.02159954698132036,163.75237670411985,0.6502709462275948,-0.2222222222222223,0.7490112690620114,0.4913745347241598,0.8617330821999742,-0.04127251912996325,-0.19068353030617183,-0.28245450303313113,0.6635657597575267,0.6752829578264371,0.4264180020354886,Household & Personal Products,Consumer Defensive,ELF
2023Q1,2023,Q1,2022-08-04,2022-06-30,14469000.0,122601000.0,21430000.0,0.27,82985000.0,0.6768704986,513857000.0,333449000.0,216640000.0,61732000.0,180408000.0,70339000.0,-469060000.0,1586375668.8,1624241668.8,6.448797419931785,3.5093630531976934,0.2142891894048344,0.33022741108835235,0.03542267001199801,6.448797419931785,0.04339194299578046,12.939337108180194,27.4099051212938,4.757476162171726,0.0,0.5632152859722203,0.0,0.23858972437857226,2.0172519924836387,0.02815763918755607,52.29177798727626,0.6768704986093099,8.342560553633218,2.204656067008191,0.9300012833902732,0.853896145996176,0.22940740740740742,8.298843187660669,11.725653206650831,2.650416706959061,0.9180666633619461,0.404333114274133,Household & Personal Products,Consumer Defensive,ELF
2022Q4,2022,Q4,2022-05-26,2022-03-31,1556000.0,105135000.0,1684000.0,0.0289,67500000.0,0.6420316736,494632000.0,312429000.0,193029000.0,65017000.0,182203000.0,84498000.0,-483529000.0,1324389984.75,1393646984.75,6.093402368580543,2.9689004414230125,0.22766420288214267,0.36043389057993974,0.005067909271329466,6.093402368580543,0.0049803315313239165,12.597041753459838,212.78759395083546,4.239011054511585,0.0,0.44539515728182916,0.0,0.21255195781914635,1.3676423089345864,0.0031457730191334164,115.51591668120366,0.6420316735625624,-0.7591666666666667,-0.38042137021251987,0.492800095498634,0.7956471895517077,0.049097775912715066,-0.7495976826520759,-0.8091784702549575,1.081353109782651,0.4887908749342024,0.3596775830428556,Household & Personal Products,Consumer Defensive,ELF
2022Q3,2022,Q3,2022-02-03,2021-12-31,6214000.0,98118000.0,8825000.0,0.12,64341000.0,0.6557512383,490950000.0,305468000.0,185125000.0,62513000.0,185482000.0,85248000.0,-485085000.0,1696122341.19,1782389341.19,5.981049853327532,2.9613840321213187,0.24270495977187087,0.39007686566186967,0.014910624444233855,5.981049853327532,0.02034255633978027,17.28655640341222,68.23794420622788,5.552536898103893,0.0,0.3962204391891892,0.0,0.19985334555453713,1.2808375857821572,0.012657093390365618,277.8251173120393,0.6557512383048982,0.09090909090909087,-0.19369343028405997,0.09949966014860578,0.8574218638212161,0.1096145554884884,0.08560447239692523,0.1858371405536146,-0.4027510543754993,0.16087868512624373,0.23823588862035086,Household & Personal Products,Consumer Defensive,ELF
2022Q2,2022,Q2,2021-11-04,2021-09-30,5724000.0,91855000.0,7442000.0,0.11,57985000.0,0.6312666702955746,493012000.0,294093000.0,181304000.0,71218000.0,198919000.0,76816000.0,-491299000.0,1477936702.9,1571513702.9,5.7806275689859925,2.545760903142464,0.2743766885998718,0.4599599446433611,0.015219294109535776,5.7806275689859925,0.019463231018759374,16.089888442654185,64.54999575908455,5.025405918876002,0.0,0.4409237658821079,0.0,0.1863139233933454,1.208514701339549,0.01161026506454204,-184.0289755821193,0.6312666702955746,-0.26666666666666666,1.2418232248157726,-0.8361941474883295,-0.7775334924748744,-0.06333796400995056,-0.3083615273078782,-0.3338107600035807,0.3439481027956295,0.32157358874725955,0.26548028505306204,Household & Personal Products,Consumer Defensive,ELF
2022Q1,2022,Q1,2021-08-05,2021-06-30,8276000.0,97047000.0,11171000.0,0.15,61906000.0,0.6378971014044741,498392000.0,282622000.0,182731000.0,82977000.0,215770000.0,54528000.0,-497023000.0,1371779711.22,1459099711.22,5.591539966120596,2.202188558275185,0.30241657169456976,0.5332988939289935,0.020654116177165532,5.591539966120596,0.029282929142105004,14.135209859346503,41.43848813496859,4.8537612472489755,0.0,0.6444578931924883,0.0,0.19472022022825405,1.2838376899622788,0.016605402975970723,266.0550254499612,0.6378971014044741,0.0,3.676466301831335,0.9301543938934836,2.8109745820357475,0.056416382252559724,345.8333333333333,6.980192719486081,5.117285251287271,0.5159269589631251,0.2747815170572273,Household & Personal Products,Consumer Defensive,ELF
2021Q4,2021,Q4,2021-05-27,2021-03-31,-24000.0,92671000.0,-1868000.0,0.0,58600000.0,0.6323445306514444,487393000.0,269646000.0,170144000.0,73331000.0,217747000.0,56810000.0,-505299000.0,1341132321.6799998,1434276321.6799998,5.394398496739987,2.320219279704354,0.3096310369660623,0.5596671191117243,-3.619289214998629e-05,5.394398496739987,-8.900558510046506e-05,14.471974206386031,-13970.128350833333,4.973677791178063,0.0,0.5997359619785249,0.0,0.19013609140878102,1.3357652288936466,-4.924157712564604e-05,53.62598751169578,0.6323445306514444,-1.0,-1.0052913736666347,0.47554851472519843,0.0,0.025928325075719114,-1.0055852920642308,-1.2969321252583055,-1.0323118542938945,0.305949494334009,0.26287832144834616,Household & Personal Products,Consumer Defensive,ELF
2021Q3,2021,Q3,2021-02-04,2020-12-31,4297000.0,88562000.0,6291000.0,0.08,57119000.0,0.64496059257921,480905000.0,264602000.0,160289000.0,66680000.0,216303000.0,68567000.0,-505275000.0,1245893294.03,1362012294.03,5.349835665653326,2.4038542291541694,0.31515164117653177,0.5727772276853539,0.012967272090732028,5.349835665653326,0.016239484206468584,14.068034755651407,72.48622841691878,4.708555846252107,0.0,0.45857336619656686,0.0,0.1841569540761689,1.1996700659868027,0.00893523668915898,-465.7545024411215,0.64496059257921,7.000000000000001,0.0,0.0,0.0,0.21173999745428318,8.612975391498882,2.1966463414634148,-0.8138309540942456,0.010115209853128729,0.27020725743049584,Household & Personal Products,Consumer Defensive,ELF
2021Q2,2021,Q2,2020-11-05,2020-09-30,447000.0,72350000.0,1968000.0,0.01,47138000.0,0.6515272978576365,473424000.0,254653000.0,151760000.0,61027000.0,218771000.0,64486000.0,-509572000.0,902837113.4200001,1017151113.4200001,5.181417046846417,2.4867681518016616,0.3281519314610159,0.6100654616281764,0.009968941907537207,5.181417046846417,0.0017553298017301976,12.478743792950935,504.94245717002246,3.5453621729176565,0.0,0.3909685823279472,0.0,0.15282283956875867,1.2270798171301227,0.0009441853391463044,-90.27468387361264,0.6515272978576365,-0.6666666666666666,1.5097465942425476,0.21525828293572952,0.0,0.0876075771209709,-0.7043650793650794,-0.3459621136590229,-0.9289546620441475,-0.06153693813838221,0.41331513147314497,Household & Personal Products,Consumer Defensive,ELF
2021Q1,2021,Q1,2020-08-06,2020-06-30,1512000.0,64527000.0,3009000.0,0.03,43341000.0,0.6716723232135385,462068000.0,248708000.0,145515000.0,57231000.0,213360000.0,52752000.0,-510019000.0,932989337.78,1029253337.78,5.083510998405828,2.5425905540703466,0.3256836656076595,0.6050790485227656,0.007227396968916122,5.083510998405828,0.006079418434469338,14.458898411207711,154.26411008267195,3.7513442984544128,0.0,0.40161510464058237,0.0,0.13964827687699646,1.468592196536842,0.0032722456434983596,87.45681831458568,0.6716723232135385,4.0,1.5051747477732151,0.32586697676673626,2.46472194061144,-0.0982648135818908,5.4340175953079175,1.8932692307692307,-0.6460683518554764,0.07356849178087822,0.4614044812363522,Household & Personal Products,Consumer Defensive,ELF
2020Q4,2020,Q4,2020-05-28,2020-03-31,-341000.0,74712000.0,1040000.0,-0.01,48064000.0,0.6433236963272299,453104000.0,242171000.0,132360000.0,51123000.0,210933000.0,46209000.0,-511531000.0,479248668.71999997,586059668.72,4.972288491409959,2.589049938383898,0.3376222677354426,0.6316941334841909,0.0016560097152445439,4.972288491409959,-0.0014080959322131882,6.4146143687761,-351.3553289736071,1.9789680379566505,0.0,0.5766841957194486,0.0,0.16488929693845122,1.5343778729730257,-0.0007525866026342738,115.09334023054754,0.6433236963272299,-1.0625,-1.0771607977023292,0.22091420341450146,0.0,-0.08484386900228484,-1.0426143464133966,-0.9192546583850931,-1.1429443128193688,0.11678703253145538,0.46526937089836057,Household & Personal Products,Consumer Defensive,ELF
2020Q3,2020,Q3,2020-02-06,2019-12-31,8002000.0,80760000.0,12880000.0,0.16,52520000.0,0.6503219415552254,456251000.0,242447000.0,166258000.0,61295000.0,213804000.0,48382000.0,-511190000.0,782722831.52,857157831.52,4.996238709947578,2.7124235255730484,0.32695818748890415,0.6152891147343543,0.023291178531914883,4.996238709947578,0.03300515164138967,9.691961757305597,24.453974991252185,3.2284286112841154,0.0,0.5836881484849737,0.0,0.1770078312157124,1.7916958968920793,0.01753859169623738,40.6482567262152,0.6503219415552254,0.23076923076923075,0.0,0.0,0.0,0.21158992341053798,0.22786558232315482,0.41507361019556144,0.09280371042105572,-0.04751666250140704,0.5515876383413828,Household & Personal Products,Consumer Defensive,ELF
2020Q2,2020,Q2,2019-11-07,2019-09-30,6517000.0,67615000.0,9102000.0,0.13,43348000.0,0.6411003475560156,437027000.0,231688000.0,145125000.0,46541000.0,205339000.0,50850000.0,-519192000.0,847831485.95,941344485.95,4.7849802080118184,3.11821834511506,0.3483995268026918,0.6571768930630848,0.018622919765395558,4.7849802080118184,0.028128345015710782,12.539103541373956,32.52384095250883,3.6593672781930873,0.0,0.47722713864306787,0.0,0.1547158413553396,1.8577598246707205,0.014912122134330373,561.4778052649007,0.6411003475560156,0.857142857142857,8.54347374414785,0.15278935930686668,0.0,0.1655508053023581,0.7584997301672963,0.3137990762124711,1.2892893243604526,-0.873306023301728,-0.8158508184882134,Household & Personal Products,Consumer Defensive,ELF
2020Q1,2020,Q1,2019-08-08,2019-06-30,3706000.0,59764000.0,6928000.0,0.07,37191000.0,0.6222977043035941,435981000.0,222008000.0,141184000.0,45976000.0,213973000.0,51020000.0,-525709000.0,688929673.5,791662673.5,4.592071036696317,3.070819558030277,0.37496817521864484,0.7363653562033801,0.011359621909375815,4.592071036696317,0.016693092140823755,11.527502735760658,46.47393911899622,3.1031749914417497,0.0,0.4424343394747158,0.0,0.13707936813760233,1.8133156429441448,0.008500370428986584,69.16270188736071,0.6222977043035941,1.1891891891891893,2.253029275943764,0.24269370254813627,2.129775715775465,-0.08149959250203749,1.2068773026683042,1.3644589405018674,2.253029275943764,0.24269370254813627,2.129775715775465,Household & Personal Products,Consumer Defensive,ELF
2019Q4,2019,Q4,2019-05-09,2019-03-31,-17914000.0,66141000.0,-19009000.0,-0.37,40491000.0,0.6121921349843517,431688000.0,215215000.0,137268000.0,45129000.0,216473000.0,43779000.0,-529415000.0,518167371.53999996,632647371.54,4.481505354338467,3.04168051585455,0.38998999277255797,0.7822596008642521,-0.03947525705126463,4.481505354338467,-0.08323769254001812,7.834283901664625,-7.23131868287373,2.4076731247357293,0.0,0.5858973480435825,0.0,0.15321482181575583,1.9089498991779121,-0.04149756305479883,107.5928927616279,0.6121921349843517,-2.85,-5.111043750572569,0.09618218444755013,0.0,-0.13700206739274068,-2.8521505376344085,-2.4598725136318254,-5.111043750572569,0.09618218444755013,0.0,Household & Personal Products,Consumer Defensive,ELF
2019Q3,2019,Q3,2019-02-28,2018-12-31,9672000.0,78571000.0,13021000.0,0.2,46919000.0,0.5971541662954525,435856000.0,229331000.0,141743000.0,43015000.0,206525000.0,46341000.0,-511501000.0,411155990.02,510334990.02,4.830299225127169,3.29519934906428,0.34503138651297677,0.6557508579302406,0.031034665143563737,4.830299225127169,0.04217484770920634,5.232922961652518,10.62748113161704,1.79284959303365,0.0,0.6830236723419866,0.0,0.1802682537351786,2.0441473904451937,0.022190815315149957,22.67195974744968,0.5971541662954525,1.5,0.0,0.0,0.0,0.20400831430111113,1.4704980842911877,1.0625693014414699,0.0,0.0,0.0,Household & Personal Products,Consumer Defensive,ELF
2019Q2,2019,Q2,2018-11-06,2018-09-30,3915000.0,63889000.0,6313000.0,0.08,38969000.0,0.6099485044373836,414331000.0,213621000.0,125531000.0,35942000.0,200710000.0,53365000.0,-521173000.0,604208528.72,720936528.72,4.567931746754639,3.49259918757999,0.3629368789687472,0.7039382832212189,0.014228834121655907,4.567931746754639,0.018326849888353675,9.457160524033872,38.58292009706258,2.82841353949284,0.0,0.4669727349386302,0.0,0.15419797215269918,1.8198764676423127,0.00944896713014474,34.79261365426696,0.6099485044373836,1.6666666666666667,5.691961995549153,0.12779990724746076,0.0,0.06341929321872015,2.137019230769231,1.2119831814996496,5.691961995549153,0.12779990724746076,0.0,Household & Personal Products,Consumer Defensive,ELF
2019Q1,2019,Q1,2018-08-09,2018-06-30,1248000.0,59055000.0,2854000.0,0.03,36645000.0,0.620523241046482,406312000.0,204514000.0,115330000.0,32235000.0,201798000.0,59861000.0,-525088000.0,710578944.6,845501944.6,4.3862731701887245,3.577788118504731,0.37500246116285024,0.7450247904788915,0.007263687930415467,4.3862731701887245,0.006102271727118926,12.032494193548388,142.34353858173077,3.4744758041014308,0.0,0.37436728420841614,0.0,0.14534397211994723,1.3986040018613308,0.003071531237078895,80.32771248021704,0.620523241046482,1.9999999999999996,1.437525175283942,0.2732502595070179,1.989511952474179,-0.0886142061281337,0.808695652173913,-0.28183190739808756,1.437525175283942,0.2732502595070179,1.989511952474179,Household & Personal Products,Consumer Defensive,ELF
2018Q4,2018,Q4,2018-05-10,2018-03-31,690000.0,65920000.0,3974000.0,0.01,40208000.0,0.6099514563106796,403691000.0,198350000.0,110620000.0,34594000.0,205341000.0,61728000.0,-526336000.0,899456797.2,1043342797.2,4.2715108851922965,3.197664334855755,0.3823716654569956,0.778220317620368,0.006922762370171696,4.2715108851922965,0.0034786992689689942,13.64467228762136,325.8901439130435,4.534695221578019,0.0,0.41653706583722133,0.0,0.16329321188730986,1.2213967740070533,0.0017092280977282128,380.6418947101143,0.6099514563106796,-0.9772727272727273,-0.8362404825638725,0.12986644669415742,0.0,-0.15695894661802323,-0.9678770949720671,-0.7366642369624279,-0.8362404825638725,0.12986644669415742,0.0,Household & Personal Products,Consumer Defensive,ELF
2018Q3,2018,Q3,2018-03-01,2017-12-31,21480000.0,81593000.0,15091000.0,0.44,47694000.0,0.5845354380890517,417244000.0,193863000.0,123644000.0,51361000.0,223381000.0,62679000.0,-526972000.0,1026901167.0899999,1173190167.09,4.211781687089016,2.407351881778003,0.37471599351937956,0.8064870552916235,0.07400049768708261,4.211781687089016,0.11079989477104966,12.585652777689262,11.95182922590782,5.297045682208569,0.0,0.5408350484213214,0.0,0.1955522428123592,0.9108662214520745,0.05148066838588452,66.80335461163153,0.5845354380890517,2.666666666666667,0.0,0.0,0.0,0.11141146039661641,2.662404092071611,0.5430470347648262,0.0,0.0,0.0,Household & Personal Products,Consumer Defensive,ELF
2018Q2,2018,Q2,2017-11-09,2017-09-30,5865000.0,71865000.0,9780000.0,0.12,42913000.0,0.5971335142280665,407020000.0,167960000.0,113177000.0,52084000.0,239060000.0,63571000.0,-548452000.0,1033101212.5500001,1195254212.5500002,3.666144182186499,2.1729705859764996,0.41233846002653435,0.9992260061919505,0.023927742744684382,3.666144182186499,0.034919028340080975,14.375582168649553,44.036709827365726,6.150876473862825,0.0,0.4554277894008274,0.0,0.17656380521841678,0.7188195991091314,0.014409611321310993,109.04593757124763,0.5971335142280665,0.4999999999999999,8.174947841888002,0.2949452485908571,0.0,0.19568124825856784,0.47732997481108314,2.0706436420722136,8.174947841888002,0.2949452485908571,0.0,Household & Personal Products,Consumer Defensive,ELF
2018Q1,2018,Q1,2017-08-11,2017-06-30,3970000.0,55856000.0,3185000.0,0.08,35890000.0,0.6425451160126039,395824000.0,158153000.0,107495000.0,50471000.0,237671000.0,72274000.0,-554317000.0,1237122322.83,1408734322.83,3.478510613369109,2.129836936062293,0.4420297910182303,1.106308448148312,0.06851580656614911,3.478510613369109,0.025102274379872655,22.148423138606415,77.9044283897985,7.82231334739145,0.0,0.2762542546420566,0.0,0.14111322203807752,0.6140754096411801,0.010029710174218845,457.00861574806055,0.6425451160126039,1.0,2.4273229037911106,0.23500921172466158,1.3708165570152595,-0.061159359631683584,0.8379629629629629,-0.39019720467164465,2.4273229037911106,0.23500921172466158,1.3708165570152595,Household & Personal Products,Consumer Defensive,ELF
2017Q4,2017,Q4,2017-05-12,2017-03-31,2160000.0,60574000.0,5223000.0,0.04,38228000.0,0.6310958497044937,401371000.0,149648000.0,115499000.0,59940000.0,251723000.0,76904000.0,-558286000.0,1270060934.4,1442526934.4,3.393429624725886,1.9269102435769103,0.44308632163260425,1.1884021169678178,0.015189122459573464,3.393429624725886,0.014433871485084999,20.967097011919307,146.99779333333333,8.486989030257671,0.0,0.29057006137522107,0.0,0.15091772948219975,0.5757590924257591,0.005381554721193111,-55.90302981645319,0.6310958497044937,-0.6923076923076923,-0.4602037941877884,0.09323816255908508,0.0,-0.15648720211827008,-0.6727768519921224,-0.6511255093180148,-0.4602037941877884,0.09323816255908508,0.0,Household & Personal Products,Consumer Defensive,ELF
2017Q3,2017,Q3,2017-03-15,2016-12-31,6601000.0,76435000.0,14971000.0,0.13,45320000.0,0.5929220906652711,414729000.0,140862000.0,124904000.0,80270000.0,273867000.0,69397000.0,-560447000.0,1265976103.7,1415508103.7,3.220081538731812,1.556048336863087,0.39743302252796403,1.1701310502477602,0.029285389092436238,3.220081538731812,0.046861467251636355,16.56278018839537,47.9463756892895,8.987350056793174,0.0,0.44836232113780133,0.0,0.18430107371319585,0.7465927494705369,0.01591641770891353,-308.8499887045621,0.5929220906652711,1.2765957446808511,0.0,0.0,0.0,0.39540612106656814,3.7770298695835085,9.142953929539296,0.0,0.0,0.0,Household & Personal Products,Consumer Defensive,ELF
2017Q2,2017,Q2,2016-11-14,2016-09-30,-2377000.0,56312000.0,1476000.0,-0.47,32478000.0,0.5767509589430316,395458000.0,132754000.0,106388000.0,61303000.0,262704000.0,41308000.0,-567047000.0,143665529.92000002,284031529.92,25.98425998274423,1.7354452473777793,0.4082608013998958,1.2161592117751632,0.0034787734979119813,25.98425998274423,-0.01790529852207843,2.5512418298053703,-15.109963180479596,1.0821936056164034,0.0,0.576982666795778,0.0,0.14239691699244927,0.8974275320946773,-0.006010752089981743,-18.06659078470825,0.5767509589430316,-6.833333333333333,-25.075880127359042,8.099006830074421,0.0,0.29203962286669055,0.12449355432780847,2.339366515837104,-25.075880127359042,8.099006830074421,0.0,Household & Personal Products,Consumer Defensive,ELF
2017Q1,2017,Q1,2016-06-30,2016-06-30,-2715000.0,44147000.0,442000.0,-0.06,25137000.0,0.5693931637483861,358989000.0,65115000.0,68319000.0,48549000.0,293874000.0,32371000.0,-196258000.0,1176065574.5,1375959574.5,1.4672204827809965,1.407217450410925,0.5673070762613897,3.1276510788604774,0.0009880200069181408,1.4672204827809965,-0.041695461875143974,26.639762033660272,-108.29333098526703,18.0613618137142,0.0,0.5872540236631553,0.0,0.12297591291098056,0.6159962100146243,-0.007562905827198048,-265.53749706480016,0.5693931637483861,-1.6666666666666667,0.0,0.0,0.0,-0.14208191126279862,-1.7137223974763407,-0.9286060410272977,0.0,0.0,0.0,Household & Personal Products,Consumer Defensive,ELF
2016Q4,2016,Q4,2016-03-31,2016-03-31,3804000.0,52673000.0,6191000.0,0.09,29300000.0,0.5562622216315759,,,,,,,,1110950039.5,,,0.0,0.0,0.0,0.0,,0.0,21.091451777950752,73.01196368953732,0.0,0.0,0.0,0.0,0.0,0.0,0.0,118.47606265330063,0.5562622216315759,0.0,0.0,0.0,0.0,-0.16355020126181163,0.5673671199011124,-0.43393983724970286,0.0,0.0,0.0,Household & Personal Products,Consumer Defensive,ELF
2016Q3,2016,Q3,2015-12-31,2015-12-31,2427000.0,65436000.0,10937000.0,0.0,35029000.0,0.53531695091387,361072000.0,136897000.0,70718000.0,45854000.0,224175000.0,31261000.0,-67183000.0,0.0,130915000.0,0.0,1.5422427705325599,0.4013576239641955,1.0585988005580838,0.02123297285750184,0.0,0.0177286573117015,0.0,0.0,0.0,0.0,0.972681616071143,,0.1812270128949351,1.1303048807083351,0.006721651083440422,0.0,0.53531695091387,1.0,0.0,0.0,0.0,0.3471656026459503,4.244652406417113,0.6815805658056581,0.0,0.0,0.0,Household & Personal Products,Consumer Defensive,ELF
2016Q2,2016,Q2,2015-09-30,2015-09-30,-748000.0,50783000.0,6504000.0,-0.02,26002000.0,0.5120217395585137,,,,,,,,1110950039.5,,,0.0,0.0,0.0,0.0,,0.0,21.876416113660085,-371.3068313836899,0.0,0.0,0.0,0.0,0.0,0.0,0.0,-167.4883219508518,0.5120217395585137,0.0,0.0,0.0,0.0,0.0,0.0,0.0,0.0,0.0,0.0,Household & Personal Products,Consumer Defensive,ELF
