Quarters,Year,Quarter,FillingDate,Date,NetIncome,Revenue,OperatingIncome,EPSDiluted,GrossProfit,GrossProfitRatio,TotalAssets,CommonStockEquity,CurrentAssets,CurrentLiability,TotalLiability,Inventory,RetainedEarnings,MarketCap,EnterpriseValue,bookValuePerShare,currentRatio,debtToAssets,debtToEquity,roic,shareholdersEquityPerShare,roe,priceToSalesRatio,peRatio,pbRatio,payoutRatio,inventoryTurnover,dividendYield,assetTurnover,quickRatio,returnOnAssets,priceToFreeCashFlowsRatio,grossProfitMargin,epsdilutedGrowth,fiveYNetIncomeGrowthPerShare,fiveYRevenueGrowthPerShare,fiveYShareholdersEquityGrowthPerShare,grossProfitGrowth,netIncomeGrowth,operatingIncomeGrowth,threeYNetIncomeGrowthPerShare,threeYRevenueGrowthPerShare,threeYShareholdersEquityGrowthPerShare,Industry,Sector,Symbol
2023Q1,2023,Q1,2023-05-05,2023-03-26,11342000.0,136857000.0,14023000.0,0.35,34236000.0,0.250158925,501543000.0,139638000.0,56204000.0,122266000.0,361905000.0,8439000.0,92182000.0,519535407.46,755048407.46,4.359526468221285,0.45968625783128586,0.5014784375417461,1.8011787622280468,0.018392835997098782,4.359526468221285,0.08122430856930062,3.7961916998034444,11.451582777728795,3.7205875725805297,0.47178628107917475,12.160327052968361,0.010299586752250343,0.2728719172633254,0.3652119150049891,0.022614212540101247,36.56382626926596,0.2501589250093163,-0.0789473684210527,-0.22957871852299502,0.0886497369163033,0.47774005985967494,-0.04210850283987577,-0.08347474747474748,-0.04514503608879205,3.623495450256769,0.11357584062207712,0.6646517061457552,Restaurants,Consumer Cyclical,RUTH
2022Q4,2022,Q4,2023-02-23,2022-12-25,12375000.0,138340000.0,14686000.0,0.38,35741000.0,0.2583562238,521806000.0,132331000.0,81815000.0,138269000.0,389475000.0,9138000.0,86284000.0,501392029.6,743751029.6,4.064479049708452,0.5917089152304565,0.5085434050202565,2.005282209006204,0.020161793867154974,4.064479049708452,0.09351550279224066,3.624346028625127,10.129131911111111,3.788923454065941,0.37543434343434345,11.227730356752025,0.009266202344114806,0.26511768741639613,0.49190346353846487,0.023715710436445728,22.969079188235835,0.2583562237964435,1.375,0.18804359471574478,0.025329614041255746,0.5309839038489609,0.36676864244741875,1.2508184794470716,1.181845193879067,-0.25039092970403476,-0.10276604511874195,0.2310116990422335,Restaurants,Consumer Cyclical,RUTH
2022Q3,2022,Q3,2022-11-04,2022-09-25,5498000.0,112739000.0,6731000.0,0.16,26150000.0,0.231951676,504362000.0,137649000.0,71972000.0,113298000.0,366713000.0,8273000.0,78554000.0,538452882.5,786314882.5,4.154116957485133,0.6352451058271108,0.5326630475729733,1.951739569484704,0.009036047252616058,4.154116957485133,0.03994217175569746,4.7761012826085025,24.48403430793016,3.9117820143989426,0.8828664969079665,10.466457149764294,0.00901471634335619,0.2235279422319683,0.5068050627548588,0.010900900543657135,-153.8876486138897,0.2319516759949973,-0.48387096774193544,1.9690478575014825,0.21238663206218297,0.5686382705621715,-0.3197898241598169,-0.4680212868892114,-0.6366727841951851,0.060905562021304066,-0.04373685931177146,0.3870025989289717,Restaurants,Consumer Cyclical,RUTH
2022Q2,2022,Q2,2022-08-05,2022-06-26,10335000.0,128647000.0,18526000.0,0.31,38444000.0,0.2988332414,513812000.0,140648000.0,91871000.0,114931000.0,373164000.0,8199000.0,77911000.0,584758438.88,812847438.88,4.194725474502074,0.7993578755949222,0.5312351599417686,1.9406959217336899,0.024101206995193733,4.194725474502074,0.0734813150560264,4.54544947709624,14.145100118045477,4.157602233092543,0.4528301886792453,11.001707525307964,0.008003304764551498,0.25037757000615013,0.688491355682975,0.020114360894646292,240.641332872428,0.2988332413503618,0.0,0.205480738794399,0.17190108469251433,0.48042972878290346,0.16918585201180011,-0.00749063670411985,0.4195080836717493,-0.03140401815181932,0.0180845632382504,0.25069401337687486,Restaurants,Consumer Cyclical,RUTH
2022Q1,2022,Q1,2022-05-06,2022-03-27,10413000.0,126132000.0,13051000.0,0.31,32881000.0,0.2606872166,514883000.0,142548000.0,104612000.0,110362000.0,372335000.0,7890000.0,72256000.0,738304639.24,947661639.24,4.24378349190014,0.9478987332596365,0.5363218439917418,1.9371930858377528,0.016523089936947198,4.24378349190014,0.07304907820523614,5.85342846573431,17.72555073561894,5.179340567668434,0.39460290022087774,11.818884664131813,0.005565453312374882,0.24497215872343814,0.8482448668925898,0.02022401205710812,-1428.0553950483559,0.2606872165667713,-0.22500000000000006,-0.1420658781602312,0.08787290574418527,0.47858415233544094,-0.07544145765380722,-0.24543478260869564,0.05778894472361809,-0.34760001182640454,-0.08192359051683627,0.259403418797008,Restaurants,Consumer Cyclical,RUTH
2021Q4,2021,Q4,2022-02-24,2021-12-26,13800000.0,126743000.0,12338000.0,0.4,35564000.0,0.280599323,535979000.0,135211000.0,146194000.0,135415000.0,400768000.0,8554000.0,65952000.0,688602613.3000001,876141613.3000001,3.9860192903511305,1.0795997489199867,0.52179656292504,2.0684115937312795,0.022701069481730795,3.9860192903511305,0.10206270199909771,5.433062285885612,12.474685023550725,5.09280024036506,0.0,10.659223754968435,0.0,0.23647008558171123,0.9874903075730163,0.025747277411988158,31.82523516661275,0.2805993230395367,1.0,0.3519270502855778,0.06261423900180704,0.544245745198593,0.43658103086120537,0.988759187202767,0.36588065980294476,-0.19200070271827543,-0.1327833951470141,0.305220008844936,Restaurants,Consumer Cyclical,RUTH
2021Q3,2021,Q3,2021-10-29,2021-09-26,6939000.0,104187000.0,9033000.0,0.2,24756000.0,0.2376112183,501338000.0,133114000.0,111406000.0,106648000.0,368224000.0,7541000.0,52152000.0,756241892.9,950644892.9,3.8671681739095574,1.0446140574600555,0.5548791434122289,2.08980272548342,0.012136492970254665,3.8671681739095574,0.052128250972850336,7.258505311603175,27.246069062545036,5.681159704463843,0.0,10.533218406046943,0.0,0.20781787935484644,0.9434025954542045,0.01384096158679374,1254.132492371476,0.23761121829018975,-0.4444444444444444,0.7613526588877266,0.13109874509148936,0.6047903132070552,-0.2697991328201044,-0.4408992023205221,-0.44446494464944647,0.663791086895651,-0.09147356469816785,0.28725739121441357,Restaurants,Consumer Cyclical,RUTH
2021Q2,2021,Q2,2021-08-06,2021-06-27,12411000.0,110910000.0,16260000.0,0.36,33903000.0,0.3056802813,503383000.0,129310000.0,114951000.0,110372000.0,374073000.0,7360000.0,45213000.0,789439860.4499999,981934860.4499999,3.7592027571401814,1.0414869713333093,0.5559067350307817,2.164055370814322,0.021494323625988465,3.7592027571401814,0.09597865594308251,7.117842038139031,15.902019588469905,6.105017867527646,0.0,10.462907608695652,0.0,0.22032925227907973,0.9355090059072954,0.02465518303160814,38.227681974238536,0.3056802813091696,0.3846153846153845,0.678604427118205,0.1184084755744331,0.4929248757445529,0.2660293513574069,0.3601095890410959,0.3458036748882635,0.11990431188224662,-0.1261363298725802,0.272372311624245,Restaurants,Consumer Cyclical,RUTH
2021Q1,2021,Q1,2021-05-07,2021-03-28,9125000.0,87283000.0,12082000.0,0.26,26779000.0,0.3068065946,543114000.0,116332000.0,138662000.0,103151000.0,426782000.0,7188000.0,32802000.0,837184339.86,1066322339.86,3.3933117292603248,1.3442622950819672,0.6287004201696145,2.93518550355878,0.014887200868696285,3.3933117292603248,0.07843929443317402,9.591608215345486,22.93655725643836,7.1965094716844895,0.0,8.41736227045075,0.0,0.16070843322028155,1.2468517028434043,0.01680126087709026,44.41531857711284,0.30680659464042254,5.5,-0.19306813326192146,-0.1847419722877443,0.16378864055789102,0.1689292417827055,5.412508784258608,1.551636747624076,-0.42089093141185413,-0.3513062913152939,0.1502241618378362,Restaurants,Consumer Cyclical,RUTH
2020Q4,2020,Q4,2021-03-05,2020-12-27,1423000.0,77372000.0,4735000.0,0.04,22909000.0,0.2960890245,542674000.0,107444000.0,130294000.0,108321000.0,435230000.0,6930000.0,23677000.0,578254260.7199999,828360260.7199999,3.1364312261906546,1.2028507860894933,0.6366768999436125,3.215703063921671,0.002871692789764771,3.1364312261906546,0.013244108558877183,7.473688940702061,101.59069935347857,5.381913003238896,0.0,7.859018759018759,0.0,0.14257546888187014,1.1051504325107782,0.0026222004370948303,44.916440944539374,0.2960890244532906,1.2666666666666668,-0.8535801297682738,-0.27712446136837354,0.07401884943942619,0.8114177275243141,1.268439916996793,3.9949399114484505,-0.8701618330350732,-0.45498323857932704,0.18141234438681386,Restaurants,Consumer Cyclical,RUTH
2020Q3,2020,Q3,2020-11-02,2020-09-27,-5301000.0,63423000.0,-1581000.0,-0.15,12647000.0,0.1994071551,552507000.0,104538000.0,127939000.0,97518000.0,447969000.0,7278000.0,22254000.0,391366834.74,650874834.74,3.0530674393853467,1.311952665148998,0.6563084268615601,3.4687386404943656,-0.0018323951101025574,3.0530674393853467,-0.05070883315158124,6.170739869447992,-18.457217258064514,3.7437758015267177,0.0,6.976641934597417,0.0,0.11479130581151008,1.2049262700219447,-0.0095944485771221,52.008881693023255,0.19940715513299592,0.7457627118644067,-3.0515196617040767,-0.21588501463052415,0.025241021901622175,3.1486578321440706,0.6987725877940675,0.93428927680798,-3.7703001027635494,-0.33995994284114595,0.1528703878685263,Restaurants,Consumer Cyclical,RUTH
2020Q2,2020,Q2,2020-08-06,2020-06-28,-17598000.0,28417000.0,-24060000.0,-0.59,-5886000.0,-0.2071295351,567029000.0,107628000.0,119477000.0,94169000.0,459401000.0,7754000.0,27555000.0,248296542.27999997,530345542.28,3.593429500898324,1.268750862810479,0.6669429605893173,3.5137324859701935,-0.022920220542940534,3.593429500898324,-0.16350763741777233,8.737605738818312,-3.5273403551539944,2.3069883513583824,0.0,4.423910239876193,0.0,0.05011560255295584,1.142286739797598,-0.031035449685994896,-18.296112466288406,-0.20712953513741775,-3.538461538461538,-3.684771746286383,-0.6421229293149742,0.1639642016574672,-1.2632850241545894,-3.609219486642221,-6.206665223977494,-3.2978780901694202,-0.7102099987947267,0.2682164527219431,Restaurants,Consumer Cyclical,RUTH
2020Q1,2020,Q1,2020-05-08,2020-03-29,-3818000.0,108536000.0,4621000.0,-0.13,22356000.0,0.2059777401,535860000.0,74081000.0,90797000.0,91339000.0,461779000.0,8450000.0,45153000.0,179341234.74,494006234.74,2.6188820472933028,0.9940660615947186,0.7193240771843392,5.2031830023892764,0.005358085526655608,2.6188820472933028,-0.051538181180059664,1.6523663553106804,-11.743140043216343,2.4208803166803903,-1.1597695128339445,10.198816568047338,0.024690361959532028,0.20254544097338859,0.8696613713747687,-0.007124995334602322,68.00956948805461,0.20597774010466574,-1.26,-1.443594699872183,0.3486755828551803,-0.1219491340753078,-0.41756982075864946,-1.264075252455388,-0.7488586956521739,-1.3735347481109017,0.11158762183692805,-0.08755064923684625,Restaurants,Consumer Cyclical,RUTH
2019Q4,2019,Q4,2020-02-27,2019-12-29,14458000.0,135033000.0,18400000.0,0.5,38384000.0,0.284256441,496876000.0,94145000.0,42011000.0,112881000.0,402731000.0,9623000.0,53399000.0,622455468.12,918493468.12,3.3017387672844594,0.37217069303071376,0.6070025519445496,3.2036220723352278,0.02367024953337284,3.3017387672844594,0.15357161824844653,4.6096544409144435,10.763166899294507,6.611667832811089,0.26379858901646147,10.043541515120024,0.00612734596342998,0.2717639813555092,0.25988430293849274,0.02909780307360388,20.548510105638453,0.2842564410181215,2.1249999999999996,1.202247766307573,0.6599557044493823,0.18892441577227995,0.6706128133704735,2.1930212014134276,2.30281816549991,0.6850021901067861,0.3468202662080757,0.2791448489671326,Restaurants,Consumer Cyclical,RUTH
2019Q3,2019,Q3,2019-11-01,2019-09-29,4528000.0,103009000.0,5571000.0,0.16,22976000.0,0.2230484715,470709000.0,86711000.0,31333000.0,87389000.0,383998000.0,8873000.0,42756000.0,591047158.98,895778158.98,2.9950318483129714,0.3585462701255307,0.6544149357671087,3.552478924242599,0.008220586172155247,2.9950318483129714,0.05221944159333879,5.737820568882331,32.63290409562721,6.816288117770524,0.851148409893993,9.01983545587738,0.0065206302770341425,0.21883796570705044,0.22762590257355045,0.009619531387757617,-472.837727184,0.22304847149278217,-0.48387096774193544,1.75886688592716,0.35892576184883634,0.10788587183647791,-0.23576370409792444,-0.5135889998925771,-0.5216383307573416,0.3665130237977861,0.32959717546747347,0.24287279005510548,Restaurants,Consumer Cyclical,RUTH
2019Q2,2019,Q2,2019-08-02,2019-06-30,9309000.0,110243000.0,11646000.0,0.31,30064000.0,0.2727066571,441991000.0,98111000.0,30368000.0,88410000.0,343880000.0,8545000.0,42081000.0,658769700.52,921689700.52,3.3539182482982484,0.34349055536703993,0.6019760583360295,2.7119079410055957,0.01647771697160281,3.3539182482982484,0.0948823271600534,5.975614782979418,17.691741876678485,6.7145345630969,0.4222795144483833,9.38314803978935,0.00596718397475941,0.2494236307979122,0.2117859970591562,0.02106151482722499,110.14373859220866,0.2727066571120162,-0.3404255319148936,0.6188919972157618,0.28517763672618035,0.10308982357588499,-0.12324292796733742,-0.3308173387966358,-0.30855548298996616,0.4805250169478614,0.3072296767748519,0.331970714957457,Restaurants,Consumer Cyclical,RUTH
2019Q1,2019,Q1,2019-05-03,2019-03-31,13911000.0,119741000.0,16843000.0,0.47,34290000.0,0.2863680778,410023000.0,98649000.0,26871000.0,91060000.0,311374000.0,8476000.0,36703000.0,739791910.27,968508910.27,3.369677601759915,0.2950911486931693,0.5654146230821198,2.3500795750590475,0.027234085888870576,3.369677601759915,0.14101511419274398,6.178267345938317,13.295088603802746,7.499233750671573,0.28517000934512254,10.081524303916941,0.005362318707367555,0.29203483707011557,0.1683175927959587,0.03392736505025328,118.95673102910436,0.28636807776784895,-0.04081632653061228,0.8811187616389159,0.30798467887193287,0.1319989162801892,-0.12099461676493208,-0.06386271870794077,-0.09993052957836798,0.44056694213772357,0.3097228367349569,0.15568295168843096,Restaurants,Consumer Cyclical,RUTH
2018Q4,2018,Q4,2019-02-28,2018-12-30,14860000.0,127159000.0,18713000.0,0.49,39010000.0,0.3067812738,254613000.0,90132000.0,36362000.0,95272000.0,164481000.0,9296000.0,28020000.0,670845900.94,706783900.94,3.0539060567103835,0.3816651272147116,0.16102869845608825,0.4548883859228687,0.11621882644014403,3.0539060567103835,0.1648693028003373,5.275646245566574,11.286101967362047,7.442927050769982,0.22550471063257066,9.482465576592082,0.004995185921691592,0.49942068943848117,0.25755730959778317,0.0583630843672554,23.03017271241718,0.3067812738382655,3.0833333333333335,3.218374956144814,0.3840186948743552,0.0529238536936808,0.6998562028846573,3.12663149125243,2.855170992995468,0.7747492093820613,0.3789543020553891,0.04575947399549397,Restaurants,Consumer Cyclical,RUTH
2018Q3,2018,Q3,2018-11-02,2018-09-30,3601000.0,99015000.0,4854000.0,0.12,22949000.0,0.2317729637,239771000.0,89286000.0,26591000.0,68781000.0,150485000.0,7989000.0,16510000.0,921334632.0,970457632.0,3.0041918580566285,0.38660385862374785,0.22521489254330174,0.6047980646461931,0.02817404065475184,3.0041918580566285,0.04033107094057299,9.305000575670354,63.96380394334907,10.318914857872455,0.9411274645931685,9.521341845036925,0.0036783595040200336,0.41295652935509297,0.2356610110350242,0.015018496815711659,516.1538554621849,0.23177296369236985,-0.625,0.46705620135382536,0.31469776399585275,0.06208310395697078,-0.24914932600444967,-0.6238378773634179,-0.5853054250320376,0.6055472382925438,0.4103147622044934,0.008828265897261158,Restaurants,Consumer Cyclical,RUTH
2018Q2,2018,Q2,2018-08-10,2018-07-01,9573000.0,109635000.0,11705000.0,0.32,30564000.0,0.2787795868,233396000.0,87789000.0,24921000.0,68052000.0,145607000.0,8105000.0,16298000.0,840901247.5,887856247.5,2.9544833086955316,0.366205254805149,0.21422817871771582,0.5695474376060782,0.07172331056280337,2.9544833086955316,0.10904555240405973,7.670007274136909,21.96023314269299,9.578663015867592,0.35485218844667293,9.755829734731646,0.004039713355283137,0.46973812747433547,0.20344736378063832,0.04101612709729387,159.29176880090927,0.27877958681078124,-0.2888888888888889,0.43769452171790313,0.2560445804116887,0.055971453440578744,-0.0860594462053705,-0.2984757438077092,-0.2857578716133756,0.47214196956583304,0.39175390155528944,-0.04299978478597947,Restaurants,Consumer Cyclical,RUTH
2018Q1,2018,Q1,2018-05-10,2018-04-01,13646000.0,116526000.0,16388000.0,0.45,33442000.0,0.2869917443,231811000.0,87589000.0,26139000.0,73768000.0,144222000.0,8368000.0,10122000.0,721463841.0,762295841.0,2.9501308021894337,0.35434063550591044,0.18549594281548332,0.49092922627270547,0.10681785184381501,2.9501308021894337,0.15579581910970555,6.191440888728696,13.21749672065074,8.236922912694517,0.24842444672431482,9.928776290630974,0.00469878018460526,0.5026767495934188,0.20733922568051188,0.05886692175953687,70.77338051795174,0.28699174433173713,0.4516129032258065,1.067194100868971,0.2596262083478686,0.12024275920149827,-0.1047756719134811,0.4242772153219914,0.030303030303030304,0.510561435480575,0.37955532893302985,-0.010889051635310213,Restaurants,Consumer Cyclical,RUTH
2017Q4,2017,Q4,2018-03-16,2017-12-31,9581000.0,124103000.0,15906000.0,0.31,37356000.0,0.3010080336,242096000.0,79504000.0,37045000.0,88525000.0,162592000.0,8688000.0,2191000.0,648354628.4,694303628.4,2.654815011111595,0.41846935893815307,0.20652964113409555,0.6288991748842826,0.07537565307635286,2.654815011111595,0.12050965989132623,5.224326796290178,16.91771809831959,8.154993816663312,0.2938106669449953,9.98469152854512,0.004341759704788128,0.5126189610732932,0.2900536571589946,0.039575209834115395,24.306614246082326,0.3010080336494686,5.2,2.0151325872652777,0.23872424948538157,0.10844323689445567,1.165188662841245,4.649174528301887,4.325075326414463,0.38953225959537946,0.45257544621245765,-0.04402661490226969,Restaurants,Consumer Cyclical,RUTH
2017Q3,2017,Q3,2017-11-03,2017-09-24,1696000.0,85167000.0,2987000.0,0.05,17253000.0,0.2025784635,193072000.0,80369000.0,24130000.0,58341000.0,112703000.0,7247000.0,-4575000.0,616068054.0,641206054.0,2.6482312942654223,0.41360278363415093,0.15538244799867407,0.3732782540531797,0.017177321077476465,2.6482312942654223,0.02110266396247309,7.2336474690901404,90.81191833726416,7.665493585835335,1.6768867924528301,9.371326065958328,0.004616373112571748,0.4411152316234358,0.25112699473783445,0.008784287726858374,2690.253510917031,0.2025784634893797,-0.8,1.3952134052551834,0.13761114728185533,0.16752154749729958,-0.3585291493158834,-0.7828703110997312,-0.7412732784755305,1.2711596911716363,0.07184505554747936,-0.020398384770262946,Restaurants,Consumer Cyclical,RUTH
2017Q2,2017,Q2,2017-07-28,2017-06-25,7811000.0,100015000.0,11545000.0,0.25,26896000.0,0.2689196621,196683000.0,86557000.0,24237000.0,64914000.0,110126000.0,7554000.0,-3427000.0,673589088.9,689361088.9,2.8334512560421614,0.37337092152694334,0.10677079361205595,0.2426146932079439,0.07338319254253889,2.8334512560421614,0.09024111279272617,6.734880656901464,21.558990170912818,7.782029054842473,0.3664063500192037,9.679507545671168,0.004248881175723569,0.5085086153861798,0.21588563329944233,0.039713650900179476,112.22743900366544,0.2689196620506924,-0.28571428571428564,0.5040401784025951,0.14943153384711616,0.2693288846397879,-0.14648387915714647,-0.292994207096307,-0.28931979070483227,0.3007692558551966,0.11649313245003591,-0.06808961496771795,Restaurants,Consumer Cyclical,RUTH
2017Q1,2017,Q1,2017-05-05,2017-03-26,11048000.0,105538000.0,16245000.0,0.35,31512000.0,0.2985843961,196824000.0,87756000.0,22618000.0,70847000.0,109068000.0,7569000.0,-8376000.0,603860674.0,614812674.0,2.8701670345898367,0.3192513444464833,0.07112953704832745,0.15953325128766124,0.10998648994019278,2.8701670345898367,0.1258945257304344,5.721736947829218,13.664479408037653,6.8811326177127485,0.25905141202027515,9.780155899061963,0.004739503867741518,0.5362049343575986,0.18134853981114232,0.056131366093565824,41.550999380719745,0.2985843961416741,0.16666666666666663,1.0257846156529784,0.1674132697394357,0.4048503127948267,-0.03343353168517269,0.19943545760503745,0.07847042421828321,0.4304616480512963,0.10383287541872997,-0.03580509571541256,Restaurants,Consumer Cyclical,RUTH
2016Q4,2016,Q4,2017-03-08,2016-12-25,9211000.0,107629000.0,15063000.0,0.3,32602000.0,0.3029109255,207472000.0,79009000.0,34420000.0,79415000.0,128463000.0,7396000.0,-16562000.0,558619962.25,579831962.25,2.581207882712036,0.43341937921047663,0.12049818770725688,0.3164196483944867,0.09295294343191207,2.581207882712036,0.11658165525446468,5.1902364813386725,15.161762084735642,7.0703332816514575,0.2416675713820432,10.144267171444024,0.003984820003628505,0.518763977789774,0.30948813196499403,0.044396352278861725,27.858565841312586,0.3029109254940583,1.7272727272727273,3.996171598498069,0.5315365824976991,0.12429167111303058,0.6717259768228899,1.570750767513257,1.6893411890733798,1.5211744964462717,0.12951996083684877,-0.1100527322778067,Restaurants,Consumer Cyclical,RUTH
2016Q3,2016,Q3,2016-10-28,2016-09-25,3583000.0,83774000.0,5601000.0,0.11,19502000.0,0.2327929907,192333000.0,75440000.0,23102000.0,93270000.0,116893000.0,7138000.0,-23548000.0,468963160.96000004,503009160.96000004,2.4097654017996324,0.24768950359172295,0.19757399926169716,0.503711558854719,0.03346298446993066,2.4097654017996324,0.047494697773064684,5.597955940506601,32.721403918504045,6.216372759278897,0.6368964554842311,9.004202857943401,0.00486605386088022,0.4355674793197215,0.13607805296451164,0.018629148404070026,156.26896399866712,0.23279299066536158,-0.47619047619047616,3.90364041610504,0.1395695388432979,-0.15240454227373604,-0.19562796452876882,-0.4813259988419224,-0.46458273587611126,0.3857957516178901,0.05599769976389546,-0.1480666885878942,Restaurants,Consumer Cyclical,RUTH
2016Q2,2016,Q2,2016-07-29,2016-06-26,6908000.0,92654000.0,10461000.0,0.21,24245000.0,0.2616724588,192179000.0,80926000.0,22780000.0,87677000.0,111253000.0,7254000.0,-24849000.0,508436543.72,534883543.72,2.51801200329346,0.2598172838942938,0.15610446510805032,0.37070904282925143,0.06336875279037132,2.51801200329346,0.08536193559548229,5.487475378504976,18.40028024464389,6.282734148728468,0.33830341632889405,9.430521091811414,0.0045964438018188634,0.4821234370040431,0.14841976801213544,0.035945654832213715,619.2893346163216,0.26167245882530704,-0.3636363636363637,-0.20440024212368016,0.06083468458878304,-0.10900540091926648,-0.1787758696609423,-0.3581118751161494,-0.3634538152610442,-0.04082208528097468,-0.018594949114220667,-0.10002917021974927,Restaurants,Consumer Cyclical,RUTH
2016Q1,2016,Q1,2016-05-03,2016-03-27,10762000.0,101890000.0,16434000.0,0.33,29523000.0,0.2897536559,189774000.0,95131000.0,22081000.0,71425000.0,94643000.0,7511000.0,-29420000.0,585322011.3000001,590661011.3000001,2.9157457041629624,0.30914945747287365,0.042155405903864594,0.08409456433759763,0.10685572033206965,2.9157457041629624,0.1131282126751532,5.744646297968398,13.59696179381156,6.152799942184988,0.2183608994610667,9.634802289974704,0.004014884037558489,0.5369017884430954,0.17617080854042702,0.05670955979217385,94.26993256563055,0.2897536559034253,0.17857142857142852,0.7049279354856205,0.07426178734788579,0.14015626683921895,-0.01773356401384083,0.13153191041951426,0.2644456413018389,0.4835587732882475,0.0022735978970717967,0.10718582726478519,Restaurants,Consumer Cyclical,RUTH
2015Q4,2015,Q4,2016-03-04,2015-12-27,9511000.0,104747000.0,12997000.0,0.28,30056000.0,0.2869390054,198597000.0,97902000.0,30584000.0,77872000.0,100695000.0,7479000.0,-37832000.0,541092144.24,537997144.24,2.920275773397911,0.3927470721183481,0.0,0.0,0.09201958258582586,2.920275773397911,0.09714816857674001,5.165705406741959,14.222798450215542,5.526875285898144,0.21753758805593523,9.98676293622142,0.003823747991954399,0.5274349562178684,0.27732689541812205,0.04789095504967346,27.914369801898474,0.28693900541304285,2.5,1.2911593981561569,0.24158775791895717,0.35909600334841346,0.7411655659830843,2.7079922027290446,2.1280385078219015,1.6736759680716846,-0.06605571406419285,0.21927890167168218,Restaurants,Consumer Cyclical,RUTH
2015Q3,2015,Q3,2015-10-30,2015-09-27,2565000.0,80292000.0,4155000.0,0.08,17262000.0,0.2149902855,188479000.0,101217000.0,28940000.0,59311000.0,87262000.0,7065000.0,-45274000.0,547568654.04,549776654.04,2.9779021460948782,0.48793647046922156,0.02652815433019063,0.049398816404358954,0.02595406647213558,2.9779021460948782,0.025341592815436142,6.81971621132865,53.36926452631579,5.4098486819407805,0.8214424951267056,8.92144373673036,0.0038479193146912375,0.42599971349593324,0.2757330006238303,0.013608943171387795,419.59283834482756,0.21499028545807802,-0.6363636363636365,6.242713636157436,0.005212951520387803,0.33415627641433143,-0.29894813791983105,-0.658728046833422,-0.6356541564363382,2.2344120636930094,-0.042399468589858574,0.3128630151878866,Restaurants,Consumer Cyclical,RUTH
2015Q2,2015,Q2,2015-08-04,2015-06-28,7516000.0,91049000.0,11404000.0,0.22,24623000.0,0.2704367978,189911000.0,106027000.0,34648000.0,60600000.0,83884000.0,7112000.0,-45732000.0,541256570.16,536126570.15999997,3.087233693082086,0.5717491749174918,0.0,0.0,0.07334683763411654,3.087233693082086,0.07088760410084224,5.944673419367593,18.003478251729643,5.1048937549869375,0.2782064928153273,9.339988751406075,0.0038632325504739514,0.47942983818736146,0.35305280528052807,0.03957643317132762,59.68863808557565,0.2704367977682347,-0.26666666666666666,0.7144680516206114,0.011629497488816531,0.3859619846821866,-0.1060160476346077,-0.27807127077129956,-0.29639684106614017,0.2872978782894156,-0.06925088846472388,0.3830182862351479,Restaurants,Consumer Cyclical,RUTH
2015Q1,2015,Q1,2015-05-05,2015-03-29,10411000.0,97344000.0,16208000.0,0.3,27543000.0,0.2829450197,189979000.0,102054000.0,36968000.0,61871000.0,87925000.0,7123000.0,-51158000.0,538907622.75,538483622.75,2.982608581036257,0.5975012526062291,0.015791219029471677,0.029396202010700218,0.10385163468840528,2.982608581036257,0.10201461971113332,5.536115453957101,12.940822753577946,5.280612447821742,0.19998078954951493,9.799382282746034,0.0038633708489327545,0.512393475068297,0.38921304003491136,0.05480079377194322,118.75443427721463,0.2829450197238659,0.30434782608695643,0.26751392974568505,-0.154213638473154,0.1689945704526236,0.023028637224677784,0.30381966186599874,0.36064472800537273,0.7058385646918467,-0.037810013981786725,0.45988667123414007,Restaurants,Consumer Cyclical,RUTH
2014Q4,2014,Q4,2015-03-10,2014-12-28,7985000.0,98941000.0,11912000.0,0.23,26923000.0,0.2721116625,218567000.0,96311000.0,52150000.0,86481000.0,122256000.0,7206000.0,-59487000.0,508765370.21999997,517464370.21999997,2.777080463218325,0.603022629248043,0.05947832929948254,0.13497938968549802,0.08285764722177442,2.777080463218325,0.08290849435682321,5.14210863261944,15.928784289918598,5.282526089647081,0.22091421415153412,9.994171523730225,0.003467217116678386,0.4526804137861617,0.2862940992819232,0.036533419958182156,20.64291853525927,0.2721116625059379,2.0952380952380953,2.4399952192000804,-0.35154644634926363,0.23012064095627943,0.7231822836661547,2.1093359266462905,2.412202807218562,2.8227125096526513,0.2426262352772658,0.2096075080657899,Restaurants,Consumer Cyclical,RUTH
2014Q3,2014,Q3,2014-11-07,2014-09-28,-7198000.0,91443000.0,3491000.0,-0.21,15624000.0,0.1708605361,212854000.0,94417000.0,32128000.0,61128000.0,118437000.0,7506000.0,-65708000.0,397802492.88,424316492.88,2.70337579388776,0.5255856563277058,0.1409416783335056,0.31773939015219715,0.016690167874791845,2.70337579388776,-0.07623627101051718,4.35027823759063,-13.816424454015005,4.213250716290499,-0.24701305918310643,10.101119104716227,0.004469554695667397,0.4296043297283584,0.2797899489595603,-0.033816606688152444,-194.52444639608802,0.1708605360716512,-2.1052631578947367,-4.299024203857388,-0.20552295839622006,0.452465581725335,-0.31159675713782164,-2.0425840092699885,-0.6572073841319718,-9.830123723796167,0.11497513891664955,-0.04913190233572736,Restaurants,Consumer Cyclical,RUTH
2014Q2,2014,Q2,2014-08-05,2014-06-29,6904000.0,102992000.0,10184000.0,0.19,22696000.0,0.2203666304,217606000.0,106788000.0,29854000.0,61618000.0,110818000.0,7676000.0,-56632000.0,433758317.84999996,452546317.84999996,3.0404761032296133,0.48450128209289495,0.10110015348841485,0.20601565718994644,0.056341129766325194,3.0404761032296133,0.06465145896542683,4.211572916828491,15.706775704301853,4.061863859703338,0.2604287369640788,10.460656591974987,0.004145165466594636,0.4732957730944919,0.20940309649777664,0.031727066349273456,89.21396911764705,0.22036663041789653,-0.24,0.9937185681111977,-0.2183136479860321,0.6145306206959533,-0.1505352197020735,-0.22120699379582628,-0.2629903025039803,-0.27240029165666163,0.07903728030867412,0.07586770161075208,Restaurants,Consumer Cyclical,RUTH
2014Q1,2014,Q1,2014-05-06,2014-03-30,8865000.0,109743000.0,13818000.0,0.25,26718000.0,0.2434597195,218888000.0,104468000.0,30893000.0,65191000.0,114420000.0,7721000.0,-61737000.0,424294342.68,442571342.68,2.9767498478115697,0.4738844319001089,0.10050802236760352,0.2105908029252977,0.0732169418879703,2.9767498478115697,0.0848585212696711,3.8662542729832428,11.96543549576988,4.061476650074664,0.20282007896221094,10.753140784872425,0.004237624260184963,0.5013659953949051,0.21693178506235522,0.04050016446767297,-286.68536667567565,0.24345971952653017,1.0833333333333335,0.584023965430267,-0.24716085480718758,0.6859992951782664,0.06108022239872915,1.1233532934131736,0.5174610147155722,0.30563942727777005,0.07568935496605952,0.16401097288742245,Restaurants,Consumer Cyclical,RUTH
2013Q4,2013,Q4,2014-03-11,2013-12-29,4175000.0,108890000.0,9106000.0,0.12,25180000.0,0.2312425383,228881000.0,101453000.0,38990000.0,80603000.0,127428000.0,7913000.0,-68804000.0,519086920.52,527500920.52,2.900405424378232,0.48372889346550374,0.08301256985070844,0.1872788384769302,0.05769962535572358,2.900405424378232,0.04115206056006229,4.767076136651666,31.083049132934132,5.116526081239589,0.34682634730538925,10.578794388980159,0.0027895135530470565,0.4757494068970338,0.2976936342319765,0.01824091995403725,21.132879555428897,0.2312425383414455,0.4999999999999999,1.0542516750868431,-0.14850234164825896,1.1318471833914632,0.6423167231933211,0.44613785936958783,2.5445698715453484,-0.03606640644338012,0.23704454752114396,0.34984834523893255,Restaurants,Consumer Cyclical,RUTH
2013Q3,2013,Q3,2013-11-06,2013-09-29,2887000.0,88582000.0,2569000.0,0.08,15332000.0,0.1730825676,223327000.0,98877000.0,26499000.0,59712000.0,124450000.0,7038000.0,-69900000.0,414232783.05,445955783.05,2.828584549423677,0.44378014469453375,0.16567634007531556,0.3742022917361975,0.012896985599453797,2.828584549423677,0.029197892330875736,4.676263609424036,35.870521566505026,4.189374506204678,0.4849324558365085,10.407786302926969,0.0033797421577591866,0.3966470690959893,0.25959606109324757,0.01292723226479557,98.53301214319696,0.17308256756451648,-0.6363636363636365,5.5516879862412365,-0.40493705947612413,-0.32334680692155376,-0.3892850029874527,-0.6282992146259817,-0.7640088186661768,6.926430402288145,0.0783213476986067,0.2672591793961409,Restaurants,Consumer Cyclical,RUTH
2013Q2,2013,Q2,2013-08-05,2013-06-30,7767000.0,101816000.0,10886000.0,0.22,25105000.0,0.246572248,222160000.0,96975000.0,26185000.0,56900000.0,125185000.0,7202000.0,-69933000.0,418174697.685,452644697.685,2.797881797911486,0.4601933216168717,0.18005041411595246,0.41247744263985564,0.05965698006839741,2.797881797911486,0.08009280742459397,4.107160934283414,13.459981256759365,4.312190746945089,0.18411226985966267,10.65134684809775,0.0034196234442600863,0.4583003240907454,0.2542706502636204,0.03496128916096507,94.1410845756416,0.24657224797674235,0.0,0.9704515150449887,-0.34084706075591265,-0.30117159713382063,-0.03088206909862961,0.013836313797154418,-0.16550402453047144,0.755547048516679,0.12093099402331932,0.25606228586740903,Restaurants,Consumer Cyclical,RUTH
2013Q1,2013,Q1,2013-05-09,2013-03-31,7661000.0,107360000.0,13045000.0,0.22,25905000.0,0.2412909836,223747000.0,90740000.0,27930000.0,61136000.0,133007000.0,7410000.0,-77700000.0,329058429.0,365734429.0,2.6334745553653636,0.4568503009683329,0.19218134768287395,0.4738814194401587,0.06798995512147712,2.6334745553653636,0.08442803614723385,3.065000270119225,10.738103021798722,3.626387800308574,0.0,10.992577597840755,0.0,0.4798276624937988,0.2650157026956294,0.03423956522322087,-454.50059254143645,0.24129098360655737,1.2,0.1562401845254291,-0.25527294497601505,-0.3327890799985246,-0.06840004315460135,1.098904109589041,0.312902576489533,-0.07378912294524435,-0.07368624560961579,0.03215603824812585,Restaurants,Consumer Cyclical,RUTH
2012Q4,2012,Q4,2013-03-13,2012-12-30,3650000.0,115079000.0,9936000.0,0.1,27807000.0,0.2416340079,231357000.0,82388000.0,31996000.0,74649000.0,148969000.0,7921000.0,-85359000.0,250068876.3933,287159876.3933,2.3950843153228445,0.428619271524066,0.19450459679197085,0.5461960479681507,0.056551966476551356,2.3950843153228445,0.04430256833519445,2.173019198926824,17.12800523241781,3.035258489019032,0.0,11.017800782729454,0.0,0.49740876653829363,0.2572572974855658,0.015776483962015413,9.009867641624933,0.24163400794237003,4.0,-0.2546105077196586,0.08615661427456053,-0.21403094561152067,1.0252731245447924,3.5511221945137157,4.444383561643836,1.663625811744638,-0.2395985543727034,0.060913679719205666,Restaurants,Consumer Cyclical,RUTH
2012Q3,2012,Q3,2012-10-31,2012-09-23,802000.0,84795000.0,1825000.0,0.02,13730000.0,0.1619199245,230989000.0,77968000.0,23781000.0,55500000.0,153021000.0,6886000.0,-89009000.0,226178478.82,291266478.82,2.2682504660767706,0.42848648648648646,0.2987155232500249,0.884978452698543,0.009182718779110666,2.2682504660767706,0.010286271290785963,2.667356316056371,70.5045133478803,2.9009142060845474,0.0,10.320214928841127,0.0,0.3670954028113893,0.23172972972972972,0.003472026806471304,159.39286738548273,0.16191992452385165,-0.8823529411764707,-0.6958836134578568,-0.18497648965460428,-0.3693913898026415,-0.351226196663989,-0.862482853223594,-0.7944356837125479,1.5998971797153545,-0.25145222880097323,0.21868211595215015,Restaurants,Consumer Cyclical,RUTH
2012Q2,2012,Q2,2012-07-27,2012-06-24,5832000.0,97713000.0,8878000.0,0.17,21163000.0,0.2165832591,230475000.0,76577000.0,23794000.0,54630000.0,153898000.0,7285000.0,-89813000.0,215092023.95999998,281603023.96,2.232243581887954,0.43554823357129785,0.3080594424557978,0.9271713438760986,0.04268011234399845,2.232243581887954,0.07615863771106207,2.2012631273218504,9.220337103909465,2.8088332522820165,0.0,10.507892930679478,0.0,0.4239635535307517,0.23635365183964854,0.025304262935242433,30.222288037094277,0.21658325913645063,1.1910112359550562,-0.2766615542436212,-0.15790132890183764,-0.36204619363047214,-0.05251611747851003,-0.043150123051681706,-0.11246626012196341,0.7242676462147737,-0.2407138502347726,0.18534910107726124,Restaurants,Consumer Cyclical,RUTH
2012Q1,2012,Q1,2012-04-30,2012-03-25,6095000.0,101034000.0,10003000.0,-0.89,22336000.0,0.2210740939,232729000.0,69812000.0,23726000.0,57566000.0,162917000.0,7526000.0,-95644000.0,259696772.79999998,333642772.79999995,2.043041175596773,0.41215300698328877,0.3308569194213012,1.1029622414484617,0.04785012490944348,2.043041175596773,0.08730590729387498,2.5703898964704948,10.652041542247744,3.7199446055119463,0.18096800656275636,10.456816369917618,0.0042472610964998485,0.43412724671184083,0.22683528471667302,0.026189258751595203,46.57402668579627,0.2210740938693905,-15.858096828046744,-0.3917845104539364,-0.15742239080926965,-0.3696194416983547,0.06687046236148261,1.3316755929609794,0.3974573903324951,0.11852243058512828,-0.28816245291486164,0.15715668369268332,Restaurants,Consumer Cyclical,RUTH
2011Q4,2011,Q4,2012-03-02,2011-12-25,2614000.0,99641000.0,7158000.0,0.0599,20936000.0,0.2101143104,240220000.0,99640000.0,27069000.0,66319000.0,140580000.0,7358000.0,-101225000.0,238266000.0,256341000.0,2.295852534562212,0.40816357303336903,0.09158271584380984,0.22079486150140507,0.05007614367573268,2.295852534562212,0.026234443998394218,2.391244567999117,22.787490436113238,2.3912685668406266,0.2410099464422341,10.696520793693939,0.0026441036488630354,0.4147906086087753,0.2509084877636876,0.010881691782532678,12.279220779220779,0.21011431037424352,2.255434782608696,-0.8375048295362566,-0.24841756172295004,-0.027324237321020087,0.6531901452937461,2.2797992471769133,3.3120481927710843,1.0273765496084155,-0.3720139546744572,0.6874905549929563,Restaurants,Consumer Cyclical,RUTH
2011Q3,2011,Q3,2011-11-02,2011-09-25,797000.0,80186000.0,1660000.0,0.0184,12664000.0,0.1579328062,237677000.0,97083000.0,2548000.0,48945000.0,140594000.0,6857000.0,-103217000.0,164931714.99,201783714.99,2.8430607783859556,0.05205843293492696,0.1657711936788162,0.40583830330747916,0.010592419306528362,2.8430607783859556,0.008209470247108145,2.056864228044796,51.735167813676284,1.6988732835820897,0.7816813048933501,9.847163482572554,0.003777320814482364,0.33737383087130857,0.22786801511901114,0.0033532903898988962,434.03082892105266,0.15793280622552566,-0.908,-0.767613915811347,-0.06451452541254261,0.16223891949163474,-0.3857496240966193,-0.9134260265044536,-0.8027800879173103,2.286332059199705,-0.4485767871210518,-0.3198838075379729,Restaurants,Consumer Cyclical,RUTH
2011Q2,2011,Q2,2011-08-03,2011-06-26,9206000.0,92604000.0,8417000.0,0.2,20617000.0,0.2226361712,240614000.0,96300000.0,22125000.0,51886000.0,144314000.0,6892000.0,-103391000.0,190823382.39999998,227469382.39999998,2.826068761686513,0.42641560343830703,0.16624136583906174,0.4153686396677051,0.07663394199686394,2.826068761686513,0.09559709241952233,2.0606386592371817,5.182038409732782,1.9815512191069573,0.0670215077123615,10.445008705745792,0.0032333563750937895,0.3848653860540118,0.23453340014647497,0.038260450347860055,29.914309829126818,0.22263617122370524,0.4285714285714285,0.25411392309272246,0.038689573290209486,0.2582452486778354,-0.08588277024031214,0.3995135299483126,-0.15905684883604757,1.37558339673302,-0.3902009113407578,-0.2941313244206371,Restaurants,Consumer Cyclical,RUTH
2011Q1,2011,Q1,2011-05-06,2011-03-27,6578000.0,98839000.0,10009000.0,0.14,22554000.0,0.2281892775,239133000.0,86949000.0,2590000.0,55577000.0,152184000.0,7077000.0,-111974000.0,170000160.0,212410160.0,2.5573211225212966,0.04660201162351332,0.1881797995257869,0.5175447676223993,0.053378866776797054,2.5573211225212966,0.07565354403155873,1.7199704570058378,6.460936454849499,1.9551709622882378,0.09577379142596534,10.779285007771655,0.0037058788650551856,0.41332229345176114,0.21501700343667343,0.02750770491734725,40.48586806382472,0.2281892775119133,0.16666666666666682,-0.24413578535119368,0.026745302705137513,0.2699858163027925,0.10008779631255488,0.42042755344418054,0.664836992681304,0.006113064416727632,-0.30517842700807024,-0.3520831346479765,Restaurants,Consumer Cyclical,RUTH
2010Q4,2010,Q4,2011-03-04,2010-12-26,4631000.0,94117000.0,6012000.0,0.12,20502000.0,0.2178352476,249069000.0,80361000.0,27502000.0,65863000.0,168708000.0,7521000.0,-118282000.0,185878000.0,231860000.0,2.1486898395721927,0.41756373077448644,0.20476253568288305,0.6346362041288685,0.037672348428025304,2.1486898395721927,0.05762745610432921,1.9749673279003792,10.034441805225653,2.313037418648349,0.13603973223925717,9.787927137348756,0.0033893198764781206,0.3778752072718805,0.2580356193917678,0.018593241230341794,10.017677175963351,0.21783524761732737,10.53846153846154,-0.18537151702786375,0.22093517069203367,0.5208657749362348,0.5065030494525682,12.081920903954803,2.778755499685732,-0.1301652892561984,-0.18297377123516834,-0.29488757010416644,Restaurants,Consumer Cyclical,RUTH
2010Q3,2010,Q3,2010-11-01,2010-09-26,354000.0,79842000.0,1591000.0,0.0104,13609000.0,0.170449137,247188000.0,75834000.0,22254000.0,52384000.0,171354000.0,6701000.0,-122290000.0,133861740.34,197775740.34,2.2320489726273043,0.4248243738546121,0.27104875641212356,0.8835087164068888,0.006694629521493517,2.2320489726273043,0.004668090829970726,1.6765830056862303,94.53512735875707,1.7651942445341142,1.7598870056497176,9.884047157140726,0.004654055732561231,0.3230011165590563,0.23877519853390347,0.0014321083547745037,72.59313467462039,0.1704491370456652,-0.8844444444444445,-0.7414390626086782,0.1493892582239576,0.3887049316179499,-0.18523618511644616,-0.9183014078006001,-0.807524800387128,-0.8641893413418875,-0.2235804906432502,-0.3794559632757476,Restaurants,Consumer Cyclical,RUTH
2010Q2,2010,Q2,2010-08-04,2010-06-27,4333000.0,88958000.0,8266000.0,0.09,16703000.0,0.1877627645,251177000.0,75613000.0,24316000.0,55001000.0,175564000.0,6841000.0,-121900000.0,163615830.26000002,228753830.26000002,2.2275024331132833,0.4421010527081326,0.27470668094610573,0.9125414941875074,0.04051559359643076,2.2275024331132833,0.05730496078716623,1.8392480750466516,9.440100984306486,2.1638584669302903,0.0,10.562052331530477,0.0,0.3541645930957054,0.2144324648642752,0.01725078331216632,33.728268451865596,0.18776276445063964,-0.55,-0.45984148784198053,-0.35127233761243587,1.6304758903526253,-0.10468481989708404,-0.35892883562657196,-0.1531605368302428,-0.4568857403745886,-0.22522762345775119,-0.36340116847815745,Restaurants,Consumer Cyclical,RUTH
2010Q1,2010,Q1,2010-05-07,2010-03-28,6759000.0,94709000.0,9761000.0,0.2,18656000.0,0.1969823354,254481000.0,71839000.0,24329000.0,58265000.0,182642000.0,6897000.0,-125610000.0,148665580.8,218376580.8,2.551430653678245,0.4175577104608255,0.29078791736907666,1.030081153690892,0.055626349450625064,2.551430653678245,0.09408538537563162,1.5697091174017255,5.498800887705282,2.069427202494467,0.0,11.026968247063941,0.0,0.3721653090014579,0.2096799107525959,0.026559939641859313,16.747277323420075,0.19698233536411533,2.25,0.36610274444482904,-0.22590485219181208,1.6758137580608452,-0.03436853002070393,3.2849898580121706,1.666211417645452,-0.1814548042728222,-0.041460379494715385,-0.2127558175797323,Restaurants,Consumer Cyclical,RUTH
2009Q4,2009,Q4,2010-03-05,2009-12-27,-2958000.0,81392000.0,3661000.0,-0.16,19320000.0,0.2373697661,254415000.0,41765000.0,22035000.0,60088000.0,212650000.0,7368000.0,-132061000.0,40515000.0,164334000.0,2.2575675675675675,0.36671215550525893,0.49328852465459977,3.0049084161379147,0.01110705105982954,2.2575675675675675,-0.0708248533461032,0.49777619422056224,-3.4241886409736306,0.9700706333053992,0.0,8.424538545059718,0.0,0.3199182438142405,0.195712954333644,-0.011626672955604033,3.339790619075097,0.23736976607037547,-3.113110539845759,-1.682252055118576,-0.021333145606393135,1.512754849077719,0.5061978638808763,-2.2222222222222223,1.666423889293518,-1.4313710994366733,0.4402512724600566,-0.04354429453726295,Restaurants,Consumer Cyclical,RUTH
2009Q3,2009,Q3,2009-11-05,2009-09-27,-918000.0,77785000.0,1373000.0,-0.0389,12827000.0,0.164903259,273987000.0,43931000.0,32804000.0,53705000.0,230056000.0,6808000.0,-129365000.0,100785578.6,246637578.6,1.8612322576873117,0.6108183595568383,0.5419965180829748,3.3803009264528465,0.0063530096703739445,1.8612322576873117,-0.020896405727163052,1.2956942675323004,-27.4470529956427,2.2941790216475835,0.0,9.541421856639248,0.0,0.283900331037604,0.3983986593427055,-0.0033505239299674804,33.5839982005998,0.16490325898309444,-1.3889999999999998,0.862106408004037,-0.08631025936664996,0.0,-0.3349751140605558,-1.3950086058519793,-0.6972436604189636,-1.3872407062380616,0.31286744910476916,-0.23913108557406457,Restaurants,Consumer Cyclical,RUTH
2009Q2,2009,Q2,2009-08-05,2009-06-28,2324000.0,88424000.0,4535000.0,0.1,19288000.0,0.2181308242,277129000.0,44389000.0,31628000.0,54714000.0,232740000.0,6951000.0,-128411000.0,89334510.69,238199510.69,1.8831950687432595,0.5780604598457433,0.5412641766108924,3.379215571425353,0.02053281235819302,1.8831950687432595,0.05235531325328347,1.0102970990907445,9.609994695567986,2.0125371305954176,0.0,9.946194792116243,0.0,0.319071623684277,0.16871367474503784,0.00838598630962476,22.134417911298314,0.21813082421062155,-0.375,0.6479494751011099,-0.0759779049693053,0.0,0.002963964432426811,-0.3794392523364486,-0.3390176359131322,-0.5423160824869785,0.43380368527659496,-0.16154862199259562,Restaurants,Consumer Cyclical,RUTH
2009Q1,2009,Q1,2009-05-08,2009-03-29,3745000.0,97546000.0,6861000.0,0.16,19231000.0,0.1971480122,288247000.0,41463000.0,38722000.0,60772000.0,246784000.0,7240000.0,-130735000.0,27006829.999999996,180533830.0,1.765570042837312,0.637168432830909,0.5455390689235274,3.792537925379254,0.027604219446554824,1.765570042837312,0.09032149145020862,0.2768625058946548,1.8028591455273697,0.6513477075947229,0.0,10.816988950276244,0.0,0.3384111543225081,0.25317580464687683,0.01299232949518989,5.403527410964385,0.19714801221987574,1.0727272727272728,-0.2345491862614013,-0.0011175210642199217,0.0,0.08988381977897421,1.0623522360227764,0.5911410018552876,-0.3769752593069121,0.46705840076694444,-0.1232040073708705,Restaurants,Consumer Cyclical,RUTH
2008Q4,2008,Q4,2009-03-13,2008-12-28,-60062000.0,99807000.0,4312000.0,-2.2,17645000.0,0.176791207,293519000.0,37142000.0,31108000.0,67207000.0,256377000.0,8630000.0,-134480000.0,37128000.0,193502000.0,1.3605128205128205,0.4628684512029997,0.5459612495272879,4.3145226428302195,0.014598399986597406,1.3605128205128205,-1.6170911636422378,0.3719979560551865,-0.1545403083480404,0.9996230682246514,0.0,9.52050984936269,0.0,0.3400359090893605,0.25656553632806106,-0.20462729840316982,4.225332878115398,0.17679120702956708,-120.54696132596685,-29.728635204081634,-0.06565249953192281,1.2950072278438785,0.00880452804299354,-140.99054373522458,2.0153846153846153,-15.474166184692502,0.7737584842041618,-0.0370143950176236,Restaurants,Consumer Cyclical,RUTH
2008Q3,2008,Q3,2008-11-07,2008-09-28,-423000.0,99277000.0,1430000.0,-0.0181,17491000.0,0.1761838089,349101000.0,97453000.0,29747000.0,55690000.0,251648000.0,8830000.0,-73829000.0,96747617.85000001,261922617.85000002,4.180257447031291,0.5341533488956725,0.47806508718107366,1.7125486131776344,0.002727355189946949,4.180257447031291,-0.004340553908037721,0.974521972360164,-57.17944317375888,0.9927618221091195,0.0,9.26228765571914,0.0,0.2843790192523081,0.28877715927455555,-0.0012116837247673309,-19.58057434729812,0.17618380893862626,-1.1645454545454546,0.9575415592519418,0.3322039614369512,0.0,-0.2984236492719907,-1.1533164189923886,-0.698184888138455,-1.4502648866042185,1.0828233276755883,1.6008139621111832,Restaurants,Consumer Cyclical,RUTH
2008Q2,2008,Q2,2008-08-06,2008-06-29,2759000.0,108117000.0,4738000.0,0.11,24931000.0,0.2305927837,359419000.0,97130000.0,29283000.0,59998000.0,262289000.0,9055000.0,-73311000.0,125667892.97999999,302718892.98,4.003674988647049,0.4880662688756292,0.5001126818559953,1.8506125810769072,0.012611087181324171,4.003674988647049,0.028405230103984352,1.1623324082244235,11.387087076839434,1.2938113145269226,0.0,9.18674765323026,0.0,0.3008104746827519,0.2616253875129171,0.007676277547931523,-55.04506919842312,0.2305927837435371,-0.42105263157894735,0.3305861189748103,0.26557549894255655,0.0,0.10012355484952784,-0.39108364599426176,-0.4882816718868128,-0.5187531007437546,0.10320215560965416,2.1332066423926603,Restaurants,Consumer Cyclical,RUTH
2008Q1,2008,Q1,2008-05-09,2008-03-30,4531000.0,98583000.0,9259000.0,0.19,22662000.0,0.2298773622,353774000.0,93002000.0,30278000.0,59373000.0,260772000.0,8787000.0,-76066000.0,162818726.88,337586726.88,3.946989589678089,0.5099624408401126,0.5052660738211401,1.922001677383282,0.02419114317476302,3.946989589678089,0.04871938237887357,1.6515903033991661,8.983597819465901,1.7507013492182963,0.0,8.640150221918743,0.0,0.27866095303781513,0.28255267545854174,0.01280761163906901,45.748448125878056,0.22987736222269559,0.35714285714285704,-0.10005989109598662,0.12790326847315447,0.0,0.002654632333421821,0.1013612056392805,-0.5223626515346917,0.09432212961746117,-0.037157334644585704,2.045464380457258,Restaurants,Consumer Cyclical,RUTH
2007Q4,2007,Q4,2008-03-12,2007-12-30,4114000.0,89014000.0,19385000.0,0.14,22602000.0,0.2539151145,260278000.0,88067000.0,36439000.0,57999000.0,172211000.0,8626000.0,-80597000.0,258366000.0,342805000.0,3.0473010380622836,0.6282694529216021,0.3717179323646255,1.0985953876026207,0.07241065019362429,3.0473010380622836,0.04671443332916984,2.902532185948278,15.700413223140494,2.933743627011253,0.0,7.699049385578483,0.0,0.3419958659587057,0.41614510595010257,0.015806176472848262,27.497445721583652,0.2539151144763745,0.7500000000000001,0.8588497899159665,-0.21282635018389431,1.6607624846237579,0.49306381292112567,1.3112359550561798,33.74014336917563,-0.39258591839361556,-0.3148504726775041,1.6921247480311519,Restaurants,Consumer Cyclical,RUTH
2007Q3,2007,Q3,2007-11-06,2007-09-30,1780000.0,70224000.0,558000.0,0.08,15138000.0,0.2155673274,242797000.0,83453000.0,24091000.0,47567000.0,159344000.0,6712000.0,-84737000.0,328297277.15000004,422134277.15000004,3.5969227654010107,0.506464565770387,0.3923030350457378,1.1413610055959642,0.0021137101212333025,3.5969227654010107,0.02132937102321067,4.67500109862725,46.10916813904495,3.9339182192371753,0.0,8.207091775923718,0.0,0.2892292738378151,0.29434271658923206,0.00733122732158964,-51.79824505364469,0.21556732740943269,-0.6521739130434784,1.1795250344798665,-0.05313299725754548,0.0,-0.27541642734060884,-0.673394495412844,-0.8638692363991217,1.2720076279997974,-0.16083350941782462,0.0,Restaurants,Consumer Cyclical,RUTH
2007Q2,2007,Q2,2007-08-02,2007-07-01,5450000.0,78435000.0,4099000.0,0.23,20892000.0,0.2663606808,214933000.0,81139000.0,20536000.0,42224000.0,133794000.0,6437000.0,-86517000.0,389570966.40000004,463300966.40000004,3.499067737507864,0.4863584691170898,0.3512722569358823,0.9305019780869865,0.01771778156986011,3.499067737507864,0.06716868583541823,4.966800107095048,17.87022781651376,4.80127887205906,0.0,8.939412769923878,0.0,0.36492767513597263,0.2701307313376279,0.025356739076828592,996.3451826086957,0.26636068081851216,-0.20689655172413784,1.7498250444569063,-0.039447192651743686,0.0,-0.03416393139475753,-0.19982381441785346,-0.2732269503546099,2.9283214920812943,-0.1668468281526703,0.0,Restaurants,Consumer Cyclical,RUTH
2007Q1,2007,Q1,2007-05-09,2007-04-01,6811000.0,81499000.0,5640000.0,0.29,21631000.0,0.2654142996,215115000.0,75270000.0,26294000.0,44267000.0,139845000.0,6196000.0,-91960000.0,476103603.0,550304603.0,3.240964761192954,0.5939864910655793,0.37421844129884013,1.0694831938355254,0.024514446940619074,3.240964761192954,0.09048757805234489,5.841833678940846,17.47553967846131,6.325277042646473,0.0,9.662362814719174,0.0,0.37886246891197733,0.3707954006370434,0.031662134207284476,-42.86904403025392,0.26541429956195783,-0.21621621621621626,0.372489802392863,-0.05397893887754158,0.0,-0.19691850751809914,-0.3619672131147541,-0.39250323136579063,0.40768184860806445,-0.15611090791398802,0.0,Restaurants,Consumer Cyclical,RUTH
