Quarters,Year,Quarter,FillingDate,Date,NetIncome,Revenue,OperatingIncome,EPSDiluted,GrossProfit,GrossProfitRatio,TotalAssets,CommonStockEquity,CurrentAssets,CurrentLiability,TotalLiability,Inventory,RetainedEarnings,MarketCap,EnterpriseValue,bookValuePerShare,currentRatio,debtToAssets,debtToEquity,roic,shareholdersEquityPerShare,roe,priceToSalesRatio,peRatio,pbRatio,payoutRatio,inventoryTurnover,dividendYield,assetTurnover,quickRatio,returnOnAssets,priceToFreeCashFlowsRatio,grossProfitMargin,epsdilutedGrowth,fiveYNetIncomeGrowthPerShare,fiveYRevenueGrowthPerShare,fiveYShareholdersEquityGrowthPerShare,grossProfitGrowth,netIncomeGrowth,operatingIncomeGrowth,threeYNetIncomeGrowthPerShare,threeYRevenueGrowthPerShare,threeYShareholdersEquityGrowthPerShare,Industry,Sector,Symbol
2023Q1,2023,Q1,2023-05-04,2023-03-31,-174101000.0,319290000.0,-149807000.0,-1.4,264421000.0,0.8281530897,3391940000.0,-259240000.0,2541018000.0,673391000.0,3651180000.0,131879000.0,-6743450000.0,24861915520.0,25510011520.0,-2.08877537043453,3.773465935838168,0.3892583595228689,-5.093122203363678,-0.1109734755101149,-2.08877537043453,0.671582317543589,77.86625174606158,-35.70042033072757,-95.90308409196112,0.0,0.4160556267487621,0.0,0.09413197167402726,3.4008607183642194,-0.051327853676657015,-137.84147522260292,0.8281530896677002,0.16666666666666669,0.006833586374206244,10.745176486256609,-1.1190067687068785,-0.06818221863558036,0.16093073019330772,0.2057482477440699,0.13203660092106947,1.915852660936677,-1.17448335589274,Biotechnology,Healthcare,ALNY
2022Q4,2022,Q4,2023-02-23,2022-12-31,-207493000.0,335035000.0,-188614000.0,-1.68,283769000.0,0.846983151,3546359000.0,-158223000.0,2692247000.0,767915000.0,3704582000.0,128962000.0,-6569349000.0,29294164900.0,29748018900.0,-1.2835899599240665,3.50591797269229,0.37228267076175875,-8.344223026993546,-0.12901114679252662,-1.2835899599240665,1.3113959411716376,87.43613323981077,-35.295365265334254,-185.14479500451895,0.0,0.39752795397093715,0.0,0.09447295099001539,3.164893249903961,-0.05850874093683127,-190.7010793357333,0.8469831510140732,0.4939759036144578,-0.13783083142619126,5.890208087141732,-1.0698601050123893,0.2714234508714548,0.4888327749310209,0.2690513098744381,0.3189051590264049,3.2373111107108867,-1.0997024922787604,Biotechnology,Healthcare,ALNY
2022Q3,2022,Q3,2022-10-27,2022-09-30,-405920000.0,264306000.0,-258040000.0,-3.32,223190000.0,0.8444378864,3535255000.0,-67638000.0,2690847000.0,772791000.0,3602893000.0,115489000.0,-6361856000.0,24452746560.0,24703397560.0,-0.5536565001718973,3.481985426848915,0.37447906869518605,-19.57300629823472,-0.16496257055315858,-0.5536565001718973,6.001360182146131,92.51680461283512,-15.060077453685455,-361.5237966823383,0.0,0.3560165903246197,0.0,0.07476292374948908,3.170122322853139,-0.11482057164193248,-185.53763115164574,0.844437886389261,-0.44978165938864617,-1.4818904628972975,10.62083364618197,-1.0480161395286187,0.21292321069507092,-0.46329154079638935,-0.3461598656135555,-0.7319872022150815,2.3567104100835334,-1.0374485110172538,Biotechnology,Healthcare,ALNY
2022Q2,2022,Q2,2022-07-28,2022-06-30,-277402000.0,224818000.0,-191686000.0,-2.29,184010000.0,0.8184842851,3330417000.0,176040000.0,2471638000.0,657685000.0,3154377000.0,88976000.0,-5955936000.0,17632681600.0,18048098600.0,1.4561275807305452,3.758087838402883,0.2975528289700659,5.62926039536469,-0.13078078938995613,1.4561275807305452,-1.5757895932742558,78.43091567401187,-15.890910663946187,100.16292660758918,0.0,0.4586405322783672,0.0,0.06750445965174931,3.425475721660065,-0.08329347345993009,-126.96891858807264,0.8184842850661423,-0.14500000000000002,-0.7070201530872026,9.282883121533457,-0.8857650831750921,0.03590569266798775,-0.15420173836340867,-0.3063680724041109,-0.1351011500833325,3.51553760666018,-0.9100267709586018,Biotechnology,Healthcare,ALNY
2022Q1,2022,Q1,2022-04-28,2022-03-31,-240341000.0,213259000.0,-146732000.0,-2.0,177632000.0,0.8329402276,3433545000.0,401166000.0,2589677000.0,605963000.0,3032379000.0,78516000.0,-5678534000.0,19658972970.0,20120279970.0,3.3321372505045974,4.273655322189638,0.28990096241639474,2.481237193580712,-0.08589848654187673,3.3321372505045974,-0.599106105701879,92.18355600467038,-20.449042163010056,49.00458406245793,0.0,0.453754648734016,0.0,0.06211044270571669,3.9541952231406867,-0.06999791760410887,-103.98711978714852,0.8329402276105581,0.07407407407407414,-0.6006713074642643,7.03715931283205,-0.6550085133497745,-0.19576585427693088,0.07010369109339937,0.3434398575302256,-0.1566413849830585,4.607648297573429,-0.7729732097102465,Biotechnology,Healthcare,ALNY
2021Q4,2021,Q4,2022-02-10,2021-12-31,-258460000.0,258535000.0,-223486000.0,-2.16,220871000.0,0.8543175972,3643304000.0,588203000.0,2808576000.0,695710000.0,3055101000.0,86363000.0,-5438193000.0,20311105340.0,20488722340.0,4.910981606873001,4.036992425004671,0.2738151963163107,1.6959995103731196,-0.11632106085929463,4.910981606873001,-0.43940612339617446,78.56230429148857,-19.646275381103457,34.530774817537484,0.0,0.43611268714611584,0.0,0.07096168752319323,3.7862543301088096,-0.07094110181307955,-118.06928761182837,0.854317597230549,-0.2558139534883722,-0.6402671544365105,9.616230341351455,-0.5418780987623636,0.42525004839646385,-0.26377656297368396,-0.2301281945430627,-0.03145500068709735,9.372042160710922,-0.6187814057365392,Biotechnology,Healthcare,ALNY
2021Q3,2021,Q3,2021-10-28,2021-09-30,-204514000.0,187633000.0,-181677000.0,-1.72,154970000.0,0.8259208135029552,3472313000.0,755893000.0,2675362000.0,610656000.0,2716420000.0,97899000.0,-5179733000.0,22495012210.0,22161462210.0,6.344524554939106,4.381127836294084,0.21900128243047215,1.0060167245893268,-0.09871224224119304,6.344524554939106,-0.27055945748935367,119.88835764497716,-27.498132413917872,29.75951915152012,0.0,0.3336397716013442,0.0,0.05403689125951491,4.04307662579259,-0.058898492157821024,-140.50776530624992,0.8259208135029552,-0.06832298136645955,-0.4138195103353671,8.888841384540184,-0.46419269696073134,-0.14757038031221464,-0.07889364261259027,-0.2430008210180624,0.2946845371880402,75.71402550273592,-0.5674095128873738,Biotechnology,Healthcare,ALNY
2021Q2,2021,Q2,2021-08-03,2021-06-30,-189559000.0,220553000.0,-146160000.0,-1.61,181798000.0,0.8242825987404389,3509429000.0,853362000.0,2725163000.0,554648000.0,2656067000.0,84358000.0,-4975219000.0,19964709440.0,19980014440.0,7.245881873450395,4.913319799224013,0.21686490879285492,0.8918512893707476,-0.07573951555995898,7.245881873450395,-0.22213199087843144,90.5211420384216,-26.33046893051768,23.3953579371943,0.0,0.45941108134379666,0.0,0.06284583617448879,4.591504882375849,-0.054014200030831225,-149.99556310198193,0.8242825987404389,0.05847953216374261,-0.5276801541040617,17.394892718146213,-0.43572223772049606,0.24090809807240757,0.05358203813451428,0.2152651755130091,0.010824351881784095,5.294282454996647,-0.5506244439250689,Biotechnology,Healthcare,ALNY
2021Q1,2021,Q1,2021-04-29,2021-03-31,-200291000.0,177566000.0,-186254000.0,-1.71,146504000.0,0.8250678620907156,3255269000.0,926190000.0,1970083000.0,494825000.0,2329079000.0,73940000.0,-4785660000.0,16530525200.0,16669504200.0,7.910744789887256,3.981373212751983,0.15928698980022848,0.559844092464829,-0.10566660834000169,7.910744789887256,-0.21625260475712327,93.09510379239269,-20.633135288155735,17.84787700147918,0.0,0.42009737625101434,0.0,0.054547258613650666,3.6783974132268984,-0.06152824851033816,-65.37990808343683,0.8250678620907156,0.18181818181818177,-0.4167168251360003,16.60829118023482,-0.4326529447036203,0.04245115200159388,0.17758479099942515,0.0410252185643233,-0.21118296723909866,5.924072438624925,-0.5492898907011673,Biotechnology,Healthcare,ALNY
2020Q4,2020,Q4,2021-02-11,2020-12-31,-243540000.0,163562000.0,-194222000.0,-2.09,140538000.0,0.8592338073635686,3407061000.0,1016247000.0,2114777000.0,585270000.0,2390814000.0,75202000.0,-4585369000.0,15112131780.0,15136740780.0,8.74010526858971,3.6133357253916993,0.15297319302472132,0.5128566185189231,-0.10398440095745957,8.74010526858971,-0.23964646390100044,92.39390432985657,-15.512987373737372,14.870530274628118,0.0,0.3061620701577086,0.0,0.048006771818878496,3.3776000820134295,-0.07148096262438507,-104.35690260475651,0.8592338073635686,0.04295571907224401,-0.9594725288676044,14.810829243189303,-0.41347887803054506,0.3505996770969478,0.03849722256219131,0.13755389677574056,-0.41581086078427126,2.5660322118068817,-0.5243148583686846,Biotechnology,Healthcare,ALNY
2020Q3,2020,Q3,2020-11-05,2020-09-30,-253291000.0,125853000.0,-225199000.0,-2.183807,104056000.0,0.8268058766974168,3307283000.0,1215023000.0,2054702000.0,480241000.0,2092260000.0,66942000.0,-4341829000.0,16887561600.0,16720311600.0,10.475600503509044,4.2784810126582276,0.0996146988328486,0.27115042266689604,-0.12057403782174599,10.475600503509044,-0.2084660125775397,134.18481561822125,-16.668142176390003,13.89896454635015,0.0,0.32561022975112786,0.0,0.03805329026877954,3.983404165825075,-0.0765858258878965,-137.5836016424428,0.8268058766974168,-0.3998762820512819,-1.4067885924420862,13.521312634865865,-0.3291625196250307,0.2382754394107077,-0.41322553827784564,-0.13245565953766236,-0.6311980815783531,4.828255975433952,-0.09149825701244432,Biotechnology,Healthcare,ALNY
2020Q2,2020,Q2,2020-08-06,2020-06-30,-179229000.0,103962000.0,-198859000.0,-1.56,84033000.0,0.8083049575806545,3374367000.0,1399726000.0,2160446000.0,384302000.0,1974641000.0,77418000.0,-4088538000.0,17019468210.000002,16753704210.000002,12.180957436624865,5.621740193909998,0.09337010467444709,0.22509048199433318,-0.09869724529462344,12.180957436624865,-0.12804577467304315,163.7085493738097,-23.73983592220009,12.159142725076196,0.0,0.2574207548632101,0.0,0.03080933401731347,5.190394533465868,-0.05311485087425286,-111.97902604152961,0.8083049575806545,0.03703703703703707,-0.8328444371203857,7.787062829987115,-0.2705541780006181,-0.0248450808828649,0.01641962232673512,0.0537643106615023,-0.16034642899237014,4.0027496833870355,-0.044389600173311186,Biotechnology,Healthcare,ALNY
2020Q1,2020,Q1,2020-05-06,2020-03-31,-182221000.0,99476000.0,-210158000.0,-1.62,86174000.0,0.8662793035506051,2279624000.0,1349729000.0,1584773000.0,338791000.0,929895000.0,68300000.0,-3909309000.0,12272619800.0,12109665800.0,11.971201262993578,4.6777305182251006,0.13371722705147868,0.22584163191277656,-0.1075969757107602,11.971201262993578,-0.13500561964661054,123.37267079496561,-16.83754863599695,9.09265474773084,0.0,0.1947584187408492,0.0,0.0436370208420336,4.184807152492245,-0.07993467343737388,-46.176206458021355,0.8662793035506051,0.3441295546558705,-1.6123306166515488,2.906390155870264,-0.3434561931033305,0.4481808251407445,0.34022122852435865,0.2949445270118394,-0.29588096808208286,3.0031873159799707,0.23943349574925116,Biotechnology,Healthcare,ALNY
2019Q4,2019,Q4,2020-02-13,2019-12-31,-276185000.0,71681000.0,-298073000.0,-2.47,59505000.0,0.830136298321731,2395134000.0,1438692000.0,1715864000.0,352594000.0,956442000.0,56348000.0,-3727088000.0,12870247500.0,12626892500.0,12.874201342281879,4.866401583691157,0.12685010525507132,0.21118001629257688,-0.145452059297242,12.874201342281879,-0.19196951119489092,179.54893904939942,-11.650023987544582,8.94579764119075,0.0,0.21608575282175055,0.0,0.029927761870525826,4.478729076501585,-0.11531087613469643,-54.81716251038184,0.830136298321731,-0.2864583333333335,-7.892220120254583,1.0551793651800454,0.058202321237410384,-0.08239267209474463,-0.32440597501618434,-0.3780600002773938,-0.8785931396092881,2.154760821221599,0.20097244664651565,Biotechnology,Healthcare,ALNY
2019Q3,2019,Q3,2019-10-31,2019-09-30,-208535000.0,70061000.0,-216299000.0,-1.92,64848000.0,0.9255934114557315,2541622000.0,1607087000.0,1897265000.0,352864000.0,934535000.0,54562000.0,-3450903000.0,8741734420.0,8123051420.0,14.784473003928207,5.376759884828149,0.11985299151486728,0.18954854342048688,-0.09740932036458555,14.784473003928207,-0.1297596209788269,124.77318936355462,-10.479936725249958,5.439490469402092,0.0,0.09554268538543309,0.0,0.027565468035766136,5.013736170309241,-0.08204799926975766,-39.97317856326307,0.9255934114557315,0.04950495049504955,-2.332269819312091,3.488444149371767,0.2489546603501097,0.6056254332970189,0.04987219850465416,0.08453005235513457,-0.5800745770376735,3.0470653938837566,0.2485771847040599,Biotechnology,Healthcare,ALNY
2019Q2,2019,Q2,2019-08-06,2019-06-30,-219481000.0,44714000.0,-236271000.0,-2.02,40388000.0,0.9032517779666324,2716411000.0,1757195000.0,2063773000.0,328604000.0,959216000.0,40587000.0,-3242368000.0,7818557760.000001,7018826760.000001,16.184009357500738,6.280425679541333,0.12389804046589416,0.19153138951567697,-0.09886592977972239,16.184009357500738,-0.12490417967271703,174.85704164243865,-8.905734163777275,4.449453680439564,0.0,0.10658585261290561,0.0,0.016460690226920743,5.957231196211854,-0.08079815609640809,29.233608249735468,0.9032517779666324,-0.16763005780346824,-2.478166085233886,3.2810872538854037,0.30250952713722784,0.34864928039536514,-0.20650303713272683,-0.2515149267961947,-0.918638568574845,3.0451629849970745,0.2603402518087694,Biotechnology,Healthcare,ALNY
2019Q1,2019,Q1,2019-05-02,2019-03-31,-181915000.0,33294000.0,-188788000.0,-1.73,29947000.0,0.8994713762239442,2013999000.0,1546986000.0,1392013000.0,149163000.0,467013000.0,32001000.0,-3022887000.0,9678882000.0,9283200000.0,14.677286527514232,9.332160120137031,0.16349412288685347,0.21285066574616707,-0.08711033774121263,14.677286527514232,-0.1175931779602401,290.70949720670393,-13.30137976527499,6.256606071418875,0.0,0.10459048154745164,0.0,0.016531289240957914,8.570074348196268,-0.09032526828464166,-41.619038609557144,0.8994713762239442,0.17224880382775115,0.5337779372487811,1.5876013506308864,0.04182478934386593,0.5462102437009501,0.13964179132713145,0.14325908983644647,-0.4293290827746758,2.667460777639851,0.05263353986231973,Biotechnology,Healthcare,ALNY
2018Q4,2018,Q4,2019-02-14,2018-12-31,-211441000.0,21033000.0,-220356000.0,-2.09,19368000.0,0.9208386820710313,1574802000.0,1301965000.0,1200696000.0,179494000.0,272837000.0,24068000.0,-2840972000.0,7368722060.0,6978576060.0,12.88232442166505,6.689337805163404,0.019050013906510153,0.023042094065508674,-0.1657197180841062,12.88232442166505,-0.1624014470435073,350.34099082394334,-8.712503795385,5.659692894970295,0.0,0.06917899285358152,0.0,0.013355964749854267,6.144578648868486,-0.1342651330135471,-39.20158567856573,0.9208386820710313,0.13991769547325114,-3.067510281677413,0.20697781032820162,1.997681302335615,9.024844720496894,0.13796772694286577,0.13435837805136747,-0.9572018482751213,1.3391118731532823,-0.13550750921462526,Biotechnology,Healthcare,ALNY
2018Q3,2018,Q3,2018-11-07,2018-09-30,-245282000.0,2069000.0,-254558000.0,-2.43,1932000.0,0.9337844369260513,1675654000.0,1478119000.0,1342120000.0,121503000.0,197535000.0,11081000.0,-2629531000.0,8902162390.0,8615554390.0,14.66635246023635,11.045982403726656,0.017903457396335996,0.02029606547240107,-0.1690985050019322,14.66635246023635,-0.16594198437338264,4302.640111164814,-9.073395510065966,6.022629023779547,0.0,0.012363505098817796,0.0,0.0012347417784339726,10.207122457881699,-0.14637986123626953,-44.685756687431294,0.9337844369260513,-0.49079754601227016,-4.117085184201531,-0.8574848139380076,2.076177507907441,0.0,-0.499645390070922,-0.32338292939060276,-1.682267910238662,-0.7252605128410015,-0.06079475563997763,Biotechnology,Healthcare,ALNY
2018Q2,2018,Q2,2018-08-02,2018-06-30,-163560000.0,29907000.0,-192354000.0,-1.63,0.0,0.0,1789389000.0,1620802000.0,1502559000.0,113659000.0,168587000.0,0.0,-2384249000.0,9900116310.0,9568659310.0,16.12433470289199,13.219885798748889,0.016765499284951454,0.01850935524511939,-0.1165778527587753,16.12433470289199,-0.10091300479639093,331.0300702176748,-15.13223940755686,6.108158991659685,0.0,0.0,0.0,0.016713526237168107,12.762975215337105,-0.09140550210155533,-78.95144391722158,0.0,-0.15602836879432624,-4.522153584457565,1.1118615028041303,2.226227312776906,0.0,-0.15824210064157945,-0.30493538211051185,-0.9120879764817582,1.8897175885135424,-0.03440853128839047,Biotechnology,Healthcare,ALNY
2018Q1,2018,Q1,2018-05-04,2018-03-31,-141214000.0,21899000.0,-147405000.0,-1.41,0.0,0.0,1923139000.0,1754805000.0,1685297000.0,115383000.0,168334000.0,0.0,-2220689000.0,11907498900.0,11541349900.0,17.55173586453155,14.606111818898798,0.01559949644825465,0.017095916640310464,-0.08255260952528604,17.55173586453155,-0.08047275908149339,543.7462395543175,-21.08059204469812,6.78565361963295,0.0,0.0,0.0,0.011387112424010953,14.028340396765556,-0.0734289097147944,-67.30404474313394,0.0,0.04729729729729734,-8.27306242354831,-0.3047410640710464,2.3335543732488717,0.0,0.0071224169813045345,-0.0006924502555956091,-1.2830084973062257,-0.030201194168561443,-0.03739957010273063,Biotechnology,Healthcare,ALNY
2017Q4,2017,Q4,2018-02-15,2017-12-31,-142227000.0,37924000.0,-147303000.0,-1.48,0.0,0.0,1994730000.0,1766431000.0,1764740000.0,144251000.0,228299000.0,0.0,-2147685000.0,12214459950.0,11599098950.0,18.37371930226027,12.233814670262252,0.015039629423531004,0.016983397596622794,-0.08199758298537489,18.37371930226027,-0.080516589665829,322.0773112013501,-21.470009122740407,6.914767658629179,0.0,0.0,0.0,0.019012096875266327,11.955688348780944,-0.07130137913401814,-98.6851626377533,0.0,-0.10447761194029843,-0.2327688404544863,1.406339741516479,6.1027467342202675,0.0,-0.15690963664315868,-0.1709300476947536,-4.322799384083896,0.26388553849810886,0.5102383362267853,Biotechnology,Healthcare,ALNY
2017Q3,2017,Q3,2017-11-07,2017-09-30,-122937000.0,17096000.0,-125800000.0,-1.34,0.0,0.0,1358281000.0,1058835000.0,993368000.0,101045000.0,299446000.0,0.0,-2005458000.0,10788871720.0,10736826720.0,11.530633358017162,9.830946607946954,0.110433702599094,0.14166513196107042,-0.10406713902228179,11.530633358017162,-0.1161059088526541,631.075790828264,-21.939838535184684,10.189379572832404,0.0,0.0,0.0,0.01258649719756074,9.529793656291751,-0.09050925397616547,-86.97827105553809,0.0,0.0,-2.53825883593699,-0.4274247791857407,2.354661913179728,0.0,-0.038143894612396555,-0.04420870893304779,-1.325424416450135,0.2964996884044385,-0.025921433556841168,Biotechnology,Healthcare,ALNY
2017Q2,2017,Q2,2017-08-09,2017-06-30,-118420000.0,15932000.0,-120474000.0,-1.34,0.0,0.0,1434283000.0,1122966000.0,960709000.0,108726000.0,311317000.0,0.0,-1882521000.0,7026696480.0,6768025480.0,12.746781992780766,8.836055773228114,0.10458187122067263,0.1335748366379748,-0.09464039102379797,12.746781992780766,-0.1054528810311265,441.0429625910118,-14.834268873501099,6.257265562804218,0.0,0.0,0.0,0.011107989148585042,8.633408752276365,-0.08256390126634702,-68.4196346640701,0.0,-0.07200000000000006,-4.320299544885708,-0.5559431431701778,2.471588482422035,0.0,-0.10373753378693261,-0.13109444094976105,-1.3128434168686351,0.8799601496812752,0.025877124709111174,Biotechnology,Healthcare,ALNY
2017Q1,2017,Q1,2017-05-05,2017-03-31,-107290000.0,18960000.0,-106511000.0,-1.25,0.0,0.0,1133926000.0,830901000.0,597188000.0,95786000.0,303025000.0,0.0,-1764101000.0,4408883750.0,4387804750.0,9.658607181466284,6.23460630989915,0.13228376454900936,0.18052692197987485,-0.10858486228477696,9.658607181466284,-0.1291248897281385,232.5360627637131,-10.273286769503216,5.306148085030587,0.0,0.0,0.0,0.016720667838994785,6.045361535088635,-0.0946181673230881,-32.30377449040899,0.0,0.05303030303030307,-4.0696312452581145,-0.5052948188009053,1.2612663916726128,0.0,0.049976092230860504,0.0772915890603207,0.663109015663875,0.8054088196929109,-0.31441166776142,Biotechnology,Healthcare,ALNY
2016Q4,2016,Q4,2017-02-15,2016-12-31,-112934000.0,17454000.0,-115433000.0,-1.32,0.0,0.0,1262810000.0,920221000.0,671877000.0,131699000.0,342589000.0,0.0,-1656811000.0,3213961920.0,3170344920.0,10.719814079191082,5.101610490588387,0.11878271473935113,0.16300432178791835,-0.10785903098518904,10.719814079191082,-0.12272486717864513,184.138989343417,-7.114690704305169,3.4925978868119723,0.0,0.0,0.0,0.013821556687070897,4.9365067312584,-0.08943071404249253,-32.7234047405718,0.0,-0.090909090909091,-3.250388753802068,-0.5406681402676553,3.198094939696941,0.0,-0.08516301371179291,-0.0820896921519367,-1.5577868879680379,0.1792156286402693,1.4944711201079788,Biotechnology,Healthcare,ALNY
2016Q3,2016,Q3,2016-11-03,2016-09-30,-104071000.0,13651000.0,-106676000.0,-1.21,0.0,0.0,1312910000.0,1014968000.0,747564000.0,81761000.0,297942000.0,0.0,-1543877000.0,5809830480.0,5791349480.0,11.841056512203089,9.143283472560267,0.11425002475417204,0.14778791055481552,-0.09156989719889301,11.841056512203089,-0.10253623759566804,425.59742729470366,-13.956410719604886,5.72415138211254,0.0,0.0,0.0,0.01039751391946135,8.90744976211152,-0.07926742884127624,-60.62389632072125,0.0,-0.1523809523809523,-2.912352948075888,-0.6732715468339857,2.949765974611611,0.0,-0.15468938965260903,-0.15387777176852352,-1.5527723153906747,0.10558084541419695,1.4835890049319786,Biotechnology,Healthcare,ALNY
2016Q2,2016,Q2,2016-08-04,2016-06-30,-90129000.0,8709000.0,-92450000.0,-1.05,0.0,0.0,1382162000.0,1098482000.0,888068000.0,70575000.0,283680000.0,0.0,-1439806000.0,4746892050.0,4625816050.0,12.840984277280963,12.583322706340772,0.108525628688967,0.13655207823159596,-0.07404992623041422,12.840984277280963,-0.08204868172623675,545.0559249052704,-13.166938637952269,4.32131983045694,0.0,0.0,0.0,0.006300998001681424,12.269443854055968,-0.06520870925405271,-57.35108615544467,0.0,0.13223140495867763,-2.2298838234303258,-0.7907034387968143,2.985236817649742,0.0,0.12474022568803776,0.15975933398771222,-2.57560438043241,-0.2773726377121002,1.5692802191009052,Biotechnology,Healthcare,ALNY
2016Q1,2016,Q1,2016-05-04,2016-03-31,-102974000.0,7345000.0,-110028000.0,-1.21,0.0,0.0,1316949000.0,1189051000.0,1050074000.0,66369000.0,127898000.0,0.0,-1349677000.0,5352837290.0,5121559290.0,13.943396226415095,15.821754132200274,0.0,0.0,-0.0925342983606254,13.943396226415095,-0.08660183625429019,728.7729462219197,-12.995603963136327,4.5017726657645465,0.0,0.0,0.0,0.005577285073302004,15.40550558242553,-0.07819133466823697,-56.08647712151217,0.0,-0.130841121495327,-2.139858261535817,-0.8254667881324737,3.0560917873388003,0.0,-0.1350624441970437,-0.18933759944655829,-6.927748906679677,-0.7266047462131325,1.6482320510780095,Biotechnology,Healthcare,ALNY
2015Q4,2015,Q4,2016-02-12,2015-12-31,-90721000.0,7551000.0,-92512000.0,-1.07,0.0,0.0,1386510000.0,1264714000.0,1105388000.0,62099000.0,121796000.0,0.0,-1246703000.0,7989755940.0,7808860940.0,14.90160361018487,17.800415465627466,0.0,0.0,-0.07314855374416666,14.90160361018487,-0.07173242329886441,1058.1056734207389,-22.01738280001323,6.317440891774741,0.0,0.0,0.0,0.005446047990998983,17.53376060806132,-0.06543119054316233,-142.260134608194,0.0,-0.17582417582417587,-5.531567388674056,-0.8222230942775282,2.987843274622097,0.0,-0.18138608188352953,-0.1810545129579982,0.1092666585325609,-0.45726534017845966,4.760527557633102,Biotechnology,Healthcare,ALNY
2015Q3,2015,Q3,2015-11-09,2015-09-30,-76792000.0,6324000.0,-78330000.0,-0.91,0.0,0.0,1436144000.0,1321604000.0,1041793000.0,57112000.0,114540000.0,0.0,-1155982000.0,6801107880.0,6651889880.0,15.615705457681992,18.241227762992015,0.0,0.0,-0.059268888411354685,15.615705457681992,-0.05810515101346546,1075.4440037950665,-22.14132943535785,5.146101161921423,0.0,0.0,0.0,0.00440345814904355,17.935635243031236,-0.05347096112924609,-111.78310837908025,0.0,-0.07058823529411772,-2.96889171435562,-0.8862389340796837,3.0946717939402184,0.0,-0.06977975286627754,-0.07383746435621846,-1.3980506819054799,-0.7701919216253451,3.543151336079506,Biotechnology,Healthcare,ALNY
2015Q2,2015,Q2,2015-08-07,2015-06-30,-71783000.0,8685000.0,-72944000.0,-0.85,0.0,0.0,1530771000.0,1408604000.0,1029150000.0,66598000.0,122167000.0,0.0,-1079190000.0,10111394110.0,9960132110.0,16.69892001470013,15.453166761764617,0.0,0.0,-0.05209740738832225,16.69892001470013,-0.05096038347186292,1164.2365123776626,-35.215141851134675,7.1783085309994865,0.0,0.0,0.0,0.0056736115330117964,15.2261779633022,-0.04689336288706802,-178.26858444992948,0.0,-0.3709677419354838,-1.4421570930375858,-0.8375699407615534,3.2374475781510115,0.0,-0.413691238159009,-0.3968059438550802,-2.3682021523752375,-0.7471845435849133,3.54795401888512,Biotechnology,Healthcare,ALNY
2015Q1,2015,Q1,2015-05-08,2015-03-31,-50777000.0,18537000.0,-52222000.0,-0.62,0.0,0.0,1628790000.0,1496510000.0,1090186000.0,80693000.0,132280000.0,0.0,-1007407000.0,8570167080.0,8263587080.0,18.23366717839998,13.510292094729406,0.0,0.0,-0.0346021513476028,18.23366717839998,-0.03393027777963395,462.3276193558828,-42.195123185694314,5.7267690025459235,0.0,0.0,0.0,0.011380840992393126,13.346634776250728,-0.03117467567949214,-302.13880063458487,0.0,-1.214285714285714,-1.1020737592947862,-0.6150203953468707,3.4430171958308047,0.0,-1.373977278040114,-0.14241337066853343,-1.5148572711463062,-0.49303642813307347,3.2688534705684678,Biotechnology,Healthcare,ALNY
2014Q4,2014,Q4,2015-02-13,2014-12-31,-21389000.0,24019000.0,-45712000.0,-0.28,0.0,0.0,1079595000.0,936267000.0,746367000.0,95334000.0,143328000.0,0.0,-956630000.0,7464829000.0,7389650000.0,12.166105747365412,7.828969727484423,0.0,0.0,-0.024017701985361666,12.166105747365412,-0.022844979049779602,310.78850077022355,-87.25079480106598,7.972970317227885,0.0,0.0,0.0,0.02224815787401757,7.726813099209097,-0.01981205915181156,-185.87258783396828,0.0,0.5172413793103448,-0.4936612273715182,-0.5092008227421359,1.8623316249947452,0.0,0.513764804837573,-0.011349808624084603,0.10205201337993497,-0.29491207454999513,3.764491864926699,Biotechnology,Healthcare,ALNY
2014Q3,2014,Q3,2014-11-06,2014-09-30,-43989000.0,10972000.0,-45199000.0,-0.58,0.0,0.0,986357000.0,904478000.0,643017000.0,56849000.0,81879000.0,0.0,-935241000.0,5967464800.0,5884743800.0,11.837477751020835,11.310964133054231,0.0,0.0,-0.05004869988651729,11.837477751020835,-0.04863468210393177,543.8812249362012,-33.91452863215803,6.5976892749187925,0.0,0.0,0.0,0.011123761477842201,11.122763812907879,-0.044597442913671216,-135.93004259584063,0.0,0.0,-1.6077101144152646,-0.7530139081278757,1.7124206659647894,0.0,0.0019285746698733948,-0.004310632151983113,-0.8551347174309154,-0.7054009425091269,2.9485722239412753,Biotechnology,Healthcare,ALNY
2014Q2,2014,Q2,2014-08-08,2014-06-30,-44074000.0,7295000.0,-45005000.0,-0.58,0.0,0.0,1032659000.0,942269000.0,665121000.0,53745000.0,90390000.0,0.0,-891252000.0,4790496950.0,4709769950.0,12.42525219225951,12.375495394920458,0.0,0.0,-0.04742343072597826,12.42525219225951,-0.04677432877447948,656.6822412611377,-27.17303257022281,5.084001436956963,0.0,0.0,0.0,0.007064287436607825,12.1844078518932,-0.04268011027841717,-98.81999608061555,0.0,0.8432432432432432,-0.06293327236391116,-0.8376470482482541,1.7964596601436176,0.0,0.8243664896012242,0.8327349626854578,-0.7816802084172753,-0.8022374569689243,2.8562131559326978,Biotechnology,Healthcare,ALNY
2014Q1,2014,Q1,2014-05-09,2014-03-31,-250943000.0,8275000.0,-269064000.0,-3.7,0.0,0.0,1080297000.0,954973000.0,674063000.0,83831000.0,125324000.0,0.0,-847178000.0,4551152040.0,4200563040.0,14.088056530847078,8.040736720306331,0.0,0.0,-0.2630203305880203,14.088056530847078,-0.262774968506963,549.9881619335348,-4.534049604890353,4.765738968536283,0.0,0.0,0.0,0.0076599305561341,7.94042776538512,-0.23229074967346944,-108.19846515940375,0.0,-6.254901960784315,-18.42687622205599,-0.7983079533433194,1.934586464600381,0.0,-6.755447043916309,-8.092457420924575,-8.626079689408144,-0.7526304781207519,3.098173032340568,Biotechnology,Healthcare,ALNY
2013Q4,2013,Q4,2014-02-20,2013-12-31,-32357000.0,10847000.0,-29592000.0,-0.51,0.0,0.0,420530000.0,270347000.0,254028000.0,53864000.0,150183000.0,0.0,-596235000.0,4045048700.0,3991879700.0,4.297429620563036,4.716099806921135,0.0,0.0,-0.12073136633400969,4.297429620563036,-0.11968692088316127,372.91865953719923,-31.253273634762184,14.962432355454284,0.0,0.0,0.0,0.025793641357334793,4.643509579682163,-0.07694338097163103,-174.00304125263474,0.0,-0.06250000000000006,-1.2671864331738147,-0.7075001195455093,-0.11980562096876138,0.0,-0.08997507242471199,0.08196314450580133,-2.142855181665209,-0.6554699950657663,0.15004238864675348,Biotechnology,Healthcare,ALNY
2013Q3,2013,Q3,2013-11-07,2013-09-30,-29686000.0,8991000.0,-32234000.0,-0.48,0.0,0.0,447503000.0,297582000.0,199164000.0,54895000.0,149921000.0,0.0,-563878000.0,3995248160.0000005,3983408160.0000005,4.76771981543194,3.6280899899808725,0.0,0.0,-0.10062521329181531,4.76771981543194,-0.09975737779838835,444.3608230452675,-33.645895034696494,13.425705049364547,0.0,0.0,0.0,0.020091485420209474,3.5410875307405045,-0.06633698545037688,-176.27390955217297,0.0,-0.6551724137931035,-5.85581543077451,-0.7693941291275936,-0.03979940438924284,0.0,-0.6338818867301448,-0.5124812312312312,-1.0804091590062777,-0.7806924456737312,0.2501675254162311,Biotechnology,Healthcare,ALNY
2013Q2,2013,Q2,2013-08-09,2013-06-30,-18169000.0,8687000.0,-21312000.0,-0.29,0.0,0.0,462558000.0,308175000.0,214359000.0,53066000.0,154383000.0,0.0,-534192000.0,2034196390.0000002,2009221390.0000002,4.997891698156047,4.039479139185166,0.0,0.0,-0.059682064446812066,4.997891698156047,-0.05895676158027095,234.1655796017037,-27.989933265452144,6.600783288715827,0.0,0.0,0.0,0.01878034754560509,3.96023819394716,-0.039279398475434435,-84.82533630791043,0.0,-0.9333333333333332,0.05533454510273802,-0.7581819069265968,0.026534016780561023,0.0,-1.015865971374681,-1.1738066095471236,0.15438440042310028,-0.7777425278781793,0.26824393754620296,Biotechnology,Healthcare,ALNY
2013Q1,2013,Q1,2013-05-07,2013-03-31,-9013000.0,18642000.0,-9804000.0,-0.15,0.0,0.0,471578000.0,311556000.0,240111000.0,49750000.0,160022000.0,0.0,-516023000.0,1392340690.0,1294536690.0,5.265171615432714,4.82635175879397,0.0,0.0,-0.029620867374127214,5.265171615432714,-0.028928988689031827,74.68837517433752,-38.62034533451681,4.46899013339496,0.0,0.0,0.0,0.039531106200882994,4.755155778894473,-0.019112426788357388,-502.6500685920578,0.0,0.8750000000000001,-4.007867834274862,-0.42170311385537973,0.05754112639423235,0.0,0.8550685019617933,0.8890310020486932,0.48247385434960816,-0.46300185216142864,0.2829700025500073,Biotechnology,Healthcare,ALNY
2012Q4,2012,Q4,2013-02-19,2012-12-31,-62188000.0,8495000.0,-88349000.0,-1.2,0.0,0.0,287520000.0,134053000.0,125456000.0,48345000.0,153467000.0,0.0,-507010000.0,945733250.0,894328250.0,2.586847031126377,2.595014996380184,0.0,0.0,-0.563299025751497,2.586847031126377,-0.4639060670033494,111.328222483814,-3.801912145429987,7.054920441914765,0.0,0.0,0.0,0.029545770728992764,2.5424759540800497,-0.216291040623261,-13.58851188252536,0.0,-2.1578947368421053,-30.41359870856011,-0.6337297342078382,-0.47090998222624064,-1.0,-2.1888011486001435,-3.8685182123767015,-5.449269968692597,-0.7422167901976877,-0.3913899632328749,Biotechnology,Healthcare,ALNY
2012Q3,2012,Q3,2012-11-05,2012-09-30,-19502000.0,16759000.0,-18147000.0,-0.38,16759000.0,1.0,322352000.0,177160000.0,235933000.0,54758000.0,145192000.0,0.0,-444822000.0,971566700.0000001,895728700.0000001,3.437196849171549,4.3086489645348625,0.0,0.0,,3.437196849171549,-0.11008128245653646,57.972832507906205,-12.454705927597171,5.484120004515693,0.0,0.0,0.0,0.05198975033503747,4.20493809123781,-0.06049908174914379,-1879.239264990329,1.0,-0.52,0.7202998612060016,-0.22224525751475732,-0.3047575243531775,-0.1975196322543574,-0.5052485334979933,-0.5038534847103672,-0.7138465703794035,-0.4407417933716064,-0.21240622683510715,Biotechnology,Healthcare,ALNY
2012Q2,2012,Q2,2012-08-08,2012-06-30,-12956000.0,20884000.0,-12067000.0,-0.25,20884000.0,1.0,318477000.0,188287000.0,240342000.0,57064000.0,130190000.0,0.0,-425320000.0,597412000.0,549138000.0,3.671743369734789,4.21179728024674,0.0,0.0,,3.671743369734789,-0.06880984879465922,28.60620570771883,-11.527709169496758,3.172879699607514,0.0,0.0,0.0,0.06557459408371719,4.090302116921351,-0.04068111668974526,-25.569765451121384,1.0,0.0,0.25277408007517216,0.6736978569255547,-0.23124217303717529,0.014426579880507115,-0.13969035890218157,-0.10777563572936748,0.5379210886874379,-0.3126621630045479,-0.17362786227714117,Biotechnology,Healthcare,ALNY
2012Q1,2012,Q1,2012-05-03,2012-03-31,-11368000.0,20587000.0,-10893000.0,-0.25,20587000.0,1.0,340295000.0,197378000.0,208539000.0,66638000.0,142917000.0,0.0,-412364000.0,511544700.0,449805700.0,4.271326552694222,3.129430655181728,0.0,0.0,,4.271326552694222,-0.05759507138586874,24.847947734006897,-11.249663529204785,2.591700696126215,0.0,0.0,0.0,0.0604975095138042,3.0206038596596536,-0.033406309231696026,-16.78406391495505,1.0,0.19229775135693983,0.5752011549111744,1.3072423346293047,-0.1598820102748597,0.006453189929112687,0.20520170593581766,0.19821875460032387,-0.2909695274476097,-0.26393210798142397,-0.11026925112210637,Biotechnology,Healthcare,ALNY
2011Q4,2011,Q4,2012-02-13,2011-12-31,-14303000.0,20455000.0,-13586000.0,-0.30952,20455000.0,1.0,281917000.0,117997000.0,152028000.0,80990000.0,163920000.0,0.0,-400996000.0,376611500.0,306383500.0,2.5534949145206665,1.877120632176812,0.0,0.0,-0.11513852047085943,2.5534949145206665,-0.12121494614269854,18.41170862869714,-6.582736139271482,3.191704026373552,0.0,0.0,0.0,0.07255681636793808,1.8257809606124213,-0.05073479073628054,-14.663843787719504,1.0,0.0015483870967741304,-0.37102214664660177,1.3699473523848282,-0.5255876707470925,-0.016160838824491368,-0.08053184256251417,-0.09229779707348448,-0.36434102084513814,-0.24908228528207693,-0.47699623517011225,Biotechnology,Healthcare,ALNY
2011Q3,2011,Q3,2011-11-03,2011-09-30,-13237000.0,20791000.0,-12438000.0,-0.31,20791000.0,1.0,310223000.0,127873000.0,179957000.0,93927000.0,182350000.0,0.0,-386693000.0,280236780.0,205900780.0,2.9979134430534065,1.9159240686916434,0.0,0.0,-0.09726838347422834,2.9979134430534065,-0.10351677054577589,13.478754268673946,-5.292679232454485,2.191524246713536,0.0,0.0,0.0,0.06701953111149077,1.8636600764423434,-0.04266930562853173,-9.56766063502902,1.0,0.060606060606060656,-0.34710256254284944,0.9068746243668419,-0.08091493726904267,0.008586397593868245,0.04246238425925926,0.05183717030035066,-3.473353008632975,-0.21967789702402366,-0.39623166103594015,Biotechnology,Healthcare,ALNY
2011Q2,2011,Q2,2011-08-03,2011-06-30,-13824000.0,20614000.0,-13118000.0,-0.33,20614000.0,1.0,340828000.0,136551000.0,224334000.0,100534000.0,204277000.0,0.0,-373456000.0,397091229.99999994,329981229.99999994,3.222138323226126,2.2314241947997693,0.0,0.0,-0.09606667106062936,3.222138323226126,-0.10123690049871477,19.263181818181817,-7.181192672164351,2.9080067520560084,0.0,0.0,0.0,0.0604821200136139,2.180923866552609,-0.04056004788338986,-14.678269692825193,1.0,0.13157894736842102,-0.053646770056252444,1.586000556606821,-0.06301363839432136,-0.013542613772311815,0.1511206631869819,0.16317938249553457,-0.0457806296532537,-0.16508723436941247,-0.33819402353511663,Biotechnology,Healthcare,ALNY
2011Q1,2011,Q1,2011-05-05,2011-03-31,-16285000.0,20897000.0,-15676000.0,-0.38,20897000.0,1.0,369052000.0,145567000.0,250709000.0,99344000.0,223485000.0,0.0,-359632000.0,404924062.5,314334062.5,3.4376431692053373,2.523645111934289,0.0,0.0,-0.10768924275419567,3.4376431692053373,-0.11187288327711638,19.377138464851413,-6.216212196806877,2.781702326076652,0.0,0.0,0.0,0.05662345685702828,2.4741302947334516,-0.044126572949069506,-63.93874348649929,1.0,-1.3218868385677625,-0.3034017837461654,1.5920299807054397,-0.12458403367738158,-0.013920347300868252,-1.34992784992785,-0.2631748589846898,-11.644239147454263,-0.09413445005717873,-0.3095288634757873,Biotechnology,Healthcare,ALNY
2010Q4,2010,Q4,2011-02-18,2010-12-31,-6930000.0,21192000.0,-12410000.0,-0.16366,21192000.0,1.0,393265000.0,158233000.0,254139000.0,102046000.0,235032000.0,0.0,-343347000.0,417521700.0,342922700.0,3.736757586491912,2.490435685867158,0.0,0.0,-0.08357842830962504,3.736757586491912,-0.04379617399657467,19.701854473386184,-15.062110389610389,2.6386512295159665,0.0,0.0,0.0,0.05388732788323395,2.422926915312702,-0.017621705465780072,-19.39615813434916,1.0,0.2884347826086957,0.6608755142900453,8.682878855936691,0.8162702019647311,-0.2340610091079948,0.2803738317757009,-0.4218606782768103,-5.011238268426834,0.11818555565244243,-0.23571780083480012,Biotechnology,Healthcare,ALNY
2010Q3,2010,Q3,2010-11-04,2010-09-30,-9630000.0,27668000.0,-8728000.0,-0.23,27668000.0,1.0,412606000.0,160643000.0,244623000.0,99433000.0,251963000.0,0.0,-336417000.0,516849210.0,469968210.0,3.8136647437267053,2.4601792161556024,0.0,0.0,-0.0560666346338398,3.8136647437267053,-0.05994658964287271,18.680396486916294,-13.417684579439252,3.2173777257645835,0.0,0.0,0.0,0.06705670785204287,2.375951645831867,-0.023339457012258667,-20.58750089623581,1.0,0.3428571428571428,0.5522399159105117,8.721753609551,2.4570398966862714,0.039486042754630496,0.3418534718425369,0.2492688800963358,0.8310019126654595,0.5711379053225683,-0.22860929005139213,Biotechnology,Healthcare,ALNY
2010Q2,2010,Q2,2010-08-05,2010-06-30,-14632000.0,26617000.0,-11626000.0,-0.35,26617000.0,1.0,440180000.0,165478000.0,273510000.0,102033000.0,274702000.0,0.0,-326787000.0,630704820.0,564522820.0,3.9407968374175417,2.6806033342154008,0.0,0.0,-0.06917444981418797,3.9407968374175417,-0.08842263019857624,23.695563737461022,-10.776121172772006,3.8114119097402677,0.0,0.0,0.0,0.060468444727157074,2.6026089598463242,-0.03324094688536508,-24.499099596022376,1.0,-0.20689655172413793,0.3557500782319576,10.788270668130105,1.763127892937074,0.08357759322585898,-0.1873732045768076,-0.028303555634176542,-0.030567590830504237,1.6050392986585322,-0.17491008815959158,Biotechnology,Healthcare,ALNY
2010Q1,2010,Q1,2010-05-06,2010-03-31,-12323000.0,24564000.0,-11306000.0,-0.29,24564000.0,1.0,463406000.0,171830000.0,273309000.0,98571000.0,291576000.0,0.0,-312155000.0,712627400.0,597680400.0,4.10389300214951,2.7727120552698055,0.0,0.0,-0.0658938406729216,4.10389300214951,-0.07171623115870338,29.011048689138576,-14.457262841840459,4.147281615550253,0.0,0.0,0.0,0.053007513929470056,2.701230585060515,-0.0265922322973807,-42.67741046831956,1.0,-0.558469475494411,0.08874067855049173,6.296775695807139,1.1055669661315377,-0.07744310072861113,-0.5816968296752664,-0.4011649522865287,0.49178354963881593,2.0383111234688918,-0.192814153523762,Biotechnology,Healthcare,ALNY
2009Q4,2009,Q4,2010-02-26,2009-12-31,-7791000.0,26626000.0,-8069000.0,-0.18608,26626000.0,1.0,481385000.0,177965000.0,293534000.0,110733000.0,303420000.0,0.0,-299832000.0,737749400.0,600281400.0,4.250417960353475,2.6508267634761093,0.0,0.0,-0.0429218552571483,4.250417960353475,-0.04377827100834434,27.707856981897393,-23.673129251700683,4.145474671986065,0.0,0.0,0.0,0.05531123736718012,2.5958476696197157,-0.016184550827300394,-40.6832138524319,1.0,0.1541818181818182,0.33290479413724183,3.911176685854663,0.8823815390827311,0.09802466081075509,0.1538879235447437,0.16383419689119172,0.17577925058730698,2.404694505510146,-0.21031732884880022,Biotechnology,Healthcare,ALNY
2009Q3,2009,Q3,2009-11-04,2009-09-30,-9208000.0,24249000.0,-9650000.0,-0.22,24249000.0,1.0,495668000.0,182021000.0,228165000.0,101121000.0,313647000.0,0.0,-292041000.0,945937440.0,847850440.0,4.36417473865925,2.256356246476993,0.0,0.0,-0.050017422778005895,4.36417473865925,-0.05058756956614896,39.00933811703575,-25.682489139878367,5.196858823981848,0.0,0.0,0.0,0.04892185898625693,2.2051997112370327,-0.01857695070087236,-44.3581449003517,1.0,0.6000000000000001,0.32875278991071283,7.296728092526655,0.892665771343538,-0.014308361448721597,0.5943969694300062,0.5694270926289487,0.04166620442251012,1.2744740921791844,0.3379465050078971,Biotechnology,Healthcare,ALNY
2009Q2,2009,Q2,2009-08-07,2009-06-30,-22702000.0,24601000.0,-22412000.0,-0.55,24601000.0,1.0,518653000.0,184482000.0,278422000.0,102331000.0,334171000.0,0.0,-282833000.0,924650400.0,776780400.0,4.443208092485549,2.720798194095631,0.0,0.0,-0.12654756364829253,4.443208092485549,-0.12305807612666818,37.585886752571035,-10.182477314774028,5.012144274238137,0.0,0.0,0.0,0.04743248376081889,2.6687416325453674,-0.04377107623015773,-25.003390930477813,1.0,-1.8947368421052633,0.4499669258169435,30.64941771444645,-0.38645771445885174,-0.018198507403120883,-1.8776777791862087,-1.8085213032581453,-0.7661142478841363,2.150013848447582,0.29206910653871765,Biotechnology,Healthcare,ALNY
2009Q1,2009,Q1,2009-05-08,2009-03-31,-7889000.0,25057000.0,-7980000.0,-0.19,25057000.0,1.0,554529000.0,198744000.0,419339000.0,104251000.0,355785000.0,0.0,-260131000.0,788236960.0,560968960.0,4.800695668977512,4.02239786668713,0.0,0.0,-0.0438483326452915,4.800695668977512,-0.039694280078895465,31.457754719240132,-24.978988464951197,3.9660918568610875,0.0,0.0,0.0,0.04518609486609357,3.9700818217571054,-0.014226487703979412,-1205.2552905198777,1.0,0.1625159783135716,0.9767774203832644,6.476124157588348,1.2033254311420207,0.0,0.1600298126064736,-0.021374632023550492,0.35416022142496223,2.1790505756293452,0.2225252683949314,Biotechnology,Healthcare,ALNY
2008Q4,2008,Q4,2009-03-02,2008-12-31,-9392000.0,24404000.0,-7813000.0,-0.22687,0.0,0.0,554676000.0,202125000.0,442249000.0,99452000.0,352551000.0,0.0,-252242000.0,1023797270.0,832005270.0,4.882364308316626,4.446858786148091,0.0,0.0,-0.03888615762578304,4.882364308316626,-0.046466295609152754,41.95202712670054,-27.251843856473595,5.065168930117501,0.0,0.0,0.0,0.04399685582213761,4.369705988818726,-0.016932407387375694,-166.9325403554541,0.0,-2.2409999999999997,0.9399967525381131,21.17484385437505,1.3025848342182877,0.0,-2.286214135759272,-1.4158936301793446,0.5298934699203147,10.405277481925333,1.3730982283645194,Biotechnology,Healthcare,ALNY
2008Q3,2008,Q3,2008-11-07,2008-09-30,-2858000.0,25734000.0,-3234000.0,-0.07,0.0,0.0,580181000.0,204557000.0,451779000.0,102024000.0,375624000.0,0.0,-242850000.0,1192653150.0,999862150.0,4.9653372818409105,4.428163961420842,0.006801325793157653,0.019290466715878703,-0.012141660886427503,4.9653372818409105,-0.013971655822093598,46.34542434133831,-104.32585286913925,5.830419638535958,0.0,0.0,0.0,0.04435512365968551,4.354426409472281,-0.00492604893989979,-65.20080636343756,0.0,0.7741935483870968,0.9906377935734941,10.989640660065715,0.0,0.0,0.7760188087774295,0.7479541734860884,0.8641264209366328,8.245445485873454,3.501016800720094,Biotechnology,Healthcare,ALNY
2008Q2,2008,Q2,2008-08-08,2008-06-30,-12760000.0,23833000.0,-12831000.0,-0.31,0.0,0.0,580046000.0,199169000.0,550631000.0,105727000.0,380877000.0,0.0,-239992000.0,1093470840.0,850840840.0,4.868705387699228,5.208045248611992,0.008457949886733122,0.02463234740346138,-0.0697081864475045,4.868705387699228,-0.06406619504039283,45.88053707044854,-21.42380172413793,5.4901658390613,0.0,0.0,0.0,0.04108812059733193,5.140115580693673,-0.021998255310785697,12.048601619745469,0.0,-9.333333333333334,0.9482019519424477,0.0,0.0,0.0,-9.298627925746569,-2.2426080363912053,0.4233008298874411,9.834719627828262,2.4137399653570033,Biotechnology,Healthcare,ALNY
2008Q1,2008,Q1,2008-05-09,2008-03-31,-1239000.0,22192000.0,-3957000.0,-0.03,0.0,0.0,486256000.0,202812000.0,455475000.0,84910000.0,283444000.0,0.0,-227232000.0,993958400.0,803520400.0,4.97869206598586,5.364209162642799,0.012016304168997401,0.02880993235114293,-0.022724169588152023,4.97869206598586,-0.006109105970060943,44.78904109589041,-200.55657788539142,4.9008855491785495,0.0,0.0,0.0,0.04563851140140173,5.34157343069132,-0.002548040538317265,-85.66391450486942,0.0,-1.731707317073171,0.9934199181024518,0.0,0.0,0.0,-1.7454873646209386,-0.3682572614107884,0.9058280809469399,5.775680671505528,1.5543964092607445,Biotechnology,Healthcare,ALNY
2007Q4,2007,Q4,2008-03-10,2007-12-31,1662000.0,18232000.0,-2892000.0,0.041,0.0,0.0,493791000.0,199168000.0,463559000.0,82091000.0,294623000.0,0.0,-225993000.0,1184602880.0,1086203880.0,4.8892380204241945,5.646891863907127,0.013685952153846465,0.033931153598971725,-0.013554546047984964,4.8892380204241945,0.008344714010282776,64.97383062746819,178.18936221419975,5.94775706940874,0.0,0.0,0.0,0.03692250365032979,5.611248492526586,0.0033657964604458163,-93.48191919191919,0.0,1.0303703703703704,1.0107909370742292,15.836248803827752,1.3030108329572574,0.0,1.0314820427337474,0.9436674588024465,1.1462682999131764,2.4565156067140133,1.165295619318935,Biotechnology,Healthcare,ALNY
2007Q3,2007,Q3,2007-11-08,2007-09-30,-52792000.0,16315000.0,-51338000.0,-1.35,0.0,0.0,505091000.0,192935000.0,477632000.0,87456000.0,312156000.0,0.0,-227655000.0,1281971250.0,1089075250.0,4.9438821268417685,5.4613977314306625,0.015147765452166045,0.03965584264130407,-0.2838151852185286,4.9438821268417685,-0.2736258325342732,78.57623352742874,-6.070859457872405,6.644575893435613,0.0,0.0,0.0,0.03230111009699242,5.414231156238566,-0.10451977960407134,5.733221453999034,0.0,-2.9705882352941173,0.8174395139761145,7.024327185370684,0.0,0.0,-3.159798282247262,-2.4332909783989836,-3.1130288095264715,4.965908043303137,1.1440746623049227,Biotechnology,Healthcare,ALNY
2007Q2,2007,Q2,2007-08-09,2007-06-30,-12691000.0,9133000.0,-14953000.0,-0.34,0.0,0.0,219658000.0,179270000.0,201958000.0,27106000.0,40388000.0,0.0,-174863000.0,569015440.0,493074440.0,4.776202909362178,7.450675127278093,0.03880122736253631,0.04754281251743181,,4.776202909362178,-0.07079265911753221,62.30323442461404,-11.209034749034748,3.174069504099961,0.0,0.0,0.0,0.04157827167687951,7.392569910720874,-0.057776179333327266,-57.557701800526,0.0,0.4137931034482758,0.943851008328692,0.0,0.0,0.0,0.41367521367521365,0.37680253396682506,0.6598636672962613,11.997472766066146,-0.3404759830685596,Biotechnology,Healthcare,ALNY
2007Q1,2007,Q1,2007-05-10,2007-03-31,-21645000.0,7217000.0,-23994000.0,-0.58,0.0,0.0,227340000.0,190027000.0,209916000.0,23498000.0,37313000.0,0.0,-162171000.0,672768000.0,614466000.0,5.084198416095891,8.933356030300452,0.03677311515791326,0.04399374825682666,,5.084198416095891,-0.11390486615059965,93.21989746432035,-7.77047817047817,3.5403811037378894,0.0,0.0,0.0,0.03174540336060526,8.888373478593923,-0.0952098178939034,-54.629963459196105,0.0,-1.569099929128278,0.8747138269428484,0.0,0.0,0.0,-1.5651813225882911,-1.4015614052647383,0.9294262614398994,1.3850702054794524,1.215332715557129,Biotechnology,Healthcare,ALNY
