Year,Date,FillingDate,NetIncome,Revenue,OperatingIncome,EPSDiluted,GrossProfit,GrossProfitRatio,TotalAssets,CommonStockEquity,CurrentAssets,CurrentLiability,TotalLiability,Inventory,RetainedEarnings,EnterpriseValue,bookValuePerShare,currentRatio,debtToAssets,debtToEquity,roic,shareholdersEquityPerShare,roe,priceToSalesRatio,peRatio,pbRatio,payoutRatio,inventoryTurnover,dividendYield,assetTurnover,quickRatio,returnOnAssets,priceToFreeCashFlowsRatio,grossProfitMargin,epsdilutedGrowth,fiveYNetIncomeGrowthPerShare,fiveYRevenueGrowthPerShare,fiveYShareholdersEquityGrowthPerShare,grossProfitGrowth,netIncomeGrowth,operatingIncomeGrowth,threeYNetIncomeGrowthPerShare,threeYRevenueGrowthPerShare,threeYShareholdersEquityGrowthPerShare,Industry,Sector,Price,MarketCap,AvgVolume,Symbol
2022,2022-12-31,2023-03-28,-5936000.0,58139000.0,-7677000.0,-0.6,24412000.0,0.419890263,51832000.0,33862000.0,36125000.0,15926000.0,17970000.0,12028000.0,9630000.0,59461600.0,3.4186774356385663,2.268303403239985,0.09276122858465813,0.14198806922213691,-0.1398978704732931,3.4186774356385663,-0.17529974602799597,1.0767230258518379,-10.545754716981133,1.8486681235603333,0.0,2.80404057199867,0.0,1.1216815866646088,1.4676001506969736,-0.11452384627257292,-4.630490420889119,0.41989026299041954,-0.33333333333333326,-2.3854107952675925,-0.22625242945916638,-0.024492865197775143,0.600891861761427,-0.43208685162846805,0.19274447949526813,-9.671169912619497,-0.04208063955659557,-0.01551162020838019,Computer Hardware,Technology,8.99,89483673,31096,TACT
2021,2021-12-31,2022-03-24,-4145000.0,39386000.0,-9510000.0,-0.45,15249000.0,0.3871680292,50941000.0,38991000.0,37145000.0,9796000.0,11950000.0,7720000.0,15573000.0,84461200.0,4.193482469348247,3.791853817884851,0.05045052119118196,0.06591264650816855,-0.143697852366362,4.193482469348247,-0.10630658357056756,2.57320367643325,-24.45071170084439,2.5992716267856686,0.0,3.126554404145078,0.0,0.773168960169608,2.9144548795426704,-0.08136864215464949,-26.026759116589623,0.3871680292489717,0.37499999999999994,-1.9379315418163778,-0.4367835844051864,0.3236717239097498,0.17944156547296775,0.26376554174067496,-0.16358742199926588,-1.6115916791097762,-0.4223437557943807,0.1323786956080948,Computer Hardware,Technology,8.99,89483673,31096,TACT
2020,2020-12-31,2021-03-12,-5630000.0,30595000.0,-8173000.0,-0.72,12929000.0,0.4225853898,42247000.0,30236000.0,28175000.0,6697000.0,12011000.0,11286000.0,19718000.0,51086700.0,3.8630382010987607,4.207107660146334,0.1390394584230833,0.1942717290646911,-0.1414874472727068,3.8630382010987607,-0.18620187855536446,1.8163654191861416,-9.870639431616341,1.8379316047096175,0.0,1.5653021442495128,0.0,0.7241934338532914,2.0659997013588174,-0.13326390039529434,-13.06339915373766,0.4225853897695702,-11.285714285714285,-2.8187342352102904,-0.4879043525981915,0.17386631903724,-0.4105767038978801,-11.910852713178295,-6.950389105058366,-2.6628467119681742,-0.484722303797893,0.10230385818236722,Computer Hardware,Technology,8.99,89483673,31096,TACT
2019,2019-12-31,2020-03-16,516000.0,45748000.0,-1028000.0,0.07,21935000.0,0.4794745125,36061000.0,25926000.0,25009000.0,7646000.0,10135000.0,12099000.0,25348000.0,80748020.0,3.4725421912670775,3.2708605806957887,0.08455117717201409,0.11760394970300085,-0.045133724638401304,3.4725421912670775,0.019902800277713493,1.7902863513159044,158.7248449612403,3.1590688883746045,5.199612403100775,1.9681791883626747,0.032758654792641256,1.2686281578436538,1.5221030604237509,0.0143090873797177,23.535063218390803,0.4794745125469966,-0.8999999999999999,1.2371434518018238,-0.04155236358479308,0.13595368917286027,-0.17978536439442097,-0.9049023221525986,-1.1520935049563545,-0.854588798127958,-0.1852824034344005,0.09610710006812638,Computer Hardware,Technology,8.99,89483673,31096,TACT
2018,2018-12-31,2019-03-18,5426000.0,54587000.0,6759000.0,0.7,26743000.0,0.4899151812702658,34956000.0,27567000.0,27037000.0,6632000.0,7389000.0,12835000.0,27515000.0,62156120.0,3.703250940354648,4.076749095295537,0.0,0.0,0.20574866659820035,3.703250940354648,0.19682954256901367,1.2245977980105154,12.319778842609658,2.424896434142272,0.49152230003685954,2.169380599922088,0.03989700678204236,1.5615917152992334,1.9173703256936068,0.15522370980661404,18.384796479647964,0.4899151812702658,0.6666666666666666,0.2686121623012107,0.04726073335399588,-0.021948208028471732,0.0030380316555397194,0.689816256617876,-0.008071617258585266,0.8430181230722816,-0.03931983652075855,0.12531156139974495,Computer Hardware,Technology,8.99,89483673,31096,TACT
2017,2017-12-31,2018-03-21,3211000.0,56311000.0,6814000.0,0.42,26662000.0,0.47347765090302074,33950000.0,26014000.0,26361000.0,7349000.0,7936000.0,8875000.0,24756000.0,92847750.0,3.5045130001347164,3.587018641992108,0.0,0.0,0.12419907159809583,3.5045130001347164,0.12343353578842162,1.7466347605263626,30.63056680161943,3.7808391635273315,0.8037994394269697,3.340732394366197,0.02624174226460847,1.6586450662739323,2.23908014695877,0.09458026509572902,19.938120818974255,0.47347765090302074,-0.10638297872340424,0.07898709174106487,0.001914140972775092,-0.05143212510962987,0.12029917223412749,-0.11224771910423002,0.31038461538461537,2.4842609652406593,0.1865827846820944,0.14641212460105105,Computer Hardware,Technology,8.99,89483673,31096,TACT
2016,2016-12-31,2017-03-16,3617000.0,57235000.0,5200000.0,0.47,23799000.0,0.4158120031449288,32042000.0,24109000.0,23167000.0,7424000.0,7933000.0,9707000.0,24157000.0,47723000.0,3.1680683311432327,3.1205549568965516,0.0,0.0,0.15089752352167818,3.1680683311432327,0.1500269608859762,0.8775399668035293,13.886093447608514,2.083288398523373,0.6679568703345313,3.444524569898012,0.048102576354875956,1.786249297796642,1.7629310344827587,0.11288309094313713,12.509589041095891,0.4158120031449288,0.205128205128205,-0.040158906890555277,0.07658201222973189,-0.15283127315760356,-0.047201537352870526,0.16979301423027165,0.1638316920322292,-0.17278329186121294,0.07411056422138593,-0.16329329060640127,Computer Hardware,Technology,8.99,89483673,31096,TACT
2015,2015-12-31,2016-03-11,3092000.0,59676000.0,4468000.0,0.39,24978000.0,0.4185602252161673,32569000.0,25728000.0,25312000.0,6329000.0,6841000.0,11296000.0,22956000.0,62683620.0,3.290867229470453,3.999367988623795,0.0,0.0,0.1208837901890816,3.290867229470453,0.12018034825870647,1.1253539111200483,21.719476067270374,2.610254197761194,0.803686934023286,3.0717067988668556,0.03700305345921221,1.8322945131873867,1.840259124664244,0.09493690319015015,14.637449869224064,0.4185602252161673,40.0,-0.04873919580287604,0.13421081899830634,-0.007475965673297626,0.1504767168716319,2.277158199091285,2.1845174973488866,-0.013495153375017603,0.008139813279227933,-0.10925970761553742,Computer Hardware,Technology,8.99,89483673,31096,TACT
2014,2014-12-31,2015-03-30,-2421000.0,53108000.0,-3772000.0,-0.01,21711000.0,0.4088084657678692,35491000.0,25394000.0,27997000.0,9636000.0,10097000.0,11806000.0,22349000.0,42308290.0,3.0569399301793667,2.9054586965545868,0.0,0.0,-0.09330902424596862,3.0569399301793667,-0.09533748129479405,0.8556016042780749,-18.76881040892193,1.7893711112861306,-1.0557620817843867,2.659410469252922,0.05625087891998313,1.4963793637823675,1.2686799501867996,-0.06821447690963907,8.425605414426109,0.4088084657678692,-1.0175438596491229,-2.2650444001174552,0.01782616580546172,0.07748026908386339,-0.13474414155906264,-1.4905775075987842,-1.570046849025238,-1.5885536619069553,-0.08486361050444173,-0.1825479636200901,Computer Hardware,Technology,8.99,89483673,31096,TACT
2013,2013-12-31,2014-03-14,4935000.0,60141000.0,6617000.0,0.57,25092000.0,0.41721953409487705,40408000.0,32521000.0,32221000.0,7350000.0,7887000.0,13509000.0,27326000.0,104684170.0,3.7863546396553733,4.383809523809524,0.0,0.0,0.15374631539096528,3.7863546396553733,0.15174810122689955,1.7894642589913703,21.807531914893616,3.3092515605301185,0.4695035460992908,2.5944925605152123,0.021529421482980378,1.4883438922985548,2.2,0.12212928133042962,61.77966130884041,0.41721953409487705,0.4249999999999998,2.7036823818650992,0.04771981949036882,0.5137612312478401,-0.03425448387345085,0.3628831814415907,0.1811852909675116,0.38197547997915754,0.040441792871942966,0.14196280806719197,Computer Hardware,Technology,8.99,89483673,31096,TACT
2012,2012-12-31,2013-03-15,3621000.0,68386000.0,5602000.0,0.4,25982000.0,0.3799315649401924,45228000.0,33369000.0,35699000.0,10207000.0,11859000.0,10321000.0,24708000.0,57674040.0,3.694530558015943,3.4975017145096503,0.0,0.0,0.10884419204128397,3.694530558015943,0.10851389013755282,0.9535729535285,18.00912455122894,1.9542401630255626,0.1452637392985363,4.108516616606918,0.008066118865762608,1.51202794728929,2.298814539041834,0.08006102414433537,9.433102849703458,0.3799315649401924,-0.18367346938775503,2.6508801306874883,0.4538765900983662,0.601054431009871,0.05506375375619264,-0.22562018819503848,-0.19845471455143798,0.7402024887626962,0.20542764769357774,0.30221197364385266,Computer Hardware,Technology,8.99,89483673,31096,TACT
2011,2011-12-31,2012-03-12,4676000.0,65969000.0,6989000.0,0.49,24626000.0,0.37329654837878395,42740000.0,35313000.0,33054000.0,5832000.0,7427000.0,14151000.0,21613000.0,61693180.0,3.739595467542095,5.667695473251029,0.0,0.0,0.13205682011113398,3.739595467542095,0.1324158242007193,1.0392181176006912,14.6612874251497,1.9413864582448388,0.0,2.921560313758745,0.0,1.543495554515676,2.8964334705075445,0.10940570893776322,81.6145,0.37329654837878395,0.19512195121951226,0.21102000422512482,0.04006228806214909,0.4744382788246457,0.09215894979599078,0.19774590163934427,0.19245862480805323,2.1919324666470907,0.04531462877403766,0.49506720264074466,Computer Hardware,Technology,8.99,89483673,31096,TACT
2010,2010-12-31,2011-03-18,3904000.0,63194000.0,5861000.0,0.41,22548000.0,0.3568060258885337,43621000.0,31134000.0,37052000.0,11527000.0,12487000.0,12795000.0,16937000.0,77168800.0,3.3156549520766774,3.2143662704953586,0.0,0.0,0.12612511963957143,3.3156549520766774,0.12539346052547054,1.3997183276893377,22.65722336065574,2.8410676430911543,0.0,3.1767096522078937,0.0,1.4487058985351093,1.9214886787542291,0.08949817748332226,86.29639024390244,0.3568060258885337,0.7826086956521737,9.861629986186559,0.29735248444437584,0.5362415027051416,0.1975144723564714,0.8242990654205608,0.7782160194174758,2.712044943862321,0.2922737550390058,0.4368656502798042,Computer Hardware,Technology,8.99,89483673,31096,TACT
2009,2009-12-31,2010-03-16,2140000.0,58346000.0,3296000.0,0.23,18829000.0,0.3227127823672574,34899000.0,26354000.0,27996000.0,7522000.0,8545000.0,5952000.0,13033000.0,54448660.0,2.8371191732156316,3.7218824780643445,0.0,0.0,0.08329975215234289,2.8371191732156316,0.08120209455870077,1.1048856819662016,30.124140186915888,2.446143279957502,0.0,6.639280913978495,0.0,1.6718530616923122,2.5635469290082424,0.061319808590504024,8.339671410090556,0.3227127823672574,0.5333333333333334,-0.5950832675172519,0.0068254484576392134,0.14764850215718137,-0.10124105011933174,0.481994459833795,0.7710908113917249,-0.43658083616425064,-0.06487091890148676,0.1186121993366037,Computer Hardware,Technology,8.99,89483673,31096,TACT
2008,2008-12-31,2009-03-16,1444000.0,62207000.0,1861000.0,0.15,20950000.0,0.33677881910395935,32234000.0,23282000.0,23094000.0,8043000.0,8952000.0,9919000.0,10893000.0,40723720.0,2.5012892135797165,2.8713166728832524,0.0,0.0,0.052039335178381746,2.5012892135797165,0.06202216304441199,0.6867992348128025,29.587063711911355,1.8350536895455716,0.0,4.159391067647948,0.0,1.9298566730781164,1.338928260599279,0.04479741887448036,-153.68244604316547,0.33677881910395935,1.6250000000000002,-0.11776912614718625,0.11469645266070992,1.1006042931671929,0.3097024256064016,1.6350043975373791,1.4956058588548602,3.0528600365448164,0.2883403747757242,0.1589216476711966,Computer Hardware,Technology,8.99,89483673,31096,TACT
TTM,,,,,,,,,,,,,,,,87429673.0,3.7458207452165158,2.8477004853247054,0.08826923076923077,0.12340036563071298,0.02312692576065471,3.7458207452165158,0.045280705339678276,1.2655560694132122,57.5568665377176,2.4000080653833744,0.0,2.9770657124268056,0.0,1.35975,1.8231261073877205,0.029826923076923077,-12.19289726120725,0.48228605371462513,,,,,,,,,,,Computer Hardware,Technology,8.99,89483673,31096,TACT
