Quarters,Year,Quarter,FillingDate,Date,NetIncome,Revenue,OperatingIncome,EPSDiluted,GrossProfit,GrossProfitRatio,TotalAssets,CommonStockEquity,CurrentAssets,CurrentLiability,TotalLiability,Inventory,RetainedEarnings,MarketCap,EnterpriseValue,bookValuePerShare,currentRatio,debtToAssets,debtToEquity,roic,shareholdersEquityPerShare,roe,priceToSalesRatio,peRatio,pbRatio,payoutRatio,inventoryTurnover,dividendYield,assetTurnover,quickRatio,returnOnAssets,priceToFreeCashFlowsRatio,grossProfitMargin,epsdilutedGrowth,fiveYNetIncomeGrowthPerShare,fiveYRevenueGrowthPerShare,fiveYShareholdersEquityGrowthPerShare,grossProfitGrowth,netIncomeGrowth,operatingIncomeGrowth,threeYNetIncomeGrowthPerShare,threeYRevenueGrowthPerShare,threeYShareholdersEquityGrowthPerShare,Industry,Sector,Symbol
2023Q1,2023,Q1,2023-05-12,2023-03-31,-744823.0,8308940.0,-974950.0,-0.15,4478463.0,0.5389933012,98109258.0,70167365.0,27268149.0,8201891.0,27941893.0,22569545.0,21723828.0,24822645.0,44967043.0,14.133740582439945,3.3246173351974564,0.2068993121933508,0.2892902989872856,-0.007060933091512853,14.133740582439945,-0.010614948986612223,2.9874622996435165,-8.331726128221067,0.35376339128596324,0.0,0.16971884014498298,0.0,0.08469068230033908,0.5002704864036842,-0.007591770799041208,-8.928662123917489,0.538993301191247,-4.649635036496351,-4.465492521892205,1.818508234805475,1.3707011885235945,-0.297234405842363,-4.649393664714961,-3.6250249053596333,-2.4549765663925323,0.9588208606142478,1.1649512006139955,Beverages—Wineries & Distilleries,Consumer Defensive,WVVIP
2022Q4,2022,Q4,2023-03-28,2022-12-31,204095.0,11388024.0,371406.0,0.0411,6372627.0,0.5595902327,98683982.0,70361934.0,27778432.0,9928294.0,28322048.0,22201499.0,22980370.0,28049588.85,45297632.85,14.172932417153772,2.79790586378687,0.1782125086926468,0.24994651227182016,0.0024082897816076875,14.172932417153772,0.002900645113023755,2.46307777802365,34.35849585977119,0.3986472124259689,3.8626668953183567,0.22590353020757742,0.02810561695630701,0.11539891043310352,0.5159847200334721,0.0020681674559909833,-11.88109951975087,0.5595902326865486,1.1957142857142857,-0.7851504857477645,1.9449291808756726,1.4179921922050631,0.6364477478331142,1.1977624486323437,1.3029326242725534,-0.6402652246968219,1.4314312743186113,1.2057942016350514,Beverages—Wineries & Distilleries,Consumer Defensive,WVVIP
2022Q3,2022,Q3,2022-11-14,2022-09-30,-1032021.0,7602878.0,-1226035.0,-0.21,3894183.0,0.5121985385,94956645.0,69074962.0,25544685.0,9005809.0,25881683.0,20857847.0,23302114.0,22089233.738794327,37461777.73879433,13.913698963184624,2.836467551110622,0.16571675420924992,0.22780913002890976,-0.010260626348933372,13.913698963184624,-0.01494059453843782,2.9053779027881714,-5.350965178711074,0.3197864044976865,0.0,0.17780814098406225,0.0,0.0800668347117782,0.4875118937121585,-0.010868338914038085,-4.7235441321976035,0.5121985385008151,-7.1764705882352935,-3.5405121445106875,1.272661460329048,1.6350476682273194,-0.19329279547370276,-5.009390017909799,-3.758587715410075,-2.8619581046173654,0.7296536597392489,1.1586814480923295,Beverages—Wineries & Distilleries,Consumer Defensive,WVVIP
2022Q2,2022,Q2,2022-08-11,2022-06-30,257401.0,8700861.0,444443.0,0.034,4827257.0,0.5548022201,93904688.0,70024783.0,26732641.0,6695275.0,23879905.0,20432556.0,24718547.0,34272619.0,47150087.0,9.173832780914701,3.9927622091698995,0.17044809307071015,0.2285744319978828,0.0033740371893795605,9.173832780914701,0.003675855732391202,3.938991669904852,33.28718517022079,0.4894355616924939,0.0,0.1895800016405192,0.0,0.09265630060982685,0.8953995168234314,0.002741087857083344,-6.467126130268952,0.554802220148098,3.6153846153846154,-0.5663006465027018,0.637413376230573,0.9885749377725336,0.297639615175043,3.6015342321764265,10.916397063745286,-0.28482041393566754,0.5025221742556385,0.4483894077056625,Beverages—Wineries & Distilleries,Consumer Defensive,WVVIP
2022Q1,2022,Q1,2022-05-12,2022-03-31,-98942.0,6242318.0,-44819.0,-0.013,3720029.0,0.5959371182,92974806.0,69767382.0,31347918.0,7414775.0,23207424.0,20120717.0,24927759.0,39066969.11,44976052.11,9.140111095098977,4.22776389034057,0.15571144079612276,0.20750729904126258,-0.00035311371471769476,9.140111095098977,-0.0014181698834564267,6.258407391292786,-98.71179355076713,0.559960371022665,0.0,0.1253578090681361,0.0,0.06713988733679101,1.4720763610493912,-0.00106418076311985,-6.7251096740986585,0.5959371182307598,-1.13,-1.3139720115507885,0.40259631123828643,1.0058988346748134,-0.33222055577844617,-1.125396052905064,-1.0349384159650763,-1.2319989870473367,0.24876680057918063,0.45388864057957334,Beverages—Wineries & Distilleries,Consumer Defensive,WVVIP
2021Q4,2021,Q4,2022-03-29,2021-12-31,789036.0,9430347.0,1282800.0,0.1,5570745.0,0.5907253466,91375110.0,64961994.0,36425857.0,11931983.0,26413116.0,19076750.0,25493313.0,53310333.71,52659119.71,8.510565039105998,3.0527915602963898,0.14332208191048962,0.20159589005226655,0.010112980057061925,8.510565039105998,0.012146117312839873,5.6530617282693845,16.890970028617197,0.8206388139809871,0.0,0.20231968233582764,0.0,0.10320476768783096,1.428902974467865,0.00863513050764043,-11.421454097761123,0.590725346585868,0.6666666666666669,-0.25849589607011353,0.6090260137344,0.8757705698090364,0.24858740220519907,0.7296176382260939,0.8514215447852637,-0.27159161510035235,0.2980895935174443,0.3658878877637947,Beverages—Wineries & Distilleries,Consumer Defensive,WVVIP
2021Q3,2021,Q3,2021-11-12,2021-09-30,456191.0,7641228.0,692873.0,0.06,4461638.0,0.5838901810023206,84783759.0,61513237.0,34593511.0,10657410.0,23270522.0,18154900.0,25065347.0,53040121.97,50645147.97,8.058749001061168,3.2459585396451858,0.1356005222651192,0.18689834189672053,0.006475202850725247,8.058749001061168,0.007416143617998838,6.941308644369727,29.066839311823333,0.8622554194311055,0.0,0.17513673994348633,0.0,0.09012608181243768,1.5245876812471322,0.005380641356088021,-27.885473179220533,0.5838901810023206,-0.5714285714285715,-0.23944209092530808,0.611491716808553,0.8225840802295381,-0.13193026161137478,-0.5766409200121386,-0.5493784445048563,-0.289020115735221,0.39922604471420187,0.29512733299352856,Beverages—Wineries & Distilleries,Consumer Defensive,WVVIP
2021Q2,2021,Q2,2021-08-12,2021-06-30,1077551.0,8949951.0,1537594.0,0.14,5139723.0,0.5742738703262175,79366756.0,61034132.0,32458751.0,5529419.0,18332624.0,16496297.0,24970227.0,38547155.0,37093525.0,7.995982235264833,5.870191967727531,0.14696155654894097,0.1911039219825392,0.014426382687408791,7.995982235264833,0.017654891856248568,4.306968272787191,8.943232153280912,0.631567186045998,0.0,0.2309747454231698,0.0,0.11276700032945784,2.841626398722904,0.013576855780775518,-507.94126948569624,0.5742738703262175,7.750000000000001,1.2582024930213842,0.9292728994091003,0.9085232291702917,0.4711963445956525,7.783070465012023,7.735882824173764,0.3414806008054726,0.5374509644937926,0.3026344750984972,Beverages—Wineries & Distilleries,Consumer Defensive,WVVIP
2021Q1,2021,Q1,2021-05-13,2021-03-31,122685.0,5765338.0,176009.0,0.016,3493567.0,0.6059604831494702,78673526.0,60033803.0,33686959.0,5453890.0,18639723.0,17546300.0,24255182.0,36252167.05299446,34986394.05299446,7.864930762075697,6.176684714946579,0.15283415668950695,0.20028719486586583,0.0016599958046938886,7.864930762075697,0.0020435986705689795,6.287951730322569,73.8724519154633,0.6038625781044465,0.0,0.12947293731441956,0.0,0.07328180511446761,2.859809787142755,0.0015594191113285046,-31.4092664819431,0.6059604831494702,-0.8857142857142857,-0.7485396298345939,0.37802493397699544,1.0629967261494646,-0.31431529507821876,-0.8875165720174495,-0.8945944699660504,-0.6287380391824581,0.2719661634917913,0.31921203707913454,Beverages—Wineries & Distilleries,Consumer Defensive,WVVIP
2020Q4,2020,Q4,2021-03-15,2020-12-31,1090694.0,8306172.0,1669827.0,0.14,5095005.0,0.6133998910689545,79490347.0,58821927.0,35026130.0,7303520.0,20668420.0,17687973.0,24492133.0,40913416.0,39139769.0,7.706164860934614,4.795787510679782,0.15380619737387735,0.2078494980281758,0.01495724038779626,7.706164860934614,0.018542303110879045,4.925664433628391,9.377840164152365,0.6955470193963554,0.0,0.1815452228471855,0.0,0.10449283860844134,2.3489893914167417,0.01372108741706713,25.087480608033946,0.6133998910689545,0.16666666666666682,0.7504120480110157,0.6413095584838298,1.1651951098229973,0.2070047903473825,0.21620786820681112,0.280705212473367,-0.2532383016161554,0.39702604106222916,0.31472061794583134,Beverages—Wineries & Distilleries,Consumer Defensive,WVVIP
2020Q3,2020,Q3,2020-11-12,2020-09-30,896799.0,6918131.0,1303834.0,0.12,4221197.0,0.6101643637566273,75275428.0,51349408.0,31206315.0,10678844.0,23926020.0,16617086.0,23748461.0,39844782.0,41556385.0,6.727202316228007,2.922255910845781,0.16505613226138016,0.24196327638285528,0.013694129674843026,6.727202316228007,0.01746464146188404,5.759472030812947,11.107500677409318,0.7759540674743515,0.0,0.16229885312021614,0.0,0.0919042399865199,1.355275627212084,0.011913568927167044,132.51821574196637,0.6101643637566273,0.4814814814814814,0.9742149800993273,0.6298975219571404,1.2636418948651191,0.20552860862045527,0.44546848027387853,0.3788809759997631,0.4358363900394344,0.3450009993024324,0.27403207615559316,Beverages—Wineries & Distilleries,Consumer Defensive,WVVIP
2020Q2,2020,Q2,2020-08-12,2020-06-30,620421.0,5568654.0,945574.0,0.081,3501532.0,0.6287932415984185,68982888.0,50452609.0,25085976.0,5100250.0,18530279.0,16712387.0,23108114.0,37936507.0,44655809.0,6.609714139733529,4.918577716778589,0.18298580076844564,0.2501929880375463,0.010094308764365165,6.609714139733529,0.012297104397514904,6.812509270642421,15.286598535510564,0.7519235922962874,0.0,0.12368801655921444,0.0,0.08072515027205007,1.6098936326650655,0.00899383916776578,-1351.1595612066817,0.6287932415984185,-0.19000000000000003,0.21596100589732903,0.17951119577967597,1.2654036111854232,-0.1049349674671182,-0.21174540899169336,-0.1265211937132923,0.0453579690682914,0.047963936810378506,0.4327612240174591,Beverages—Wineries & Distilleries,Consumer Defensive,WVVIP
2020Q1,2020,Q1,2020-05-13,2020-03-31,787082.0,6521895.0,1082538.0,0.1,3912042.0,0.5998321040127141,68490434.0,49832188.0,25238167.0,5039999.0,18658246.0,16604638.0,22744145.0,29720072.07061379,36875862.07061379,6.528433794919495,5.00757381102655,0.18722589785312208,0.25732731221835975,0.011609908374401231,6.528433794919495,0.015794650638258148,4.556968805939652,9.439954182224277,0.5964031133975853,0.0,0.15717614560461962,0.0,0.09522344390458966,1.6556999316864944,0.011491853008260978,-23.69252728230454,0.5998321040127141,-0.09090909090909087,1.504732082052457,0.6669375931149922,1.3031154103176055,-0.12119869726743353,-0.09770793544526397,-0.16233494902222964,1.497642242883889,0.46541490985935424,0.4327372616403496,Beverages—Wineries & Distilleries,Consumer Defensive,WVVIP
2019Q4,2019,Q4,2020-03-11,2019-12-31,872314.0,7201273.0,1292328.0,0.11,4451566.0,0.6181637607684086,67915487.0,49045106.0,26765809.0,5371201.0,18870381.0,17075080.0,22213515.0,37516686.5,43117417.5,6.425319463913744,4.983207480040312,0.18627425877105172,0.2579443298583145,0.013856845408710959,6.425319463913744,0.017785954015473022,5.209729793607325,10.752059034934668,0.764942510267997,0.0,0.16103625868809984,0.0,0.1060328552160717,1.76641090139803,0.012844110210090963,54.32563579784792,0.6181637607684086,0.0,0.007356133883946407,0.6202052932199419,1.314512635338173,0.09535972000151574,0.02360244074160995,0.014125887625389716,-0.18023460157015014,0.22869663109991215,0.41617214563895,Beverages—Wineries & Distilleries,Consumer Defensive,WVVIP
2019Q3,2019,Q3,2019-11-13,2019-09-30,852200.0,6758367.0,1274327.0,0.11,4064022.0,0.601331948975248,66611322.0,49198855.0,26293505.0,4502706.0,17412467.0,16529308.0,21597907.0,36257225.0,41546130.0,6.445461870013494,5.839489631346129,0.192171805267579,0.2601852827672514,0.013853339918433044,6.445461870013494,0.01732154132448814,5.364790784519396,10.636360302745834,0.7369526181046286,0.0,0.16300410156311443,0.0,0.10145973382723135,2.1315768784371,0.012793620880246154,-59.42638333442601,0.601331948975248,1.3404255319148937,0.4848086753806109,0.6702993746479723,1.4325646003082213,0.16169414336668803,1.3678075968781171,1.1365874677875563,0.42078087931031616,0.42530133110179,0.45771957812139547,Beverages—Wineries & Distilleries,Consumer Defensive,WVVIP
2019Q2,2019,Q2,2019-08-14,2019-06-30,359911.0,5790837.0,596431.0,0.047,3498358.0,0.6041195771872011,65354516.0,48346655.0,26760191.0,3921289.0,17007861.0,16413091.0,21002160.0,29856358.04840619,34611830.04840619,6.333816535876642,6.8243353142295815,0.19894744534562844,0.26893513108611133,0.006543221752153954,6.333816535876642,0.007444382656876676,5.15579320371238,20.73870904779667,0.6175475438457158,0.0,0.13967381281198038,0.0,0.08860653179651733,2.594080160885872,0.005507056314210942,141.05943573314588,0.6041195771872011,-0.16071428571428573,-0.3414676095766968,0.5678827598978939,1.460919197317326,0.06636579004802727,-0.1560814676558587,0.05668115895811409,-0.24574157746053826,0.24828671006081457,0.5117887499437533,Beverages—Wineries & Distilleries,Consumer Defensive,WVVIP
2019Q1,2019,Q1,2019-05-14,2019-03-31,426476.0,4998786.0,564438.0,0.056,3280636.0,0.6562865463734595,65211103.0,47986744.0,27197200.0,3969250.0,17224359.0,16328575.0,20898701.0,30090832.06455909,35107167.06455909,6.286665181905124,6.851974554386849,0.2020194781860997,0.27453233751387673,0.006304048726332524,6.286665181905124,0.008887371062308374,6.019627978585018,17.63922944348515,0.627065509269791,0.0,0.10522351154341392,0.0,0.07665544316893398,2.6816524532342383,0.006539929251005001,-22.80767880078365,0.6562865463734595,-0.6000000000000001,1.4381899779893093,0.6820287770800897,1.5156264342704096,-0.2909765293891607,-0.6062933828640745,-0.6378381083640675,-0.12587673450982803,0.19480449326910737,0.6490125699778251,Beverages—Wineries & Distilleries,Consumer Defensive,WVVIP
2018Q4,2018,Q4,2019-03-21,2018-12-31,1083233.0,7264789.0,1558524.0,0.14,4626978.0,0.6369046644025036,61482536.0,47560268.0,28634329.0,5395262.0,13922268.0,16247109.0,20728677.0,29309252.0114794,27925575.0114794,6.230793255689038,5.307310191794207,0.13587256713028234,0.1756464030017661,0.020200551897480132,6.230793255689038,0.022776007065393324,4.034425777745149,6.764300019358577,0.6162549801334046,0.0,0.16235571509983715,0.0,0.11816020406184936,2.255204659199127,0.01761854781006431,-546.8552132897865,0.6369046644025036,0.6666666666666667,1.8986080041101612,1.0306603681290267,1.5218525564473426,0.3062548363701244,0.688233378062674,0.6018673261098811,0.738438181564322,0.43553102753809847,0.7506611045821602,Beverages—Wineries & Distilleries,Consumer Defensive,WVVIP
2018Q3,2018,Q3,2018-11-13,2018-09-30,641637.0,5461039.0,972942.0,0.084,3542171.0,0.6486258384164625,60528668.0,47495899.0,27987517.0,4999668.0,13032769.0,15342544.0,19896589.0,36306840.15,33837455.15,6.222360377828143,5.5978750989065675,0.13994862731821556,0.17835021924735017,0.012652396469871418,6.222360377828143,0.013509313719906638,6.648339290380457,14.14617616736566,0.7644205271280369,0.0,0.12506843715097052,0.0,0.09022235546303448,2.501867123977032,0.01060054716551833,644.6527015269886,0.6486258384164625,-0.23636363636363633,1.7648901605577725,0.7943014496905912,1.5820066653054239,-0.04834225570147653,-0.20120385182787534,-0.17470703746273025,0.41250088056074113,0.2866096252602474,1.0937672117014927,Beverages—Wineries & Distilleries,Consumer Defensive,WVVIP
2018Q2,2018,Q2,2018-08-14,2018-06-30,803255.0,5821292.0,1178905.0,0.11,3722106.0,0.6393951720683312,58983233.0,46854381.0,27497357.0,3978916.0,12128852.0,14945481.0,19511390.0,38165500.0,35752316.0,6.1383161494019465,6.910765897043316,0.14555902691871772,0.1832388309643873,0.015386855435922279,6.1383161494019465,0.017143647677257758,6.55619061885231,11.878388556560495,0.8145556335489739,0.0,0.1404562355671256,0.0,0.09869401360213673,3.1165654163093666,0.013618361679157193,-106.12169425451633,0.6393951720683312,1.5581395348837213,0.5413864236027826,0.6128773246807725,1.5884370495173359,0.2878172223521613,1.4307619214777245,1.4958610673576884,0.5742967401039922,0.23302311256951166,1.1038373638369758,Beverages—Wineries & Distilleries,Consumer Defensive,WVVIP
2018Q1,2018,Q1,2018-05-10,2018-03-31,330454.0,4532619.0,472344.0,0.043,2890244.0,0.6376543009681599,58011717.0,45507319.0,27995823.0,4227447.0,12504398.0,15191100.0,18964573.0,37020535.0,34554694.0,5.961839750560061,6.622394792885635,0.14994681160704137,0.19114885673664933,0.006353808816842744,5.961839750560061,0.007261557201381167,8.16758147993467,28.00732855404988,0.8135072734124372,0.0,0.10811429060436703,0.0,0.07813281927166542,2.982328104882214,0.005696332001343798,-14.223147665412778,0.6376543009681599,-0.7736842105263159,0.1141665514695221,0.4902288596078525,1.5810254358565765,-0.19010793352608446,-0.7737491997959693,-0.5158152622380311,0.05160419809189208,0.15849657290822425,1.1032311017758074,Beverages—Wineries & Distilleries,Consumer Defensive,WVVIP
2017Q4,2017,Q4,2018-03-22,2017-12-31,1460565.0,5945610.0,975545.0,0.19,3568678.0,0.6002206670131408,59695271.0,44741009.0,30437992.0,6434883.0,14954262.0,14793594.0,18889012.0,39768451.0,34942148.0,5.861446725445756,4.7301546896812265,0.14992735354195813,0.20003916317577908,0.02838447982427393,5.861446725445756,0.032644882908206205,6.6887083074739175,6.8070320389712204,0.8888590554584945,0.0,0.16067305889292352,0.0,0.0995993468226319,2.414386710683007,0.024467013475824577,-48.34235426832085,0.6002206670131408,1.3170731707317072,1.7501219188425334,0.5655587141459325,1.5799973750819853,0.055392866923327615,1.3384642233298056,-0.11171238109286662,0.6866737340982789,0.3376952649096096,1.1113957965200223,Beverages—Wineries & Distilleries,Consumer Defensive,WVVIP
2017Q3,2017,Q3,2017-11-09,2017-09-30,624583.0,5143588.0,1098231.0,0.082,3381374.0,0.657395965617775,55885128.0,40304643.0,26990592.0,6603366.0,15580485.0,11929867.0,17672243.0,32803854.93483058,28855804.93483058,5.280245640696441,4.0873990628415875,0.1621384673217533,0.22481600941112417,0.013579646977991406,5.280245640696441,0.015496552096987932,6.377621017630219,13.130302511768084,0.8138976676913025,0.0,0.14771447158631357,0.0,0.09203858314505427,2.264239631727213,0.011176193423051657,-208.4756686314709,0.657395965617775,0.05128205128205133,1.3285525746752762,0.6299036492612561,1.3906070641715083,0.060346184649792065,0.052370594152326616,0.036908246313046435,0.08822607004840179,0.2712141586638924,0.9928034461342758,Beverages—Wineries & Distilleries,Consumer Defensive,WVVIP
2017Q2,2017,Q2,2017-08-10,2017-06-30,593501.0,5313784.0,1059140.0,0.078,3188934.0,0.6001248827577486,51352719.0,35213550.0,23200357.0,7018007.0,16139169.0,11681214.0,17244247.0,32414980.14505959,31577123.14505959,4.613269837942645,3.3058326958066586,0.17850727631384036,0.26032121157906546,0.014286018239565906,4.613269837942645,0.016854335901946835,6.100168946471966,13.654138807289115,0.9205257676394338,0.0,0.18190318232334413,0.0,0.10347619568108944,1.6296058125903836,0.011557343244084115,-118.91129115055719,0.6001248827577486,0.9024390243902438,1.6988113427189058,0.8637361959015779,1.1214662486817482,0.16262885705275323,0.8833529019769619,1.105114613208991,0.08593411217945794,0.43871953629868526,0.7924239267575705,Beverages—Wineries & Distilleries,Consumer Defensive,WVVIP
2017Q1,2017,Q1,2017-05-11,2017-03-31,315130.0,4450545.0,503127.0,0.041,2742865.0,0.616298678027073,48396846.0,34781107.0,21431714.0,4356754.0,13615739.0,12163706.0,16782579.0,34891372.97588817,36532036.97588817,4.5566161847742075,4.919193050606024,0.19168902039608118,0.2667294057086797,0.007242428799704296,4.5566161847742075,0.009060378670523627,7.839797817096147,27.680142303087745,1.0031702836798198,0.0,0.14039142346913022,0.0,0.09195940165191757,2.0909066704248165,0.0065113747288408005,-169.4397537703022,0.616298678027073,-0.7071428571428571,0.6909290907627507,0.3887508109155553,1.0957017729325775,-0.24974862743467596,-0.7038535779464751,-0.6860984840449758,0.8016179287082299,0.4975525584991852,0.823342550234031,Beverages—Wineries & Distilleries,Consumer Defensive,WVVIP
2016Q4,2016,Q4,2017-03-23,2016-12-31,1064102.0,5860904.0,1602818.0,0.14,3655928.0,0.6237822697658928,44871122.0,34632164.0,19948197.0,3566311.0,10238958.0,11970656.0,16599282.0,30716336.89377299,30079558.89377299,4.537103404907573,5.593510212653916,0.11298074962333235,0.14638337355990808,0.027026702337980303,4.537103404907573,0.030725830473660266,5.240887223843453,7.216492613906606,0.8869309146772633,0.0,0.18419842655239613,0.0,0.13061639064875624,2.124828989956288,0.023714628753878718,-19.69464333746871,0.6237822697658928,0.7721518987341773,2.7518978058437957,0.5021611380626854,1.1073894587213575,0.20211320933392213,0.7740621629146515,0.6120015729611598,1.8474156293148662,0.638245167782421,0.8363481744615827,Beverages—Wineries & Distilleries,Consumer Defensive,WVVIP
2016Q3,2016,Q3,2016-09-30,2016-09-30,599811.0,4741711.0,994303.0,0.079,3041251.0,0.6413826148409297,43835103.0,33750562.0,21140183.0,3339004.0,10084541.0,11811464.0,15672291.0,25115451.43459893,22434108.43459893,4.421606162633792,6.331284119455981,0.1176923663211194,0.15285840277267088,0.01594385410534889,4.421606162633792,0.017771881843034198,5.296706491517288,10.468068872777813,0.7441491325270059,0.0,0.14396691214569168,0.0,0.10817154918057338,2.7717888328375766,0.013683348707997789,109.49181467856646,0.6413826148409297,0.25396825396825395,0.6063196458555946,0.09132297027333079,1.0904958412523094,0.03999246315615253,0.2570121465635033,0.20055324533569024,1.5846569510397903,0.5579560814917862,0.8347726409348303,Beverages—Wineries & Distilleries,Consumer Defensive,WVVIP
2016Q2,2016,Q2,2016-06-30,2016-06-30,477172.0,4639028.0,828204.0,0.063,2924301.0,0.6303693359902117,41958550.0,31979769.0,19813696.0,3089938.0,9978781.0,10406014.0,15204312.0,25686257.14862263,24405274.14862263,4.18961745555541,6.412328014348508,0.1250412609587319,0.16405840830182356,0.013360741570570251,4.18961745555541,0.014921058372873174,5.536991186218886,13.457546308575646,0.8032033361036044,0.0,0.1647823076155769,0.0,0.11056216194315581,2.499812293968358,0.011372461631777075,-67.8966603102783,0.6303693359902117,-0.015625000000000014,1.768316808706902,0.2241326034496635,1.0281881502473356,0.12514312933043176,-0.021968066572383118,0.11606358378387119,-0.08434252818421681,0.28531313491217997,0.7666996585571364,Beverages—Wineries & Distilleries,Consumer Defensive,WVVIP
2016Q1,2016,Q1,2016-03-31,2016-03-31,487890.0,4183769.0,742076.0,0.064,2599048.0,0.6212216783479203,38055509.0,29100290.0,17485254.0,1679013.0,8955219.0,10507796.0,14841831.0,34348950.0,35091588.0,3.8123816011843155,10.414007515129425,0.14013114369328236,0.18325459986824874,0.01380152328766531,3.8123816011843155,0.01676581229946506,8.21004935979974,17.600765541413022,1.1803645255768929,0.0,0.15081383384298666,0.0,0.10993858996866919,3.704189902043641,0.01282048283732061,-64.27031780632245,0.6212216783479203,-0.21951219512195125,16.202242437063678,0.15392257424994332,0.8659671817475599,-0.1741511215163818,-0.21700446311789148,-0.37020456071174873,0.6449815066437845,0.3755343887789123,0.650472722438401,Beverages—Wineries & Distilleries,Consumer Defensive,WVVIP
2015Q4,2015,Q4,2015-12-31,2015-12-31,623107.0,5060698.0,1178281.0,0.082,3147123.0,0.6218752828167182,38678876.0,27167033.0,18139546.0,4094305.0,11511843.0,10632462.0,14432836.0,34348950.0,36002138.0,3.5591087500491283,4.430433492375385,0.14643269364911224,0.20848253837656838,0.019228816768706476,3.5591087500491283,0.02293614470155795,6.787393754774539,13.781320864634806,1.2643614781194545,0.0,0.1799747791245339,0.0,0.1308388072083584,1.4409476089348499,0.016109749414641727,761.0100584898972,0.6218752828167182,0.36666666666666675,1.0734293890589646,-0.011863037332757457,0.7451768085446302,0.1939231799073655,0.3717089042302138,0.5778893732130781,0.17325844346825686,0.3325495371477262,0.5665912637054225,Beverages—Wineries & Distilleries,Consumer Defensive,WVVIP
2015Q3,2015,Q3,2015-09-30,2015-09-30,454256.0,4244519.0,746745.0,0.06,2635951.0,0.6210246673415762,35633017.0,22684422.0,15435821.0,6028787.0,12948595.0,10383662.0,13867340.0,34348950.0,39901948.0,2.971849183162804,2.5603526878624177,0.16131597838038805,0.25339746368675387,0.016855999054189247,2.971849183162804,0.02002501981315636,8.09254240586507,18.903960542073193,1.5142087376085667,0.0,0.15491336293496455,0.0,0.11911758692787647,0.2694417633265199,0.012748176782224193,-114.6784564842884,0.6210246673415762,-0.1044776119402986,1.651119087221687,-0.07734747662348733,0.485904832985216,-0.0448252008495271,-0.10970521195301736,-0.11615677418438508,0.6935442981344231,0.34500605558974345,0.3454911256712428,Beverages—Wineries & Distilleries,Consumer Defensive,WVVIP
2015Q2,2015,Q2,2015-06-30,2015-06-30,510231.0,4721154.0,844884.0,0.067,2759653.0,0.5845293332943599,31129728.0,22270914.0,11446158.0,1802276.0,8858814.0,9191743.0,13413084.0,34348950.0,39561304.0,2.917676173507487,6.35094624796646,0.1872956615618357,0.2617972032939465,0.01911269896941134,2.917676173507487,0.02291019578271462,7.275541107110676,16.830097544053576,1.5423233191058077,0.0,0.21339815527914563,0.0,0.15166062485351622,1.091204676753172,0.016390474083165775,-2259.6506808762583,0.5845293332943599,0.6341463414634146,2.977261920537544,0.15278591014862908,0.4766373990182588,0.19774838392141783,0.6237087812422432,0.6942849637132595,1.3201598821346718,0.6558794253258164,0.34172761275968544,Beverages—Wineries & Distilleries,Consumer Defensive,WVVIP
2015Q1,2015,Q1,2015-05-13,2015-03-31,314238.0,3912501.0,498667.0,0.041,2304034.0,0.5888903287181269,30298897.0,21636861.0,11554379.0,1715464.0,8662036.0,9788856.0,12902853.0,34348950.0,39604633.0,2.8346099225740526,6.735424934594955,0.1789078988584964,0.2505313501806015,0.01149437238939952,2.8346099225740526,0.014523271189845885,8.779282101141956,27.3271771714433,1.5875200196553465,0.0,0.16431613663537395,0.0,0.12913014622281466,0.9241324796090155,0.010371268630669955,-85.82302675961323,0.5888903287181269,-0.6272727272727273,2.668425859066389,0.10100389016584987,0.4469047027547005,-0.09795712227511902,-0.6371151021313156,-0.39574558321013986,0.6861427843210903,0.2208592288040949,0.3037080147677801,Beverages—Wineries & Distilleries,Consumer Defensive,WVVIP
2014Q4,2014,Q4,2014-12-31,2014-12-31,865944.0,4444667.0,825260.0,0.11,2554240.0,0.5746752231382014,30977301.0,21190252.0,12515493.0,2705009.0,9787049.0,9910570.0,12588615.0,34348950.0,39331483.0,2.776100404815868,4.626784236207717,0.17762341528721304,0.25966156513853633,0.03209078436994066,2.776100404815868,0.04086520537839758,7.72812676405229,9.916619896898645,1.6209788349850676,0.0,0.19074856441153235,0.0,0.1434814156339831,0.9075382004274293,0.027954146166575326,-85.73370073905458,0.5746752231382014,0.46666666666666673,12.423615309491698,-0.014679384351271267,0.39961766255533604,0.021854183027532663,0.5087551790586571,-0.15154057391248918,2.0532161330244656,0.13917682989341948,0.28944046616460833,Beverages—Wineries & Distilleries,Consumer Defensive,WVVIP
2014Q3,2014,Q3,2014-09-30,2014-09-30,573946.0,4046201.0,972657.0,0.075,2499613.0,0.6177678765834915,29805312.0,20225097.0,12322874.0,2582918.0,9580215.0,9827987.0,11722671.0,34348950.0,39024756.0,2.649657020083583,4.770911813692885,0.18727782483874014,0.27598750206241285,0.02321709253054585,2.649657020083583,0.028377910869846507,8.489185287631534,14.961751628201958,1.698333016647584,0.0,0.15736569452116694,0.0,0.13575435814931244,0.9447733145225671,0.0192565003177957,59.725878527586026,0.6177678765834915,0.041666666666666706,1.314102434874466,-0.07201609281763288,0.34198540961975643,0.11551818933185289,0.050154152981968216,0.28053635609621236,0.5370520638338327,-0.06875132338455017,0.25273413721005755,Beverages—Wineries & Distilleries,Consumer Defensive,WVVIP
2014Q2,2014,Q2,2014-06-30,2014-06-30,546535.0,3693412.0,759570.0,0.072,2240764.0,0.606692131828239,28445368.0,19645771.0,11161810.0,1671618.0,8799597.0,9469923.0,11148725.0,34348950.0,39599956.0,2.5737604642936684,6.677249227993477,0.19899141399752676,0.28812226305600325,0.01843614631369195,2.5737604642936684,0.02781947320876335,9.30005913231451,15.71214560824101,1.748414455202598,0.0,0.1533959674223328,0.0,0.1298422998078281,0.9559169618896183,0.019213497255510983,72.7100400076205,0.606692131828239,2.1304347826086953,1.1535439586419947,-0.08858269319558387,0.3299770754664164,0.30126499065905765,2.1245747934711146,2.053731883329648,2.1707267548109,-0.02539367143888144,0.24595396372852923,Beverages—Wineries & Distilleries,Consumer Defensive,WVVIP
2014Q1,2014,Q1,2014-03-31,2014-03-31,174915.0,2971879.0,248735.0,0.023,1721989.0,0.5794276954075183,28911645.0,19075465.0,11701592.0,2578725.0,9836180.0,9921788.0,10602190.0,34348950.0,40540846.0,2.4990456040140967,4.537743264597815,0.22076409004053557,0.3346001263927249,0.00606997294252766,2.4990456040140967,0.009169632299920343,11.557990752651774,49.09377411885773,1.8006874275410847,0.0,0.12597426996021283,0.0,0.10279176435654215,0.6352065458705368,0.006049984357514074,-25.31551390958658,0.5794276954075183,-0.5306122448979592,0.05908958802586632,-0.1811306863379649,0.3166450314202862,-0.1492405614257673,-0.5319474027850621,-0.5722675058467465,5.167230801777025,-0.18032800901786225,0.22315590898146456,Beverages—Wineries & Distilleries,Consumer Defensive,WVVIP
2013Q4,2013,Q4,2013-12-31,2013-12-31,373708.0,3577550.0,581520.0,0.049,2024061.0,0.5657673547539517,29004812.0,18859258.0,12579518.0,2750413.0,10145554.0,9833312.0,10427275.0,34348950.0,39220012.0,2.4707206770512635,4.573683297744739,0.20054413729694232,0.30842915452983355,0.01576429885044835,2.4707206770512635,0.01981562583215098,9.601249458428255,22.97846848341486,1.8213309346528903,0.0,0.1579822749445965,0.0,0.12334332661766606,0.9338368455937345,0.012884344845951768,-17.449789046684057,0.5657673547539517,0.6333333333333334,0.5109080617773105,-0.23947595045045147,0.317395020581789,0.15078135926834343,0.6103522273835892,0.3874685951379428,0.2435378676959935,-0.3014581405983535,0.21149555374559245,Beverages—Wineries & Distilleries,Consumer Defensive,WVVIP
2013Q3,2013,Q3,2013-09-30,2013-09-30,232066.0,3043546.0,419123.0,0.03,1758858.0,0.5778976233643257,28800600.0,18394956.0,12441659.0,3076173.0,10405644.0,8914627.0,10053567.0,34348950.0,38529184.0,2.4098932281772805,4.0445251291133495,0.20383144795594535,0.31913465843571465,0.009753495540623804,2.4098932281772805,0.01261574096725211,11.285832381045005,37.00342790413072,1.8673026453556074,0.0,0.1441101237326026,0.0,0.10567647896224384,1.0721181806094782,0.00805767935390235,-18.503288676287593,0.5778976233643257,-0.7272727272727273,-0.04746150909784954,-0.24971539658850603,0.31010040328683214,-0.17959656587499195,-0.5546826577116815,-0.5265200853595301,0.35437859289737084,-0.3384090407152161,0.20493059170519728,Beverages—Wineries & Distilleries,Consumer Defensive,WVVIP
2013Q2,2013,Q2,2013-06-30,2013-06-30,521125.0,3609259.0,885197.0,0.11,2143894.0,0.5939983802769488,25785330.0,18101418.0,13582461.0,2175409.0,7683912.0,8660642.0,9821501.0,34348950.0,35082624.0,2.3714372928430127,6.2436355646225605,0.1529153592372097,0.2178267470537391,0.024478865149063955,2.3714372928430127,0.02878918104647934,9.516898066888523,16.4782681698249,1.897583382694107,0.0,0.16919819569957978,0.0,0.13997334918730922,2.153516878894957,0.020210134987607296,-77.21207557348859,0.5939983802769488,1.8309535289099879,2.30816304506529,-0.07097173912987524,0.3127335403905533,0.22043625922345902,0.7570374216518934,0.8113152337611315,3.062180891282826,-0.11871061158413157,0.20018562300866022,Beverages—Wineries & Distilleries,Consumer Defensive,WVVIP
2013Q1,2013,Q1,2013-03-31,2013-03-31,296593.0,3041559.0,488704.0,0.03885616590900159,1756662.0,0.5775531561281566,25066675.0,17631488.0,14326802.0,1824535.0,7435187.0,9210530.0,9300376.0,34348950.0,34597365.0,2.309872528854594,7.8523031895798105,0.15914244709360137,0.22625271332742874,0.013309072365684075,2.309872528854594,0.0168217793075661,11.293205227976836,28.9529338183976,1.948159451998606,0.0,0.13950304705592403,0.0,0.12133874955493698,2.7194260455403705,0.011832163619626456,-44.168999486929565,0.5775531561281566,-0.4415401503697106,3.9348274599846933,-0.10612682848841819,0.2969825375267476,-0.19012864080019806,-0.44154015036971067,-0.28095706817683574,2.5747408996304637,-0.14408500057406956,0.17905656018047478,Beverages—Wineries & Distilleries,Consumer Defensive,WVVIP
2012Q4,2012,Q4,2012-12-31,2012-12-31,531091.0,3797756.0,679659.0,0.0695773669937509,2169063.0,0.5711433277967305,25410996.0,17341494.0,15240015.0,2371136.0,8069502.0,9226884.0,9003783.0,34348950.0,33822075.0,2.2718808871886913,6.427305308510351,0.15844471424890233,0.2321736523969619,0.026071366567082945,2.2718808871886913,0.03062544668873397,9.044538406364179,16.169051066578042,1.980737645787612,0.0,0.17651603726675225,0.0,0.14945325244236787,2.4982236362654864,0.020900046578260844,235.53942577366954,0.5711433277967305,0.9799983596045158,-0.2007467448426147,-0.26099088847133983,0.28296841180714577,0.21028427183902626,0.9799983596045155,0.16969419523385829,7.2328202266350425,-0.15809052061635817,0.14540692095107607,Beverages—Wineries & Distilleries,Consumer Defensive,WVVIP
2012Q3,2012,Q3,2012-09-30,2012-09-30,268228.0,3155762.0,581057.0,0.03514011345324966,1792193.0,0.5679113317163968,24450709.0,16859585.0,14775022.0,1839593.0,7591124.0,8565028.0,8472692.0,34348950.0,33947944.0,2.2087467739188535,8.031679833528395,0.16673716905305283,0.24181152738931594,0.01482165776019807,2.2087467739188535,0.015909525649652704,10.88451854100531,32.014694588186174,2.037354418866182,0.0,0.15920193138889913,0.0,0.129066277791781,3.331199890410542,0.010970152235667276,67.12568226987499,0.5679113317163968,0.21970606424387928,-0.4868787040544212,-0.257532228378289,0.3279360514527238,0.054657382130307956,0.21970606424387937,0.19723118512199847,0.08147293979138855,-0.27623557235598495,0.11867533106239758,Beverages—Wineries & Distilleries,Consumer Defensive,WVVIP
2012Q2,2012,Q2,2012-06-30,2012-06-30,219912.0,2851146.0,485334.0,0.02881031297899936,1699313.0,0.5960105164730253,23973930.0,16598685.0,14309435.0,1522937.0,7375245.0,8863747.0,8205102.0,34348950.0,34500820.0,2.174566689811479,9.395946779151075,0.17210845280686146,0.24858089661922014,0.013500739951030141,2.174566689811479,0.01324876036866776,12.04741882737678,39.04851713412638,2.06937778504743,0.0,0.12994876771640707,0.0,0.11892693438247297,3.459987510973862,0.009172964132288698,75.67064748296532,0.5960105164730253,0.18000697555871545,-0.1706973078358983,-0.234842074499647,0.39501839805246725,0.06013058602756955,0.18000697555871542,0.6228866834305281,-0.13346783091132616,-0.29642731202850275,0.1236958087767731,Beverages—Wineries & Distilleries,Consumer Defensive,WVVIP
2012Q1,2012,Q1,2012-03-31,2012-03-31,186365.0,3204711.0,299056.0,0.024415375142471604,1602928.0,0.500178643253635,24215477.0,16596401.0,14667348.0,1683971.0,7619076.0,9068217.0,7987299.0,34348950.0,34731875.0,2.1742674666911217,8.709976596984152,0.17180520540644317,0.25067754147420274,0.008938326793909252,2.1742674666911217,0.01122924180971525,10.718267575453762,46.07752260349314,2.069662573228979,0.0,0.1766370390121895,0.0,0.13234143601631304,3.2243880684406085,0.007696111045014723,83.35565925785714,0.500178643253635,-0.3428990504800489,-0.20446250581611267,-0.10865216610102924,0.42764248553123263,-0.18973694839105262,-0.3428990504800488,-0.316149568271623,0.12841798057594023,-0.1169763314538801,0.14553269952311354,Beverages—Wineries & Distilleries,Consumer Defensive,WVVIP
2011Q4,2011,Q4,2011-12-31,2011-12-31,283617.0,3901648.0,437312.0,0.037156201281261875,1978281.0,0.5070372827072047,24286727.0,16433680.0,14767960.0,1821177.0,7853047.0,9619145.0,7800934.0,34348950.0,35146248.0,2.1529496534828576,8.109019606551149,0.17328765625767523,0.2560954089406633,0.014450982721857847,2.1529496534828576,0.017258276904503433,8.803702948087578,30.27758385428236,2.0901557046261092,0.0,0.19995197078326607,0.0,0.16064939503787398,2.751205950876823,0.011677860092057691,73.9084454007531,0.5070372827072047,-0.24046148036860573,-0.36580942776452274,-0.12703658565780993,0.44911743114816627,-0.05324115949519748,-0.24046148036860585,-0.2915672409463871,0.14666855340826404,-0.1705784302450289,0.14795864194840194,Beverages—Wineries & Distilleries,Consumer Defensive,WVVIP
2011Q3,2011,Q3,2011-09-30,2011-09-30,373407.0,4344920.0,617295.0,0.048919442952404656,2089530.0,0.48091334247811235,24095370.0,16144764.0,14718386.0,1930285.0,7950606.0,9499982.0,7517317.0,34348950.0,35700128.0,2.115099238841362,7.624980767088798,0.1766109422681619,0.26358428032766534,0.018802711056614217,2.115099238841362,0.02312867503049286,7.905542564650212,22.996991218697026,2.1275597463053657,0.0,0.2374099235135393,0.0,0.18032177966140384,2.6286227163346347,0.015497043622903488,275.7755672238547,0.48091334247811235,1.1663234108221316,0.6372975888241406,0.3134412098028954,0.4878976716941049,0.0938945384585182,1.1663234108221316,0.7484633904546099,0.5326869953905322,0.07109489360590183,0.14984030553651398,Beverages—Wineries & Distilleries,Consumer Defensive,WVVIP
2011Q2,2011,Q2,2011-06-30,2011-06-30,172369.0,3789645.0,353050.0,0.022581781975868256,1910175.0,0.5040511710199768,21645434.0,15767654.0,13431464.0,1717926.0,5877780.0,10248913.0,7143910.0,34348950.0,35822362.0,2.065694671889534,7.81841825550111,0.15117178985646582,0.20752478460016943,0.010353499636165208,2.065694671889534,0.010931810147533678,9.063896486346346,49.818920455534354,2.178443920699934,0.0,0.18338237430642645,0.0,0.17507826361901543,1.7440285553626873,0.007963296092838794,112.08371130791168,0.5040511710199768,5.1031843178022305,-0.3350115352268081,0.10304191573542089,0.492863769025957,0.0982530177630463,5.07746280234116,2.8071257575430804,0.0942187688459756,-0.024540133122847703,0.1434865632666607,Beverages—Wineries & Distilleries,Consumer Defensive,WVVIP
2011Q1,2011,Q1,2011-03-31,2011-03-31,28362.0,3625693.0,92734.0,0.0037,1739285.0,0.47971105110112744,21177831.0,15595285.0,13270189.0,1722273.0,5582546.0,10480453.0,6971541.0,34348950.0,36051753.0,2.0431128899136657,7.705043857739162,0.14956767763422044,0.20310747767674653,0.0029654629446643475,2.0431128899136657,0.0018186265913062826,9.473761291979216,302.77263592130316,2.2025214672255107,0.0,0.17999298312773312,0.0,0.1712022822356076,1.5233874072228968,0.0013392306322587992,1182.8965493491287,0.47971105110112744,-0.9051282051282051,-0.9206199936187005,-0.020868659716027856,0.5333919869221114,-0.27354777217446363,-0.90562358578464,-0.822977732387779,-0.5281022262154338,0.06554227645669267,0.1471982576146055,Beverages—Wineries & Distilleries,Consumer Defensive,WVVIP
2010Q4,2010,Q4,2010-12-31,2010-12-31,300520.0,5121454.0,523855.0,0.039,2394218.0,0.4674879438534447,21770200.0,15566923.0,13755567.0,2301447.0,6203277.0,10712018.0,6943179.0,34348950.0,36109398.0,2.039397230483028,5.976921041414379,0.1506330672203287,0.21065897223234162,0.01671736807092969,2.039397230483028,0.01930503542671856,6.7068746492695235,28.574595700785306,2.206534329231281,0.0,0.2545959127402512,0.0,0.23525066375136655,1.286715705380137,0.013804191050151123,26.949018900195355,0.4674879438534447,0.7727272727272728,-0.36654483215082184,0.23045708353464725,0.6005318270623337,0.2149949405193859,0.7538883539058624,0.5767461879736815,-0.5477392984631684,-0.003411180108752987,0.15168107649976006,Beverages—Wineries & Distilleries,Consumer Defensive,WVVIP
2010Q3,2010,Q3,2010-09-30,2010-09-30,171345.0,4600344.0,332238.0,0.022,1970558.0,0.4283501407720814,21150374.0,15266403.0,13260095.0,1938230.0,5883971.0,11033187.0,6642659.0,34348950.0,37411929.0,2.0000265946994014,6.841342358749993,0.1607272760283104,0.222674719120149,0.010679586059058077,2.0000265946994014,0.01122366545675494,7.466604671302842,50.11665061717587,2.249970081361012,0.0,0.23835234551902365,0.0,0.21750650839554894,1.0774944150075068,0.008101275183124422,58.181382404802356,0.4283501407720814,0.2941176470588234,-0.46159574668652553,0.2714960741348394,0.709439944210083,0.06064470013515354,0.33563806153390446,0.26198118260169334,-0.67221629190914,0.08233990978195083,0.20244993691754667,Beverages—Wineries & Distilleries,Consumer Defensive,WVVIP
2010Q2,2010,Q2,2010-06-30,2010-06-30,128287.0,4095430.0,263267.0,0.017,1857887.0,0.4536488232004942,20911020.0,15082182.0,13042574.0,1748803.0,5828838.0,11607273.0,6471314.0,34348950.0,38005139.0,1.9758921015052862,7.458000701050947,0.17484508168420287,0.24241777482860238,0.00849908357659737,1.9758921015052862,0.008505864734956785,8.387141276984346,66.93770608089673,2.2774522943696076,0.0,0.19277077397938344,0.0,0.19585032198333702,0.7428612599589548,0.006134899206255841,33.10844286281601,0.4536488232004942,1.6890960680989053,-0.5343822590011614,0.16595905080684722,0.7690254443593554,0.2649641492258262,1.6811313341545258,1.9652106644766751,-0.5162212409070168,0.09908462170366264,0.2675655555109188,Beverages—Wineries & Distilleries,Consumer Defensive,WVVIP
2010Q1,2010,Q1,2010-03-31,2010-03-31,-188344.0,3553576.0,-272756.0,-0.02467,1468727.0,0.4133095788580292,21605834.0,14953895.0,13665772.0,2455405.0,6651939.0,11797244.0,6343027.0,34348950.0,38984335.0,1.9590854305590126,5.565587754362315,0.21454321087535894,0.30997843705603123,-0.008400907498591922,1.9590854305590126,-0.01259497943512376,9.66602374622071,-45.59336904812471,2.2969901821565553,0.0,0.17672339404016735,0.0,0.16447298447261977,0.7042561206807024,-0.008717275158181813,-58.59785629353391,0.4133095788580292,-3.902352941176471,-3.121970729728816,0.49619338817504083,0.8176561114892013,-0.14226204589546618,-3.9196546218357127,-1.3565454796792922,-1.8039852644250267,-0.011619996250716956,0.2863521329819079,Beverages—Wineries & Distilleries,Consumer Defensive,WVVIP
2009Q4,2009,Q4,2009-12-31,2009-12-31,64509.0,4510884.0,-115744.0,0.0085,1712326.0,0.37959876600684034,22305288.0,15140029.0,14214023.0,2856214.0,7165259.0,12169407.0,6531371.0,34348950.0,38480693.0,1.9834705427676829,4.9765259185761295,0.18523603012881967,0.27290192112577855,0.00259192705380591,1.9834705427676829,0.004260824071076746,7.61468262096742,133.11689066641864,2.268750608073472,0.0,0.22996666969886043,0.0,0.20223383800289868,0.6952805357021568,0.0028920944665677484,149.97380290176525,0.37959876600684034,-0.734375,-0.5596775514661716,0.44225062106935836,0.8603516328179164,-0.19563602883321315,-0.7399050886820068,-1.2516939938242073,-0.8557526536690734,0.0092752340399636,0.3350436379428552,Beverages—Wineries & Distilleries,Consumer Defensive,WVVIP
2009Q3,2009,Q3,2009-09-30,2009-09-30,248021.0,4360206.0,459860.0,0.032,2128795.0,0.48823266607128196,21332360.0,15071026.0,13355673.0,3411265.0,6261334.0,11640737.0,6466862.0,34348950.0,38412299.0,1.974430572113558,3.9151672473407957,0.19083045663958417,0.2701119353121679,0.014233421144109623,1.974430572113558,0.016456809244440294,7.877827332011377,34.62302587280916,2.2791381290165647,0.0,0.19168983888219449,0.0,0.20439398172541623,0.43694347991141114,0.011626514834739334,-54.5142685739044,0.48823266607128196,-0.030303030303030328,1.1254327631714258,0.8854072481835434,0.885604049105944,0.0666914198984917,-0.02270828736248148,0.004227775788122046,0.08751090707392258,0.3180620687215975,0.38894222891343083,Beverages—Wineries & Distilleries,Consumer Defensive,WVVIP
2009Q2,2009,Q2,2009-06-30,2009-06-30,253784.0,4052383.0,457924.0,0.033,1995699.0,0.49247541508292775,20867950.0,14771511.0,13033181.0,3171369.0,6096439.0,11619663.0,6218841.0,34348950.0,37845084.0,1.9351915997432236,4.109638771142683,0.16753605409251987,0.23668086494333584,0.01501717953403624,1.9351915997432236,0.017180639137052398,8.476234847495906,33.83679625193078,2.3253511438335592,0.0,0.17700031403664632,0.0,0.1941917150462791,0.3796909158158511,0.012161424576922986,-70.09217351557176,0.49247541508292775,0.5000000000000001,2.4858045463910448,0.9262078301598905,0.8725625266689266,0.06944739920572444,0.5366320327447989,0.5045027581652534,-0.020917725669930536,0.1795163683177849,0.3985500687463323,Beverages—Wineries & Distilleries,Consumer Defensive,WVVIP
2009Q1,2009,Q1,2009-03-31,2009-03-31,165156.0,3629247.0,304369.0,0.022,1866103.0,0.5141846228708049,19996435.0,14487933.0,12181612.0,2504574.0,5508502.0,10822903.0,5965057.0,34348950.0,37384840.0,1.8980405077884477,4.863746090153455,0.151821562193461,0.20954610985569852,0.01014712894992321,1.8980405077884477,0.011399555754433707,9.464483954936107,51.99470500617598,2.370866154612946,0.0,0.1629086022483986,0.0,0.18149470143052998,0.4944305897929149,0.008259272215272373,-38.707796225113846,0.5141846228708049,-0.31250000000000006,0.3388023767641315,0.9685375450335372,0.8543274902377936,-0.18054899308818492,-0.332271367348589,-0.4100792907826161,-0.5377588204671783,-0.01990888932637564,0.42451262476219087,Beverages—Wineries & Distilleries,Consumer Defensive,WVVIP
2008Q4,2008,Q4,2008-12-31,2008-12-31,247340.0,4704059.0,515949.0,0.032,2277260.0,0.4841053226585806,20335100.0,14315568.0,12372395.0,2922407.0,6019532.0,10604204.0,5799901.0,34348950.0,36531371.0,1.8754592498460652,4.233631728913871,0.12455222742942007,0.17692500919278928,0.015992200295246554,1.8754592498460652,0.017277693766674155,7.301981118859266,34.71835327888736,2.3994123041432935,0.0,0.2288525381065849,0.0,0.2313270650254978,0.553535835357635,0.012163205491981844,44.24626407132175,0.4841053226585806,0.0,4.154605514884064,1.0182589216951963,0.864448571002131,0.14947994116465316,0.015232176793403085,0.11748627370290554,-0.4786410181824314,0.1301756723608002,0.4718722644465498,Beverages—Wineries & Distilleries,Consumer Defensive,WVVIP
2008Q3,2008,Q3,2008-09-30,2008-09-30,243629.0,4056522.0,461705.0,0.032,1981122.0,0.48837945412350775,19091346.0,14040875.0,11206613.0,1962310.0,5050471.0,9929994.0,5552561.0,34348950.0,37329778.0,1.8394721672714887,5.710928956179197,0.15711851851619052,0.21363369448129124,0.01546636904540107,1.8394721672714887,0.017351411503912683,8.467586272180947,35.2471893740072,2.44635394873895,0.0,0.20900314743392595,0.0,0.21247962296634296,0.5932232929557512,0.012761226997824041,-22.662671492720673,0.48837945412350775,0.5238095238095237,0.6334057417166149,1.1091215568055912,0.8110303707892299,0.036618477253616825,0.5465856646797057,0.7411266479621081,-0.23446327683615825,0.1211882845373316,0.5722126932363013,Beverages—Wineries & Distilleries,Consumer Defensive,WVVIP
2008Q2,2008,Q2,2008-06-30,2008-06-30,157527.0,3884983.0,265176.0,0.021,1911139.0,0.4919298231163431,17540405.0,13789103.0,11254187.0,2106331.0,3751302.0,9734976.0,5308932.0,34348950.0,35814117.0,1.8064879275785724,5.343028707263958,0.08730203207964696,0.11105240130558167,0.01038524058452406,1.8064879275785724,0.0114240208373235,8.841467259959696,54.51279780609039,2.4910213521503173,0.0,0.20275797290101177,0.0,0.22148764523966236,0.5714486469600457,0.00898080745570014,-110.91254593243653,0.4919298231163431,1.6582278481012658,4.37066584841976,1.4994325587739152,0.8134436866091818,0.1590809296232503,1.620994309673555,1.2037214018000348,-0.428255662020906,0.10604529709474655,0.6173570947421216,Beverages—Wineries & Distilleries,Consumer Defensive,WVVIP
2008Q1,2008,Q1,2008-03-31,2008-03-31,60102.0,3402674.0,120331.0,0.0079,1648840.0,0.48457183967667783,17520702.0,13594237.0,11333125.0,2184970.0,3926465.0,9485358.0,5151409.0,34348950.0,35533622.0,1.7809588502705322,5.186856112440903,0.08367672710830878,0.10784533181229664,0.004793964427828586,1.7809588502705322,0.004421138163179,10.094693173662831,142.87773285414795,2.5267287895598702,0.0,0.18489908340834368,0.0,0.19420877085861057,0.6735804152917432,0.003430342003419726,-32.971816154667984,0.48457183967667783,-0.9091954022988505,0.5757845887627487,1.2785341253722309,0.7947393428812575,-0.395964032743465,-0.9095508695468966,-0.8905382257933934,-0.3228630336078595,0.4326577906072978,0.6523887565134452,Beverages—Wineries & Distilleries,Consumer Defensive,WVVIP
2007Q4,2007,Q4,2008-05-19,2007-12-31,664484.0,5138984.0,1099297.0,0.087,2729705.0,0.53117600677488,17183195.0,13516696.0,11018401.0,1856166.0,3666499.0,7976432.0,5091307.0,34348950.0,34496703.0,1.770800330141096,5.936107546415569,0.07164895701876164,0.09108424129683763,0.044324892799471494,1.770800330141096,0.049160238567176474,6.683996291874036,12.923166697768494,2.541223831622758,0.0,0.3020497134558409,0.0,0.29907034169140256,1.5892910440122274,0.03867057319666104,-29.439576742794795,0.53117600677488,0.2794117647058822,4.797480281985064,1.7772151994504999,0.7956347174126548,0.2839598213550768,0.27116069618049576,0.4104961834509712,3.535603123464206,0.6430710401033356,0.66088238496131,Beverages—Wineries & Distilleries,Consumer Defensive,WVVIP
2007Q3,2007,Q3,2007-09-30,2007-09-30,522738.0,4250369.0,779369.0,0.068,2126005.0,0.5001930420629361,16721846.0,12696082.0,10771122.0,2157308.0,4025764.0,6968523.0,4426824.0,34348950.0,33405481.0,1.6632930264243886,4.992853129919325,0.07751267413896767,0.10209094427713998,0.037765696431652056,1.6632930264243886,0.04117317452738569,8.08140422631541,16.427421576391996,2.7054763823989165,0.0,0.3048514010788226,0.0,0.25418060900692424,1.5187145275500764,0.03126078304990968,73.05380625155523,0.5001930420629361,0.9428571428571428,5.4212905524094985,1.812016788598361,0.0,0.23225878996644625,0.9712795604445332,0.7000198496227481,3.479638707023618,0.8379123647035575,0.5884640917599833,Beverages—Wineries & Distilleries,Consumer Defensive,WVVIP
2007Q2,2007,Q2,2007-06-30,2007-06-30,265177.0,3726219.0,458447.0,0.035,1725291.0,0.46301384862242395,15170077.0,11898542.0,9505669.0,1315112.0,3271535.0,6592444.0,3904086.0,34348950.0,34136074.0,1.5588086098701708,7.228030008090566,0.08993659030207955,0.11466488919398696,0.02073897313365338,1.5588086098701708,0.022286512078538698,9.218177997589514,32.38304038434706,2.8868200826622283,0.0,0.30351839166172667,0.0,0.24562953767472637,1.985354099118554,0.017480267239250006,43.26532848646075,0.46301384862242395,0.12903225806451624,68.47262247838617,1.7206761424744432,0.0,0.015400886221892117,0.13196279395380406,0.17867849337961178,2.642291051438775,0.7711732120805356,0.508360510390328,Beverages—Wineries & Distilleries,Consumer Defensive,WVVIP
2007Q1,2007,Q1,2007-03-31,2007-03-31,234263.0,3595354.0,388950.0,0.031,1699123.0,0.4725885128418509,14999140.0,11625040.0,9237972.0,1355117.0,3374100.0,6984813.0,3638909.0,34348950.0,34929988.0,1.5229775582659733,6.817102877463717,0.09514725510929294,0.12276319049224776,0.017879804881272138,1.5229775582659733,0.020151586575185978,9.553704586530284,36.656396870184366,2.954738220255586,0.0,0.27147913623457065,0.0,0.23970400969655595,1.4668947404541453,0.015618428789917288,-69.99419244406407,0.4725885128418509,-0.47457627118644063,4.697040953207607,1.8588101523488443,0.0,-0.14487979108192808,-0.47616896722128926,-0.5131028474000856,0.8990037369995381,0.9501536645718817,0.4879024666330222,Beverages—Wineries & Distilleries,Consumer Defensive,WVVIP
