Quarters,Year,Quarter,FillingDate,Date,NetIncome,Revenue,OperatingIncome,EPSDiluted,GrossProfit,GrossProfitRatio,TotalAssets,CommonStockEquity,CurrentAssets,CurrentLiability,TotalLiability,Inventory,RetainedEarnings,MarketCap,EnterpriseValue,bookValuePerShare,currentRatio,debtToAssets,debtToEquity,roic,shareholdersEquityPerShare,roe,priceToSalesRatio,peRatio,pbRatio,payoutRatio,inventoryTurnover,dividendYield,assetTurnover,quickRatio,returnOnAssets,priceToFreeCashFlowsRatio,grossProfitMargin,epsdilutedGrowth,fiveYNetIncomeGrowthPerShare,fiveYRevenueGrowthPerShare,fiveYShareholdersEquityGrowthPerShare,grossProfitGrowth,netIncomeGrowth,operatingIncomeGrowth,threeYNetIncomeGrowthPerShare,threeYRevenueGrowthPerShare,threeYShareholdersEquityGrowthPerShare,Industry,Sector,Symbol
2023Q4,2023,Q4,2023-05-03,2023-03-31,8232644.0,12797683.0,8904173.0,1.7,10268372.0,0.8023618025,69255170.0,67079502.0,30786804.0,1832760.0,2175668.0,6417010.0,48949610.0,400910249.73999995,399759059.73999995,13.885720992641838,16.798055391868,0.007489780185363779,0.0077327049923537,0.11556358404232515,13.885720992641838,0.12272965294226543,31.326783898304086,12.174407448566948,5.976643203761411,0.586789128741629,0.3941572476901236,0.012049644535486204,0.18479029074652478,12.934773238176302,0.11887407106213153,92.92358296665498,0.8023618025231598,0.9318181818181818,1.1254021094598845,0.6238763820163639,-0.22219520449748345,0.7335542009816816,0.9456425459265232,0.8476270571674253,1.452369915825326,1.0864871867893406,-0.13752602379888576,Semiconductors,Technology,NVEC
2023Q3,2023,Q3,2023-01-25,2022-12-31,4231324.0,7401678.0,4819248.0,0.88,5923306.0,0.8002652912,65730333.0,63455440.0,21847997.0,1877590.0,2274893.0,6459227.0,45547791.0,312795983.5,311324843.5,13.135525891431403,11.636191607326413,0.008497963946112977,0.008802618026129833,0.06043559610592116,13.135525891431403,0.06668181640533893,42.26014472664171,18.480975665063703,4.929380105157257,1.1416818943668696,0.22887754215790837,0.015444015444015444,0.11260673211559723,7.703816594677219,0.06437399305431786,69.28602437756406,0.8002652911947804,-0.30158730158730157,0.18729875875110186,0.007749541072382653,-0.2777600864531793,-0.2876397632579892,-0.305243866016088,-0.33153643001398164,0.13776627340917383,0.14855476935406528,-0.20660185891012786,Semiconductors,Technology,NVEC
2023Q2,2023,Q2,2022-10-19,2022-09-30,6090373.0,10717824.0,7209440.0,1.26,8315043.0,0.775814475,67508321.0,63715136.0,26166362.0,3418244.0,3793185.0,5794849.0,46147293.0,225358032.9,222307264.9,13.189283985802842,7.6549134584892125,0.00789193083323758,0.008361765091421919,0.08964608386932524,13.189283985802842,0.0955875382577854,21.026472621681418,9.25058419656727,3.5369622831849563,0.7931904991697553,0.4146408301579558,0.021436227224008574,0.15876300641516472,5.783846910870025,0.09021662677701613,37.43429844545643,0.7758144750277668,0.4651162790697675,0.9307639068894754,0.5351714287806248,-0.2871144057921034,0.46274170736169556,0.47106337117124253,0.5302371606101217,0.5984868749780357,0.6535839206073383,-0.2139758882543498,Semiconductors,Technology,NVEC
2023Q1,2023,Q1,2022-07-20,2022-06-30,4140116.0,7336407.0,4711322.0,0.86,5684560.0,0.7748425081,65074195.0,63543000.0,37966878.0,1119790.0,1531195.0,5544037.0,44887746.0,225213108.11999997,212482224.11999997,13.153651156137688,33.90535546843605,0.008734337781665989,0.008944809026958123,0.06038168492126709,13.153651156137688,0.06515455675684183,30.69801172699388,13.599444322332996,3.544263067843822,1.1668334896896608,0.29795021209274036,0.02145002145002145,0.11273911263904225,28.309640200394718,0.06362147084570159,68.10929033463847,0.7748425080560553,0.08860759493670879,0.2581347109487651,-0.033623047371712414,-0.30171974115226474,0.10269172657258242,0.08493037248232452,0.0024701508368702514,0.15127435886969975,0.16915358761546256,-0.22370699624857535,Semiconductors,Technology,NVEC
2022Q4,2022,Q4,2022-05-04,2022-03-31,3816020.0,6719537.0,4699713.0,0.79,5155167.0,0.767190805,67467492.0,64565129.0,41503177.0,2456345.0,2902363.0,5088635.0,45578456.0,263233356.1,253385985.1,13.360246697967773,16.896314239245708,0.008924875998058442,0.009326071353470074,0.062014224320360536,13.360246697967773,0.0591034209813164,39.17432943668589,17.24528147782244,4.077020524500153,1.2666896399914047,0.3074242896179427,0.01836284379614761,0.09959666204873897,14.65348800758851,0.05656086934430585,88.36041246865231,0.7671908049617109,0.09722222222222231,0.2626869980006942,-0.017804370323420735,-0.30214234717285093,0.050830414511141196,0.10117512892425046,0.16411594113870373,0.3379423985835492,0.20512066335537774,-0.2182048363295079,Semiconductors,Technology,NVEC
2022Q3,2022,Q3,2022-01-19,2021-12-31,3465407.0,6290809.0,4037152.0,0.72,4905803.0,0.7798365838,68048752.0,66489402.0,39777875.0,1076552.0,1559350.0,4367675.0,46596148.0,330135153.2,321803101.2,13.755657683169742,36.949329897673316,0.009340435809902877,0.009559493406182236,0.047781361068919205,13.755657683169742,0.052119689691298474,52.47896625060465,23.816477631631724,4.965229694801587,1.394708327189274,0.31710372223208,0.014640161622146212,0.09244561898798673,32.03593881205924,0.050925357161583217,124.31037050787862,0.7798365838161674,-0.040000000000000036,-0.004701355281451774,-0.15655428480294312,-0.2938211798887452,-0.07075237605998339,-0.049663966091385535,-0.01249029221799734,0.015250876349642927,0.005781826224982046,-0.2058369869756082,Semiconductors,Technology,NVEC
2022Q2,2022,Q2,2021-10-20,2021-09-30,3646507.0,6823462.0,4088215.0,0.75,5279328.0,0.7737022643,70009440.0,68228589.0,41417752.0,1264878.0,1780851.0,3982771.0,47963973.0,309181851.04,298704623.04,14.116555753996497,32.744463892960425,0.009540541961198376,0.009789561967931067,0.0488927821296646,14.116555753996497,0.05344544059089365,45.31158098923978,21.19712447007506,4.531558626252699,1.3254415801203727,0.38770343562308757,0.01563232765358762,0.09746488473554424,29.00059689551087,0.05208593298275204,99.42929349925151,0.773702264334439,0.013513513513513526,0.10379696388557377,-0.06515332930186545,-0.28953602421824787,-0.019365173596315614,0.01870087044071823,-0.005015306090164042,-0.1468051579969684,-0.08909817081473394,-0.1970755178747249,Semiconductors,Technology,NVEC
2022Q1,2022,Q1,2021-07-21,2021-06-30,3579566.0,7153163.0,4108822.0,0.74,5383582.0,0.7526155912,72100389.0,69555349.0,33578636.0,1996181.0,2545040.0,3670026.0,49150698.0,357900829.59999996,349731975.59999996,14.391063578160535,16.821438536886184,0.009708255526887656,0.010063481961682056,0.047125307547127376,14.391063578160535,0.051463561774379135,50.03392619460789,24.996104946800813,5.14555436419419,1.3502284913869447,0.4821712434734795,0.013504388926401082,0.09921115682191396,14.653166220898806,0.04964697208499111,109.29220698595144,0.7526155911727441,0.1384615384615384,0.14312254545822914,0.06679154158939374,-0.2884491758956252,0.1718385166472107,0.14200040198183425,0.16838595658102207,-0.09099554355633492,0.008194875258994202,-0.1844158802763316,Semiconductors,Technology,NVEC
2021Q4,2021,Q4,2021-05-05,2021-03-31,3134470.0,5862837.0,3516665.0,0.65,4594133.0,0.7836023754,72500739.0,70891942.0,24362633.0,1027338.0,1608797.0,3900777.0,50404364.0,338809563.2,329113955.2,14.667605858771108,23.71433062925736,0.010092752295945563,0.010321793695537358,0.03958301133988395,14.667605858771108,0.04421475715815487,57.789354061864586,27.02287493579457,4.779239412005387,1.5419614799312165,0.3252439193524777,0.014265335235378032,0.08086589296696686,19.536489451378223,0.04323362828067173,70.81156862843451,0.7836023754370112,-0.19753086419753088,0.20561797724590128,-0.03861812632678984,-0.285565747599223,-0.1583237974216947,-0.20155314619601197,-0.20880334561601102,-0.1911841714157352,-0.25644484348540664,-0.17839814140450794,Semiconductors,Technology,NVEC
2021Q3,2021,Q3,2021-01-20,2020-12-31,3925709.0,6533362.0,4444742.0,0.81,5458314.0,0.8354525587,74420858.0,72968719.0,32677205.0,748944.0,1452139.0,3842477.0,52103126.0,271530973.76,258263283.76,15.097292867381496,43.63103916981777,0.009683011179473367,0.009875711261972408,0.0487491304230369,15.097292867381496,0.053799889237469006,41.56068097252226,17.291842935887505,3.7211969386498343,1.231174292338021,0.2797799440308947,0.0177999288002848,0.08778939366702813,37.739417099275784,0.052750117446912534,90.81008868943047,0.8354525587285688,0.7608695652173914,0.5267570394781049,0.08860432868052459,-0.2800710099514896,0.5869507701414567,0.7664754268023795,0.9620544454258965,0.10099561411101257,-0.11091579201953626,-0.1698948648533759,Semiconductors,Technology,NVEC
2021Q2,2021,Q2,2020-10-21,2020-09-30,2222340.0,4380785.0,2265351.0,0.46,3439498.0,0.7851328015,75497585.0,74017419.0,33538286.0,693189.0,1480166.0,3928524.0,53010649.0,237287517.72,234201100.72,15.309591332177387,48.38259983929347,0.010048705531441833,0.010249654881913674,0.02499298850462549,15.309591332177387,0.030024554085032334,54.16552460803258,26.693430991657443,3.2058334500963888,2.175651790455106,0.23960321993705525,0.02037628462911968,0.05802549843150612,41.834372732400546,0.029435908446607928,100.1828624336301,0.7851328015412763,-0.07999999999999996,-0.3258869904913013,-0.39564857192226843,-0.2865353542688721,-0.08349463339764018,-0.0785802687961391,-0.09992466761971133,-0.29604185316601017,-0.3730206268102471,-0.17251102291319745,Semiconductors,Technology,NVEC
2021Q1,2021,Q1,2020-07-22,2020-06-30,2411865.0,4589262.0,2516846.0,0.5,3752840.0,0.8177436808,78882332.0,76817545.0,32542188.0,1199336.0,2064787.0,3943738.0,55623347.0,298950399.54,293343773.54,15.887681751415398,27.133503872142587,0.01009550529008194,0.01036686345547752,0.02654853690111734,15.887681751415398,0.03139731945351807,65.14127969595111,30.987472302554245,3.8916942677613555,2.0046884879543425,0.21208863266271746,0.016173378618793467,0.058178579203261895,23.24646971324133,0.030575477915637687,94.23397277226553,0.8177436807922494,-0.27536231884057966,-0.3632396963118959,-0.4462080007771514,-0.2790630865085364,-0.2439235292648117,-0.28356835012774406,-0.3110324497018808,-0.26769983261884456,-0.39601312286441825,-0.15657984279960668,Semiconductors,Technology,NVEC
2020Q4,2020,Q4,2020-05-06,2020-03-31,3366497.0,6150926.0,3653069.0,0.69,4963572.0,0.8069633743,79498150.0,77995349.0,34384711.0,796201.0,1502801.0,3884450.0,58046520.0,252057774.1,244825914.1,16.099872431865613,43.18596811609129,0.010487464173694607,0.010689534833673223,0.03782470448466,16.099872431865613,0.043162791668513466,40.97883377234582,18.718104761418175,3.2317026249860104,1.4394814550555073,0.3056684987578679,0.01922579066368102,0.07737193884385989,37.48353242460133,0.04234685964390366,75.61348350368966,0.8069633742951874,-0.10389610389610399,-0.0789064814130337,-0.18592852526323192,-0.2784630288270858,-0.04561191665112416,-0.0976145265293256,-0.10929714802480071,0.11122133954598908,-0.10311569392803326,-0.1590410386787782,Semiconductors,Technology,NVEC
2020Q3,2020,Q3,2020-01-22,2019-12-31,3730664.0,6464596.0,4101333.0,0.77,5200790.0,0.8045034833,81117850.0,80230702.0,29332509.0,887148.0,887148.0,4159742.0,59526033.0,346005114.0,336026857.0,16.556033107649387,33.0638281323973,0.002156319478388542,0.0021801629007309445,0.04177968875147499,16.556033107649387,0.04649920675005436,53.52308388644859,23.18656370554947,4.312627278270605,1.2989671543725192,0.3038183618118624,0.014005602240896357,0.07969387748812376,27.422226054728185,0.045990666665844816,67.76849176008037,0.8045034832803164,-0.025316455696202552,0.3390562474569619,0.030004381610262056,-0.2972270561747636,0.008716899473549157,-0.02391326985276534,0.06230106136006492,0.06873999483319211,-0.1354725499047476,-0.15005736585118215,Semiconductors,Technology,NVEC
2020Q2,2020,Q2,2019-10-23,2019-09-30,3822062.0,6501945.0,3860801.0,0.79,5155847.0,0.7929699498,82281405.0,81314811.0,22494666.0,923812.0,966594.0,4355332.0,60641379.0,321532763.5,307673107.5,16.779744779726002,24.349830917978984,0.002632842742537029,0.0026641395009821766,0.04181234009337252,16.779744779726002,0.04700326979792156,49.45178150538031,21.03136759032166,3.95417218026861,1.2679046022801304,0.3090689756831397,0.015071590052750567,0.0790208310127908,18.718175343035163,0.04645110277346382,111.52683707433347,0.7929699497611868,0.06756756756756763,-0.011975771446666394,-0.21207108430758262,-0.27062096935300645,-0.008997706749567866,0.059500435075603916,-0.009945165931844507,0.15388680608426886,-0.1115515457393303,-0.15550192295084428,Semiconductors,Technology,NVEC
2020Q1,2020,Q1,2019-07-17,2019-06-30,3607419.0,6294696.0,3899583.0,0.74,5202659.0,0.8265147356,83505696.0,82111683.0,23652364.0,1308821.0,1394013.0,4219783.0,61665327.0,338736099.0,325954795.0,16.94418356544869,18.071504048299957,0.00308946589703294,0.0031419158708511676,0.0390607071685878,16.94418356544869,0.0439330783172475,53.81294013245437,23.474962223684027,4.125309415470147,1.3433454777501588,0.2587898477243972,0.014306151645207437,0.07538043871881506,14.353119334118263,0.04319967586402729,74.91628913942367,0.8265147355805587,0.25423728813559326,-0.10550725240264636,-0.25455962437710533,-0.23776376630827437,0.21243155884453735,0.26183298867525373,0.29018034679786003,0.14897965980388805,-0.06371182337107706,-0.1622128750742481,Semiconductors,Technology,NVEC
2019Q4,2019,Q4,2019-05-01,2019-03-31,2858872.0,5588951.0,3022510.0,0.59,4291095.0,0.7677818252,83615887.0,82780211.0,27441684.0,835676.0,835676.0,4264876.0,62903918.0,478103787.0,471226483.0,17.089190773759757,32.83770743685352,0.0,0.0,0.029974110217941694,17.089190773759757,0.034535693560868067,85.54445852182279,41.80877868963704,5.775580675917823,1.6950776390128695,0.3043127162430983,0.010135895451503714,0.0668407787146957,26.757694369588215,0.034190536064037685,188.23391333276902,0.7677818252477074,-0.16901408450704225,0.11739710039641353,-0.06452033502858955,-0.20061051772300284,-0.15860865855071737,-0.16441578825073325,-0.18401379653299477,0.09716746320254929,-0.08556882708912787,-0.16761444559240285,Semiconductors,Technology,NVEC
2019Q3,2019,Q3,2019-01-23,2018-12-31,3421405.0,6269405.0,3704119.0,0.71,5099999.0,0.8134741654,84786125.0,83920175.0,31267150.0,865950.0,865950.0,4141481.0,64891056.0,424132175.40000004,417925626.40000004,17.32094980196119,36.107338760898436,0.0,0.0,0.03629038775766566,17.32094980196119,0.0407697553061585,67.65110491346468,30.991082274679556,5.0539953640468465,1.4157955576729444,0.2823642073934421,0.01142099157044995,0.07394376143502253,30.45194641722963,0.040353359703607164,125.53299390792361,0.8134741654112312,-0.19318181818181823,0.231351875030495,-0.032045956252485734,-0.16821417142627962,-0.1711671756134583,-0.20109349205274354,-0.22892203057608956,0.3273922498639,0.04208375333041415,-0.17403378160937386,Semiconductors,Technology,NVEC
2019Q2,2019,Q2,2018-10-15,2018-09-30,4282610.0,7506075.0,4803819.0,0.88,6153230.0,0.8197666557,85863363.0,85147399.0,37261608.0,715964.0,715964.0,3575963.0,66313661.0,504692364.71999997,498644446.71999997,17.581423992242875,52.04396869116324,0.0,0.0,0.04604694194597334,17.581423992242875,0.05029642772763969,67.23785263536536,29.461728053686887,5.927278703134549,1.1306212800138233,0.3783162745252118,0.009593983064685981,0.08741883310580323,46.14044421227883,0.04987703544758665,139.409346429042,0.8197666556755695,0.08641975308641969,0.3285329129006401,0.03000475545752932,-0.1291547999499649,0.07726481954081488,0.08556573061576675,0.09323950175166143,0.2968320422637607,0.03372141476314176,-0.18066235943802297,Semiconductors,Technology,NVEC
2019Q1,2019,Q1,2018-07-18,2018-06-30,3945049.0,7107906.0,4394114.0,0.81,5711901.0,0.8035982749,87053207.0,85437752.0,38650598.0,1615455.0,1615455.0,3621681.0,66873061.0,589659977.8,581208116.8,17.64510027860331,23.925518197659482,0.0,0.0,0.0421043955286892,17.64510027860331,0.04617454120281629,82.95832525078411,37.36708833020832,6.901632638929919,1.2273637158879396,0.3854577473830522,0.008211528986697324,0.08165013380839606,21.354237660597168,0.045317675660128176,127.85580516028702,0.8035982749349808,0.012500000000000011,0.5434208306275015,0.15557197614059798,-0.10343364419744662,-0.11218799558511043,0.016131433487360975,-0.14592786873520136,0.040038933745374365,-0.1435151007227562,-0.19931653137687327,Semiconductors,Technology,NVEC
2018Q4,2018,Q4,2018-05-02,2018-03-31,3882420.0,7899192.0,5144898.0,0.8,6433683.0,0.8144735563,87431465.0,86441740.0,32695269.0,989725.0,989725.0,3650439.0,67709657.0,402419451.1,397664369.1,17.852449705803995,33.03470054813206,0.0,0.0,0.04164446997680505,17.852449705803995,0.04491371876595728,50.94438153927643,25.91292615816939,4.655383511484151,1.247162852035586,0.4014610297555993,0.01203224642040669,0.09034724512508169,28.704609866377023,0.044405295050243064,105.07199880415882,0.8144735562827186,0.08108108108108115,0.25405416719993856,0.0983064043022574,-0.07637648350152455,0.1281049620652948,0.08702481407502852,0.13390754932926222,0.0627927885224518,0.04598460817558263,-0.1999189718269118,Semiconductors,Technology,NVEC
2018Q3,2018,Q3,2018-01-17,2017-12-31,3571602.0,7360789.0,4537317.0,0.74,5703089.0,0.7747931642,88844037.0,88050974.0,30266705.0,793063.0,793063.0,3596326.0,68669247.0,416357734.0,411629382.0,18.18720572631419,38.16431355390429,0.0,0.0,0.03724147351610905,18.18720572631419,0.04056289030942463,56.56428054112134,29.143626165513403,4.728598845482391,1.355416980951405,0.4609426397940565,0.01162704473744686,0.08285068135748942,32.409053253020254,0.0402008071740369,106.01738617188222,0.7747931641567228,0.1384615384615384,0.2334566895499726,0.12950832826982955,-0.02931051442358072,0.010636772746725405,0.12988372479267077,0.06404932416365282,0.28319264660645055,0.17391911059087228,-0.22798679942651284,Semiconductors,Technology,NVEC
2018Q2,2018,Q2,2017-10-18,2017-09-30,3161035.0,6996234.0,4264198.0,0.65,5643065.0,0.8065860862,90395335.0,89564800.0,28717337.0,830535.0,830535.0,3504478.0,69938655.0,382294559.7,377186246.7,18.501263166157475,34.57691367612443,0.0,0.0,0.032350737482505054,18.501263166157475,0.035293273696809464,54.6429064122212,30.23491986801791,4.268357208412233,1.53146358708461,0.38612569404059605,0.012663036596175762,0.07739596296645175,29.727427501550206,0.03496900586739349,194.97264310777453,0.8065860861715032,-0.04411764705882357,0.28981572503381864,0.1976606531955477,0.015085907938003342,-0.028615323705093558,-0.04141781257060027,-0.05328698858446779,-0.1820109357403631,-0.15129570473738857,-0.19579030724106058,Semiconductors,Technology,NVEC
2018Q1,2018,Q1,2017-07-19,2017-06-30,3297615.0,7607666.0,4504214.0,0.68,5809300.0,0.7636113362,93628717.0,91191117.0,38218623.0,2437600.0,2437600.0,3248745.0,71618630.0,372757770.0,368379857.0,18.837208970855254,15.678791844437152,0.0,0.0,0.03347303102565977,18.837208970855254,0.036161581396135324,48.99765184223387,28.259649019063776,4.087654392916363,1.4680337152760403,0.5535571428351563,0.012987012987012988,0.08125355386424872,14.10072571381687,0.03522012375754332,77.18880204855121,0.7636113362495146,0.07936507936507943,-0.026977996532792897,0.015972398065562894,0.07237495607230728,0.07504933609092349,0.08926257430923011,0.10604785934411334,-0.18148147766533068,-0.09814251349581085,-0.15260577980946352,Semiconductors,Technology,NVEC
2017Q4,2017,Q4,2017-05-03,2017-03-31,3027383.0,6853206.0,4072350.0,0.63,5403752.0,0.7884998642,93774806.0,92679485.0,35193580.0,1095321.0,1095321.0,3358298.0,73162025.0,400787217.90000004,392587853.90000004,19.144658862510095,32.13083653102606,0.0,0.0,0.029831053423672316,19.144658862510095,0.03266508224554765,58.48171175651221,33.09683792073881,4.324443730993974,1.598743865576308,0.43160374689798225,0.012076258383089516,0.07308152682288674,28.510362715587487,0.03228354319389368,380.8037780398052,0.7884998641511725,-0.12499999999999996,-0.025977968240401186,-0.10227235400385952,0.13392330056482343,-0.09330449135218767,-0.13099728338247588,-0.14242718996574427,0.1839933087470174,0.14780176203495793,-0.10446087593738879,Semiconductors,Technology,NVEC
2017Q3,2017,Q3,2017-01-18,2016-12-31,3483744.0,7462679.0,4748693.0,0.72,5959831.0,0.7986181638,95244562.0,94206992.0,33829964.0,1037570.0,1037570.0,3162478.0,74974652.0,345459480.48,341660292.48,19.47900063188331,32.60499436182619,0.0,0.0,0.034138518729371174,19.47900063188331,0.03697967556378406,46.29161732401997,24.790819910992315,3.6670259090747748,1.3881645723681189,0.47521215957865953,0.013998776334870263,0.07835280926589804,28.832804533670018,0.03657682839677503,65.25737286637198,0.7986181637988181,0.058823529411764594,0.5129286011343112,0.2046287922572865,0.20577762199407537,0.07157959086434515,0.05402007807704049,0.06715823390861128,0.2560361423711168,0.15425399439580695,-0.06458035698801318,Semiconductors,Technology,NVEC
2017Q2,2017,Q2,2016-10-19,2016-09-30,3305197.0,7302539.0,4449849.0,0.68,5561725.0,0.7616152409,97338050.0,96080183.0,34984415.0,1257867.0,1257867.0,2908881.0,76326918.0,285008142.15999997,279317469.15999997,19.869488440231585,27.812491304724585,0.0,0.0,0.03136280826110069,19.869488440231585,0.03440040283853331,39.028636774141155,21.55757600530316,2.966357195218914,1.4628507771246313,0.598447994263086,0.016964462710983487,0.07502245011072238,24.94520167871484,0.033955857960992646,192.97740885463392,0.7616152409456491,0.04615384615384619,0.2776909671301097,0.0930879259036293,0.25496562433592,0.044927529696986095,0.05511556897027816,0.0660080190479339,0.026907543510505713,0.003622567447475122,-0.015822117522464343,Semiconductors,Technology,NVEC
2017Q1,2017,Q1,2016-07-20,2016-06-30,3132545.0,6707772.0,4174311.0,0.65,5322594.0,0.7934965589,100673856.0,97787725.0,28005735.0,2885611.0,2886131.0,3186450.0,77856731.0,283573336.5,281667639.5,20.224927145962468,9.705305046314281,0.0,0.0,0.02899374014169287,20.224927145962468,0.032034133118446106,42.27533918863074,22.631226087733772,2.899886836512456,1.5434766300244689,0.4347088452666761,0.017050298380221655,0.0666287382495809,8.357820232872692,0.03111577448667507,67.69079786453167,0.7934965589170294,0.20370370370370366,-0.10025115797969039,-0.1932831588934668,0.3140641338356801,0.14945477177813896,0.2044344852803495,0.27223572216856445,0.22731934452923291,0.09209878305004617,0.02765010917030711,Semiconductors,Technology,NVEC
2016Q4,2016,Q4,2016-05-04,2016-03-31,2600843.0,6100587.0,3281083.0,0.54,4630538.0,0.7590315489,100854056.0,99264587.0,33415820.0,1589469.0,1589469.0,3205233.0,79559196.0,273323115.3,265788522.3,20.53037884099516,21.023259969209843,0.0,0.0,0.022929677247342555,20.53037884099516,0.026201116416270386,44.802756734720774,26.272550409617192,2.7534806073388487,1.862797946665754,0.45864029229700304,0.017725705323833617,0.060489257863858246,18.544597598317427,0.02578818446330012,118.80029039063865,0.759031548931275,0.018867924528301903,-0.299928168217292,-0.2635578127094907,0.4014061024389474,0.02726118730497061,0.009075633251611767,-0.02416128620676015,-0.1586896683056932,-0.15054421898790782,0.062170235046286826,Semiconductors,Technology,NVEC
2016Q3,2016,Q3,2016-01-20,2015-12-31,2577451.0,6016015.0,3362321.0,0.53,4507654.0,0.7492757249,103174307.0,101598970.0,33142605.0,1575337.0,1575337.0,3108911.0,81803198.0,272183392.1,268589228.1,20.970530532968546,21.03842225504765,0.0,0.0,0.022267092045430075,20.970530532968546,0.025368869389128648,45.24313720959805,26.40044292791599,2.678997553813784,1.879704017651548,0.48517342567863797,0.0177999288002848,0.05830923584492794,18.394373394391167,0.024981519866181412,67.5899034339107,0.7492757248776807,-0.22058823529411767,-0.2542340190142245,-0.26033239303421724,0.5066795437754713,-0.2000958964857416,-0.22150087818786726,-0.2497582363638392,-0.11051308736416403,-0.07750870450393704,0.11924139428740838,Semiconductors,Technology,NVEC
2016Q2,2016,Q2,2015-10-21,2015-09-30,3310795.0,7279757.0,4481650.0,0.68,5635243.0,0.7740976794,105335041.0,104187586.0,42566652.0,1073187.0,1147455.0,3147868.0,84070592.0,235681018.92,222964700.92,21.458093857599316,39.66377900589553,0.0,0.0,0.028769556885415465,21.458093857599316,0.03177725031463921,32.374846979095594,17.796406823738707,2.262083497356393,1.4701064245898643,0.5224215246636771,0.020651730980729248,0.06911049666748599,36.03747715915306,0.03143108853966269,92.62690905403684,0.7740976793593523,-0.12820512820512817,-0.0002433340543143035,-0.09751612256162576,0.6047538446811649,-0.10933285664544173,-0.12947718594687774,-0.13166949093103072,0.3469199892965862,0.24250310456450655,0.17731467794606562,Semiconductors,Technology,NVEC
2016Q1,2016,Q1,2015-07-22,2015-06-30,3803226.0,8320919.0,5161226.0,0.78,6326991.0,0.7603716609,109557842.0,106988791.0,37053756.0,2430850.0,2569051.0,3170601.0,85627018.0,380619534.40000004,368329099.40000004,22.037547882618608,15.243127301149803,0.0,0.0,0.0324898043695206,22.037547882618608,0.0355478921151656,45.742487626667206,25.019518587641127,3.557564590107388,1.2773243031047852,0.628880139758992,0.012763278184494567,0.07595000821575146,13.529995680523275,0.034714320130548024,73.91151354505585,0.7603716608706322,0.040000000000000036,0.18744498353607608,0.11258148560865713,0.7589444657703677,0.021520910693564765,0.03836224266364086,0.04144385701143924,0.11901475622387271,0.10805861555366783,0.25456560359491115,Semiconductors,Technology,NVEC
2015Q4,2015,Q4,2015-05-06,2015-03-31,3662716.0,7571932.0,4955837.0,0.75,6193697.0,0.8179810648,110089196.0,108327534.0,36919981.0,1485954.0,1761662.0,3742492.0,86681745.0,334595641.72,325158379.72,22.31330212462159,24.84597840848371,0.0,0.0,0.03060959397128024,22.31330212462159,0.033811496161262194,44.18893906073114,22.837946056969745,3.0887405017453826,0.0,0.368266652273405,0.0,0.06877997364973035,21.871823757666792,0.033270440089325386,84.68743241368908,0.8179810648061816,0.3157894736842106,-0.01456322590913659,-0.10367079403504102,0.8745192846172761,0.285507980024462,0.3114354725866177,0.3805944328679199,0.17507510913726548,-0.0109494536935859,0.3215995841637922,Semiconductors,Technology,NVEC
2015Q3,2015,Q3,2015-01-21,2014-12-31,2792906.0,6291748.0,3589640.0,0.57,4818093.0,0.7657797165,115823902.0,114444404.0,30602070.0,1162660.0,1379498.0,3686124.0,93019029.0,343894492.87,332097549.87,23.558153814991623,26.320738651024374,0.0,0.0,0.021121659573107365,23.558153814991623,0.024404041634049665,54.65802077101626,30.782855999271018,3.004904397684661,0.0,0.39978443481554066,0.0,0.05432167187736431,21.680082741300122,0.024113382054767936,91.42592238109987,0.765779716543002,-0.2875000000000001,-0.023505561691121675,-0.0810471515452121,1.119090528428511,-0.2763171472125455,-0.2793657379383232,-0.3155893681112357,0.20751261078839883,0.011097308589487547,0.4582829592970169,Semiconductors,Technology,NVEC
2015Q2,2015,Q2,2014-10-22,2014-09-30,3875622.0,8267373.0,5244863.0,0.8,6657741.0,0.8053030872,113111597.0,111693439.0,25992103.0,1193389.0,1418158.0,3389393.0,90226123.0,313346282.34000003,310064782.34000003,23.005521237485507,21.780075901487276,0.0,0.0,0.03133554789656935,23.005521237485507,0.03469874358510888,37.90155377530444,20.212644727736606,2.805413506338542,0.0,0.47490273332127614,0.0,0.07309040999571423,18.08673533944087,0.03426370153716422,124.48712062065125,0.8053030872079922,-0.03614457831325291,0.3903781040696233,0.2277364650170527,1.1829455163730744,-0.03436674228525754,-0.04000089172700273,-0.03968572642760534,0.49218076502351626,0.2325379343219689,0.45303883438268144,Semiconductors,Technology,NVEC
2015Q1,2015,Q1,2014-07-23,2014-06-30,4037110.0,8453035.0,5461611.0,0.83,6894689.0,0.8156465695,111310884.0,107836599.0,22316551.0,3035847.0,3474285.0,3292756.0,86350501.0,269669480.37,266356431.37,22.229569805915965,7.351013078063552,0.0,0.0,0.03402034942241101,22.229569805915965,0.037437289727581265,31.90208964827426,16.699413712408134,2.500723157728667,0.0,0.4732649488756531,0.0,0.07594077682466344,5.878989949098226,0.03626878032879516,60.524289072210486,0.8156465695457312,0.5660377358490565,0.3241580784207333,0.1922372180920515,1.2799182106298745,0.5007647824380616,0.5756266526163784,0.6679216161485368,0.15573113498153085,0.013252655632358046,0.44431078449556743,Semiconductors,Technology,NVEC
2014Q4,2014,Q4,2014-06-06,2014-03-31,2562225.0,5983097.0,3274501.0,0.53,4594117.0,0.7678493262,105242043.0,103704641.0,20214961.0,1182802.0,1537402.0,3207333.0,82313391.0,276703492.71999997,275441192.71999997,21.377802876618492,17.090739616605315,0.0,0.0,0.021183710467824614,21.377802876618492,0.024706946336181812,46.247535802946196,26.998360089375446,2.6681881355724473,0.0,0.43306385710495293,0.0,0.056850825292321626,13.488280371524565,0.02434602110489246,112.63810112551194,0.7678493261934413,-0.0701754385964911,-0.20620732743249415,-0.1637212630941999,1.4049294150930611,-0.08562066643698298,-0.07739846332998941,-0.08414712153219944,-0.31260244414085037,-0.28012791905456397,0.45925136793909516,Semiconductors,Technology,NVEC
2014Q3,2014,Q3,2014-01-22,2013-12-31,2777174.0,6473697.0,3575357.0,0.57,5024301.0,0.7761100033,102242101.0,100840652.0,18536257.0,1119107.0,1401449.0,3029903.0,79751166.0,282224688.2,280263403.2,20.823809695894635,16.56343584661699,0.0,0.0,0.023982553094128386,20.823809695894635,0.027540222568176176,43.59559741520185,25.405744130544218,2.798719391461293,0.0,0.4783638288090411,0.0,0.06331733147776375,12.54922183490944,0.027162724287130992,74.46357361170037,0.7761100032948716,-0.13636363636363646,0.08391203512939838,0.05993334068137705,1.5115949345458035,-0.1333876888399647,-0.14010089635072026,-0.1609299956935952,-0.19606734399283626,-0.20368575237350164,0.4961380229723931,Semiconductors,Technology,NVEC
2014Q2,2014,Q2,2013-10-23,2013-09-30,3229651.0,7301180.0,4261095.0,0.66,5797634.0,0.7940680821,99623387.0,97960233.0,17174355.0,1285922.0,1663154.0,3100445.0,76973992.0,247655165.12,246093594.12,20.18891990359793,13.35567398333647,0.0,0.0,0.029378308327753747,20.18891990359793,0.0329690007985179,33.91988214507792,19.170427789256486,2.5281193963677078,0.0,0.4849452256047116,0.0,0.07328781142524295,10.049312477739708,0.03241860267208141,104.26058207892065,0.7940680821456257,0.24528301886792453,0.34876130346225237,0.2245745894085413,1.6277407270108595,0.20819834542649926,0.25822796645661467,0.2979813656555269,-0.024099089849106786,-0.09425960837227466,0.5098380615846331,Semiconductors,Technology,NVEC
2014Q1,2014,Q1,2013-07-24,2013-06-30,2566825.0,6176933.0,3282863.0,0.53,4798578.0,0.7768544681,98047839.0,95696398.0,19197160.0,2117019.0,2351441.0,3231940.0,73744341.0,228583116.35999998,226312173.35999998,19.680752199103495,9.068014977664347,0.0,0.0,0.023116358693101007,19.680752199103495,0.026822587408148843,37.00592451949859,22.263215875644033,2.3886282152437963,0.0,0.4264791425583396,0.0,0.06299917533113605,6.922147132359227,0.026179312325282356,63.167488381822885,0.7768544680669193,-0.17187499999999997,0.28833113320521053,0.2127766264293802,1.7215871586074352,-0.10226408740552272,-0.1743769208624763,-0.1894105388434976,-0.19983649951384264,-0.17537872039628202,0.5708349380429201,Semiconductors,Technology,NVEC
2013Q4,2013,Q4,2013-05-01,2013-03-31,3108955.0,7222497.0,4049970.0,0.64,5345200.0,0.7400764583,95765496.0,93984608.0,19036846.0,1780888.0,1780888.0,3336592.0,71177516.0,266947736.4,264438053.4,19.32870849097037,10.689524551796632,0.0,0.0,0.02896905937335828,19.32870849097037,0.033079405938470266,36.96058806254956,21.46603411757327,2.8403346258570337,0.0,0.5626390640509837,0.0,0.07541857246789595,8.277952908885904,0.032464249963264434,66.63651287509722,0.7400764583218241,0.06666666666666674,0.3177684333133651,0.14014110338872002,1.8480179900268972,0.1167000898131723,0.0722967487105695,0.0903027752853182,-0.16485657123802633,-0.14637067613822916,0.6237864127286408,Semiconductors,Technology,NVEC
2013Q3,2013,Q3,2013-01-23,2012-12-31,2899342.0,6525221.0,3714537.0,0.6,4786603.0,0.7335541585,92599275.0,90826825.0,24164042.0,1772450.0,1772450.0,3755523.0,68068561.0,268994378.31,268151355.31,18.73637862216482,13.633130412705578,0.0,0.0,0.02747995685436749,18.73637862216482,0.03192164869794799,41.223795839252034,23.19443328089615,2.9616182037630403,0.0,0.462949634445056,0.0,0.07046730117487421,10.762221783407147,0.0313106339115506,191.87049705483332,0.7335541585488062,0.19999999999999996,0.6292941783410422,0.30984179875653634,1.981143699341168,0.13537377579026744,0.18685258360715598,0.23986066434774367,0.01586905588652477,-0.044915133839293714,0.6853647695437644,Semiconductors,Technology,NVEC
2013Q2,2013,Q2,2012-10-17,2012-09-30,2442883.0,5822796.0,2995931.0,0.5,4215883.0,0.724030689,89872754.0,87949949.0,24613751.0,1922805.0,1922805.0,3522488.0,65169219.0,290732820.25,288798258.25,18.226302839471046,12.800960575825421,0.0,0.0,0.023000888053748326,18.226302839471046,0.027775831910942895,49.93010578594888,29.753043867635085,3.3056621812253693,0.0,0.45618693378089575,0.0,0.06478933537521282,10.299280478259625,0.02718157496319741,165.3600057388858,0.7240306890366759,-0.27536231884057966,0.42645106133824473,0.11743149854717325,2.0868427021748106,-0.2552169823720372,-0.2767524124704159,-0.32469565523161037,-0.11823521589862836,-0.1299829308658288,0.729455536032439,Semiconductors,Technology,NVEC
2013Q1,2013,Q1,2012-07-18,2012-06-30,3377658.0,7462905.0,4436416.0,0.69,5660552.0,0.7584917669,87572817.0,84750888.0,28091285.0,2821929.0,2821929.0,3547096.0,62726336.0,259330043.75,257836525.75,17.565879232995734,9.954639184756243,0.0,0.0,0.035368577132606396,17.565879232995734,0.03985395409662256,34.74920875315979,19.194516122561847,3.059909457821846,0.0,0.5081207274908827,0.0,0.08521942373967484,8.27253201622011,0.03856970822350045,70.95580147646486,0.7584917669459815,0.07812499999999989,1.042241843932552,0.5209439600965882,2.1979169043584617,0.06178139790335505,0.0903820694370599,0.1322000314924218,0.11389866809212576,0.05832408722176481,0.8015988747732721,Semiconductors,Technology,NVEC
2012Q4,2012,Q4,2012-05-02,2012-03-31,3097683.0,7608299.0,3918403.0,0.64,5331184.0,0.700706426,83126763.0,81458858.0,26170233.0,1667905.0,1667905.0,3229376.0,59348678.0,255711485.0,254166949.0,16.88355716208836,15.690481772043372,0.0,0.0,0.03300999290288223,16.88355716208836,0.038027577062276025,33.609547285142185,20.637318683028575,3.1391489063104716,0.0,0.7051253864523672,0.0,0.09152646783563556,13.058900237123817,0.037264569053410634,72.17838381312255,0.7007064259698521,0.36170212765957455,0.9131947576780839,0.5995069806430999,2.2727586543283085,0.3382668348207472,0.3532371583305338,0.42751290021261124,-0.03508834276111639,0.06923543243200185,0.8993422048493535,Semiconductors,Technology,NVEC
2012Q3,2012,Q3,2012-01-18,2011-12-31,2289091.0,6158526.0,2744916.0,0.47,3983648.0,0.6468508861,79071511.0,77669619.0,20755488.0,1401892.0,1401892.0,3317839.0,56250995.0,266980410.27,266542078.27,16.154720635526125,14.805340211656818,0.0,0.0,0.02424574284929458,16.154720635526125,0.02947215435677623,43.35134905170491,29.157907032747936,3.4373853471587132,0.0,0.6555104090343142,0.0,0.07788552314372746,11.40206734898266,0.028949630164522847,157.08111879969454,0.646850886072414,-0.09615384615384624,1.0921876279025802,0.5325961777080821,2.390270212641385,-0.07801014972781074,-0.10410658242185314,-0.11518970816484085,-0.10013420973545731,0.0156093728942422,0.9484481999078713,Semiconductors,Technology,NVEC
2012Q2,2012,Q2,2011-10-19,2011-09-30,2555093.0,6598633.0,3102265.0,0.52,4320707.0,0.6547881963,77014831.0,75620088.0,20274856.0,1394743.0,1394743.0,3382028.0,53961904.0,289724170.68,288399934.68,15.832695378206683,14.536625026976296,0.0,0.0,0.028332856969033805,15.832695378206683,0.033788548355034975,43.906695626200154,28.347712850373743,3.831312265597998,0.0,0.6735384804620187,0.0,0.08568002960364868,11.054531193201901,0.03317663580927679,238.72253369192285,0.6547881962824724,-0.25714285714285706,0.9243372118071659,0.45018342818968826,2.5854924523346683,-0.2309405019784022,-0.25707368048876084,-0.3117493561789956,0.08402829209279893,0.12434751526245663,1.0607451345753216,Semiconductors,Technology,NVEC
2012Q1,2012,Q1,2011-07-20,2011-06-30,3439228.0,8213762.0,4507464.0,0.7,5618170.0,0.6839947396,76641923.0,73511067.0,19086484.0,3130856.0,3130856.0,3368728.0,51406811.0,279168773.1,277491342.1,15.391126372901626,6.096250993338563,0.0,0.0,0.04156963824468167,15.391126372901626,0.04678517317671365,33.98793063397747,20.29298240041079,3.7976427835008844,0.0,0.7704961635370977,0.0,0.10717061470391342,4.688842923468854,0.04487397843605777,57.258060322124926,0.6839947395602648,-0.09090909090909098,2.727600607981363,1.184002837539758,2.9224210865982827,0.013756757346852569,-0.06285997047891248,-0.037218246584740745,0.757372333363149,0.6418051667526299,1.128388766304441,Semiconductors,Technology,NVEC
2011Q4,2011,Q4,2011-05-04,2011-03-31,3669919.0,8183101.0,4681709.0,0.77,5541931.0,0.6772409384,71836225.0,69970549.0,17047969.0,1865676.0,1865676.0,3343857.0,47967583.0,269090995.32,268138786.32,14.649842615402461,9.13769003835607,0.0,0.0,0.047063646076576905,14.649842615402461,0.05244948128104583,32.883743622374936,18.33085384990786,3.8457751034653165,0.0,0.7898573413875055,0.0,0.1139132937455998,6.710064341289699,0.051087303098123545,74.2187928823699,0.6772409383679855,0.10000000000000009,4.723780147169895,1.2710746715080012,3.0309834414705934,0.007310636147670452,0.08451738945287993,0.03285007123622763,0.5836263471764188,0.3151058808924579,1.1586033717265842,Semiconductors,Technology,NVEC
2011Q3,2011,Q3,2011-01-19,2010-12-31,3383919.0,7963508.0,4532806.0,0.7,5501710.0,0.6908651313,67470273.0,66023801.0,13372089.0,1446472.0,1446472.0,3164158.0,44297664.0,274324874.69,273146465.69,13.918374759652023,9.244623470070627,0.0,0.0,0.046049468556947463,13.918374759652023,0.0512530170748576,34.44774271464284,20.266802684254557,4.154939136115474,0.0,0.7780262553260615,0.0,0.11802987665397471,6.294690114983214,0.05015422125237288,93.15663861354197,0.6908651312964086,0.06060606060606049,7.133471037626371,1.9432970581508555,3.206660133950782,0.05716038133565862,0.05549234094715862,0.06408542720409859,0.943285005508661,0.6335954778207662,1.214551491328246,Semiconductors,Technology,NVEC
2011Q2,2011,Q2,2010-10-20,2010-09-30,3206010.0,7809160.0,4259814.0,0.66,5204234.0,0.6664268628,64717434.0,62854220.0,10763742.0,1863214.0,1863214.0,2371727.0,40913745.0,202266086.49,201575245.49,13.37157965299198,5.7769756989803644,0.0,0.0,0.04567075204526489,13.37157965299198,0.05100707637450596,25.90113232281065,15.772415439284345,3.218019195688054,0.0,1.0983245542172433,0.0,0.1206654763228097,3.928072137714723,0.04953858337461278,1414.3492517306483,0.6664268628123895,0.03125000000000003,7.569729242139907,1.4894093795224896,3.2682014979080756,0.007500546898745328,0.03383093144135769,0.015343559830778218,0.9217830835390428,0.538434248846555,1.264637180229436,Semiconductors,Technology,NVEC
2011Q1,2011,Q1,2010-07-21,2010-06-30,3101097.0,7241294.0,4195441.0,0.64,5165490.0,0.7133379752,61733420.0,58892890.0,9365916.0,2840530.0,2840530.0,1848177.0,37707735.0,204616377.99,202962084.99,12.528848017362952,3.297242416027995,0.0,0.0,0.0472938137006762,12.528848017362952,0.05265656007032428,28.256880329675884,16.495483532923995,3.4743816781618295,0.0,1.1231629870948507,0.0,0.11729941415848984,2.3478329748321616,0.050233682177336036,38.156316861914654,0.7133379752292891,-0.16883116883116883,6.3061034749373475,1.326823267339556,3.1575105320504124,-0.11635439500566061,-0.13828400226078752,-0.14857637451395822,0.9245512767530647,0.5147610135156694,1.2809114383299773,Semiconductors,Technology,NVEC
2010Q4,2010,Q4,2010-05-05,2010-03-31,3598746.0,8179295.0,4927560.0,0.77,5845658.0,0.7146897135,57462914.0,55953294.0,9665239.0,1509620.0,1509620.0,1706427.0,34606638.0,212936409.89999998,211547121.89999998,11.903479632207324,6.4024317377883175,0.0,0.0,0.05904478161922757,11.903479632207324,0.06431696407364328,26.03358967979514,14.792403374675512,3.805609905647378,0.0,1.3675574753564026,0.0,0.14234041454980859,4.754519680449385,0.06262727991831392,70.41117190251256,0.7146897134777508,0.3508771929824563,2.6741968845459345,1.5883543442417232,3.1726620910435486,0.29271459853401216,0.3003678794052213,0.32411315729224777,1.281371669687786,0.7649689896279327,1.3074056970888106,Semiconductors,Technology,NVEC
2010Q3,2010,Q3,2010-01-20,2009-12-31,2767483.0,6624857.0,3721404.0,0.57,4522002.0,0.6825810731,53352426.0,52256879.0,8489204.0,1095547.0,1095547.0,1792217.0,31007892.0,194040066.24,192875847.24,11.117105899417158,7.748826841751198,0.0,0.0,0.04764969425645218,11.117105899417158,0.05295920944685579,29.289698817649953,17.528568941525567,3.713196615511615,0.0,1.1733261095057128,0.0,0.12417161686330815,5.210908340764933,0.05187173681661636,72.29068948097061,0.6825810730707093,0.03636363636363619,2.5319546793717054,1.4796273303702039,3.181473382347487,-0.0003092805612414199,0.02720676360885656,0.031000632496349226,1.5871554877496552,0.6862713609744229,1.3330637422902312,Semiconductors,Technology,NVEC
2010Q2,2010,Q2,2009-10-21,2009-09-30,2694183.0,6508501.0,3609507.0,0.55,4523401.0,0.6949988945,50561899.0,49454221.0,9899358.0,1107678.0,1107678.0,1864989.0,28240409.0,249458988.11999997,246868802.11999997,10.53875191338205,8.937035853379772,0.0,0.0,0.04912674962717558,10.53875191338205,0.05447832248737676,38.32817850377529,23.147925374779664,5.044240573923911,0.0,1.0644030608223427,0.0,0.1287234286829298,6.4966885683384525,0.05328484596672289,147.3285956715479,0.6949988945227172,-0.09836065573770482,2.051195699710133,1.0157623488730463,3.0755253411926113,-0.08490769675522025,-0.08327821126858329,-0.10657204772695489,1.065236042248439,0.4558548498794026,1.3866192420067172,Semiconductors,Technology,NVEC
2010Q1,2010,Q1,2009-07-22,2009-06-30,2938932.0,6834532.0,4040065.0,0.61,4943109.0,0.7232549354,47912084.0,45593791.0,8057490.0,2318293.0,2318293.0,2067937.0,25546226.0,227263757.4,226012196.4,9.750161081337469,3.475613306859832,0.0,0.0,0.05905065693233314,9.750161081337469,0.0644590400477995,33.25227790286153,19.332172146208215,4.984533034333556,0.0,0.9146424673478931,0.0,0.1426473538491876,2.1891326937535505,0.06134009950391638,47.78273311200772,0.7232549353781649,-0.08955223880597023,1.9192372827643946,1.2729350209285284,2.943695954273196,-0.02894993358187581,-0.05545953165906796,-0.04799511940399798,2.253466600119403,0.8561295029752257,1.484823819685003,Semiconductors,Technology,NVEC
2009Q4,2009,Q4,2009-05-06,2009-03-31,3111494.0,6896580.0,4243744.0,0.67,5090478.0,0.7381162837,42566440.0,41567571.0,8826418.0,998869.0,998869.0,2247621.0,22607294.0,134721581.29,132846518.28999999,8.889160215037437,8.836411981951587,0.0,0.0,0.06940019130206877,8.889160215037437,0.07485388068501765,19.5345491953983,10.824509165854089,3.2410260702988873,0.0,0.8035616324994294,0.0,0.16201918694633613,5.247696144339248,0.0730973508707799,51.83993886791552,0.7381162837232368,0.2884615384615385,0.8930114316530067,1.0652180933868922,2.7212045952744495,0.23524619979068304,0.2605286654858767,0.26562865336622654,3.956599650527903,0.954950159094017,1.4459005175743118,Semiconductors,Technology,NVEC
2009Q3,2009,Q3,2009-01-21,2008-12-31,2468404.0,5884113.0,3353072.0,0.52,4121023.0,0.700364354,39823429.0,38680603.0,9222175.0,1142826.0,1142826.0,2462098.0,19495800.0,121905151.28999999,119467042.28999999,8.291070112251365,8.069623022227356,0.0,0.0,0.05845254251993308,8.291070112251365,0.06381503411412692,20.717676783229688,12.346555840332456,3.151583528571155,0.0,0.7160925357154752,0.0,0.14775505645181886,4.931888143951923,0.061983713155389,49.615123096471486,0.7003643539816452,0.08333333333333341,0.9865912066436707,0.7530838237996953,2.9840528884836646,0.03538816915449885,0.07304137879768612,0.07679541262248164,5.032558696569604,1.2112611165679361,1.505875485556378,Semiconductors,Technology,NVEC
2009Q2,2009,Q2,2008-10-22,2008-09-30,2300381.0,5727790.0,3113936.0,0.48,3980172.0,0.6948879062,36855827.0,35813484.0,9561529.0,1042343.0,1042343.0,2443199.0,17027396.0,131964120.75999999,130244807.75999999,7.682995394512717,9.173111921891355,0.0,0.0,0.05898394443015683,7.682995394512717,0.06423225955899739,23.03927356973632,14.341550460554142,3.684760766643089,0.0,0.715299081245531,0.0,0.1554107034418194,5.634310394946769,0.062415666320552246,124.31314399941216,0.6948879061557773,0.1999999999999999,1.5694067961411677,0.8158669380127982,2.8772679270079458,0.15155218475885282,0.20906215442317314,0.22555471856135653,5.200657259133116,0.8412587079889197,1.452408264564499,Semiconductors,Technology,NVEC
2009Q1,2009,Q1,2008-07-23,2008-06-30,1902616.0,4863786.0,2540838.0,0.4,3456354.0,0.7106303608,35252972.0,33578070.0,8436579.0,1674902.0,1674902.0,2532476.0,14727015.0,147010107.32,145171716.32,7.2313510654472735,5.037058287589363,0.0,0.0,0.051442282785540486,7.2313510654472735,0.05666245856298471,30.225447279136045,19.316838936495856,4.3781583432281845,0.0,0.5557533417888264,0.0,0.13796811230553838,2.7974591946275065,0.05397037163278035,42.25471382734991,0.7106303607930119,-0.18367346938775503,1.5576590453495927,0.5508141360328462,2.8465772474569584,-0.17174372982440417,-0.15551211683005012,-0.23636137407213945,3.5377133104558447,0.5821116092700167,1.399615525217211,Semiconductors,Technology,NVEC
2008Q4,2008,Q4,2008-05-20,2008-03-31,2252982.0,6049384.0,3327278.0,0.49,4173049.0,0.6898304026,32768128.0,31513482.0,9347447.0,1254646.0,1254646.0,2456804.0,12824399.0,114692029.39999999,112806162.39999999,6.786722751982275,7.450266449659904,0.0,0.0,0.06673789624528531,6.786722751982275,0.07149263924564096,18.95929063190566,12.726691713471302,3.639459117846768,0.0,0.7637300330022256,0.0,0.18461182768817308,4.708596687830671,0.06875528562388428,73.73374507952161,0.6898304025666084,0.36111111111111116,5.323739414747352,1.0896577425147222,2.7888188493618444,0.34506878368273125,0.32349836367769824,0.47070786544169485,1.3285437004974674,0.9379137917426992,1.3790271101062825,Semiconductors,Technology,NVEC
2008Q3,2008,Q3,2008-01-23,2007-12-31,1702293.0,4765525.0,2262365.0,0.36,3102480.0,0.6510258576,30367655.0,29145103.0,8933750.0,1222552.0,1222552.0,2493812.0,10571417.0,114076965.0,112825264.0,6.284963259672976,7.307460132575138,0.0,0.0,0.05111448208916501,6.284963259672976,0.05840751360528731,23.93796381301116,16.753426848374517,3.9141040263264815,0.0,0.6668686332409981,0.0,0.1569276587210965,4.194187241115307,0.05605612287152235,60.580567713649366,0.6510258575917659,0.058823529411764594,2.26054945445286,0.8291251229357457,2.590704925043288,-0.016228762770875746,0.03497076194054624,-0.0008108820727488416,1.202182707864737,0.8080462382581586,1.3639611619362426,Semiconductors,Technology,NVEC
2008Q2,2008,Q2,2007-10-17,2007-09-30,1644774.0,5004620.0,2264201.0,0.34,3153660.0,0.6301497416,28304332.0,27364123.0,8587566.0,940209.0,940209.0,2145163.0,8869124.0,142462747.07999998,141303433.07999998,5.904512992071106,9.133677724846285,0.0,0.0,0.054197959001647145,5.904512992071106,0.060106950988343386,28.466246604137773,21.653848352418024,5.206187206511241,0.0,0.8628528461473557,0.0,0.17681463035410974,5.288507129797736,0.058110327422671554,142.2560490407438,0.6301497416387258,0.030303030303030328,3.6023084073343523,0.9147688914110954,2.4859344203635603,-0.034489937437142466,0.03618580828873552,0.0315571987325365,0.8861053073085228,0.5694453334434124,1.2833816114439958,Semiconductors,Technology,NVEC
2008Q1,2008,Q1,2007-07-18,2007-06-30,1587335.0,4709283.0,2194935.0,0.33,3266315.0,0.6935907228,26278898.0,25435318.0,7399832.0,843580.0,843580.0,2072500.0,7224350.0,162347784.20000002,161415644.20000002,5.492912967518038,8.771938642452405,0.0,0.0,0.05661550114457571,5.492912967518038,0.06240672910006472,34.47399194314719,25.56923777904475,6.382769981487946,0.0,0.6962451145958987,0.0,0.1792039757527123,5.220612152967116,0.060403408088116936,98.29573051041822,0.693590722834028,-0.029411764705882377,6.505052234373702,0.8988459263302342,2.2564545955445263,0.08814598272659888,0.021481988193980128,0.1331088730472652,0.5922377316755872,0.5815848213012433,1.2217457195285788,Semiconductors,Technology,NVEC
2007Q4,2007,Q4,2007-05-25,2007-03-31,1553953.0,4565218.0,1937091.0,0.34,3001725.0,0.6575206266,25010494.0,23888255.0,7063394.0,1122239.0,1122239.0,2016858.0,5637015.0,126321949.60000001,125924526.60000001,5.158815221452219,6.294019366641153,0.0,0.0,0.05888338213415105,5.158815221452219,0.06505092146747429,27.670518603930855,20.32267861383195,5.288035882068406,0.0,0.7752122360622314,0.0,0.18253210032556735,3.0161516397131094,0.06213203945511832,71.81896669156869,0.6575206266162974,0.5454545454545455,1.7578674230347122,0.9052159043610137,42.694172130099716,0.21189469357895357,0.4777695465658887,0.33342350900379975,-0.04526771759229436,0.38055312535184715,1.159597357213223,Semiconductors,Technology,NVEC
2007Q3,2007,Q3,2007-01-17,2006-12-31,1051553.0,3862049.0,1452720.0,0.22,2476886.0,0.6413398691,23044956.0,22018392.0,7232662.0,1026564.0,1026564.0,2189125.0,4083062.0,,,,,,,,,,,,,,,,,,,,,,,,,,,,,,,Semiconductors,Technology,NVEC
2007Q2,2007,Q2,2006-10-18,2006-09-30,1283471.0,4398368.0,1857728.0,0.27,2959187.0,0.6727920447,21117405.0,20386792.0,6830840.0,730613.0,730613.0,2248131.0,3031509.0,,,,,,,,,,,,,,,,,,,,,,,,,,,,,,,Semiconductors,Technology,NVEC
2007Q1,2007,Q1,2006-07-19,2006-06-30,891806.0,3635195.0,1298030.0,0.19,2235374.0,0.6149254717,18839192.0,18114957.0,8360332.0,724235.0,724235.0,2103995.0,1748038.0,,,,,,,,,,,,,,,,,,,,,,,,,,,,,,,Semiconductors,Technology,NVEC
