Quarters,Year,Quarter,FillingDate,Date,NetIncome,Revenue,OperatingIncome,EPSDiluted,GrossProfit,GrossProfitRatio,TotalAssets,CommonStockEquity,CurrentAssets,CurrentLiability,TotalLiability,Inventory,RetainedEarnings,MarketCap,EnterpriseValue,bookValuePerShare,currentRatio,debtToAssets,debtToEquity,roic,shareholdersEquityPerShare,roe,priceToSalesRatio,peRatio,pbRatio,payoutRatio,inventoryTurnover,dividendYield,assetTurnover,quickRatio,returnOnAssets,priceToFreeCashFlowsRatio,grossProfitMargin,epsdilutedGrowth,fiveYNetIncomeGrowthPerShare,fiveYRevenueGrowthPerShare,fiveYShareholdersEquityGrowthPerShare,grossProfitGrowth,netIncomeGrowth,operatingIncomeGrowth,threeYNetIncomeGrowthPerShare,threeYRevenueGrowthPerShare,threeYShareholdersEquityGrowthPerShare,Industry,Sector,Symbol
2023Q1,2023,Q1,2023-05-10,2023-03-31,11130000.0,18931000.0,23414000.0,0.92,18931000.0,1.0,1964245000.0,273106000.0,145974000.0,3143000.0,1691139000.0,0.0,138577000.0,212367218.14000002,274512218.14,22.865227140654394,46.44416162901686,0.10595368704005864,0.762044773824083,0.0371674739238074,22.865227140654394,0.04075340710200435,11.21796091807089,4.770153147798743,0.7775999726845987,0.19380053908355796,0.0,0.010156934855068023,0.009637799765304227,52.14158447343303,0.0056662992651120405,20.131502335766424,1.0,0.06976744186046518,0.5699623182749042,0.2936245494468261,0.5973906996705642,-0.08638579219149654,0.06466424335182705,0.18210733579037713,0.5309609197435256,0.16019729147199102,0.4765422082055974,Banks—Regional,Financial Services,PKBK
2022Q4,2022,Q4,2023-03-15,2022-12-31,10454000.0,20721000.0,19807000.0,0.86,20721000.0,1.0,1984915000.0,266034000.0,200284000.0,2664000.0,1718881000.0,0.0,131706000.0,247511595.54,191432595.54,22.292067359358594,75.18168168168168,0.06351455855792314,0.4738905553425502,0.03848971591361763,22.292067359358594,0.03929572911733087,11.944963830896192,5.919064366271283,0.9303757998601682,9.565716472163765e-05,0.0,4.040214753649355e-06,0.010439237952254883,75.18168168168168,0.005266724267789805,27.226003249367505,1.0,-0.011494252873563229,14.096927437647683,0.46034529596363855,0.5677631555506861,-0.028277996623522792,-0.008159392789373814,0.13351264736179466,0.37504234652081475,0.32423457233502356,0.48712483100673076,Banks—Regional,Financial Services,PKBK
2022Q3,2022,Q3,2022-11-10,2022-09-30,10540000.0,21324000.0,17474000.0,0.87,21324000.0,1.0,1923232000.0,257328000.0,211162000.0,1082000.0,1665904000.0,0.0,123409000.0,249832133.12,172512133.12,21.588875748858673,195.15896487985214,0.06032761518111179,0.4508798109805385,0.034181249937344754,21.588875748858673,0.04095939812224088,11.716006993059464,5.92580960910816,0.9708703799042468,0.38529411764705884,0.0,0.016254914647225983,0.01108758589707326,195.15896487985214,0.005480358063925725,20.209685578385375,1.0,-0.011363636363636374,0.9677579602214851,0.5474291905022093,0.47649658545490536,0.04080437329168294,-0.018439187930713353,0.030428116523174904,0.3492946077438874,0.34303043535394995,0.48917085570577074,Banks—Regional,Financial Services,PKBK
2022Q2,2022,Q2,2022-08-08,2022-06-30,10738000.0,20488000.0,16958000.0,0.88,20488000.0,1.0,1990383000.0,249117000.0,411530000.0,1485000.0,1741266000.0,0.0,115020000.0,249726955.84,-22538044.159999996,20.90880538881597,277.1245791245791,0.060780261889294675,0.4856192070392627,0.03410445611102435,20.90880538881597,0.04310424419048078,12.188937711831317,5.814093775377165,1.0024484713608466,0.17805922890668655,0.0,0.007656362099832818,0.01029349627684722,277.1245791245791,0.0053949415765709415,18.895804769975786,1.0,0.06024096385542174,1.2339083133777466,0.5168517222250162,0.44849012900633733,0.06847457627118644,0.06411653949063521,0.05769350714152061,0.42856649958161863,0.3518935196654513,0.49495009643485854,Banks—Regional,Financial Services,PKBK
2022Q1,2022,Q1,2022-05-09,2022-03-31,10091000.0,19175000.0,16033000.0,0.83,19175000.0,1.0,2054191000.0,240279000.0,522983000.0,1029000.0,1813912000.0,0.0,106194000.0,281084841.3,-101815158.69999999,20.182472892393577,508.2439261418853,0.058869404062231796,0.5032857636331098,0.033185960382964744,20.182472892393577,0.04199701180710757,14.658922623207301,6.963750899316222,1.1698269149613574,0.1896739669011991,0.0,0.0068093319837095045,0.009334575022478435,508.2439261418853,0.004912396169586957,32.5668915884602,1.0,0.0,1.2429204828423648,0.5275424565288079,0.42383205351992226,0.00814931650893796,0.0009919650828290843,-0.013110919610981165,0.41880083737325474,0.32649815303053986,0.494995157789845,Banks—Regional,Financial Services,PKBK
2021Q4,2021,Q4,2022-03-21,2021-12-31,10081000.0,19020000.0,16246000.0,0.83,19020000.0,1.0,2136445000.0,232361000.0,617585000.0,1603000.0,1904084000.0,0.0,98017000.0,253159371.36,-222511628.64,19.53173628705443,385.268247036806,0.056580908939851016,0.5202336020244361,0.03451208164918224,19.53173628705443,0.04338507753022237,13.310166738170349,6.278131419502034,1.089508873520083,0.0004959825414145422,0.0,1.975040455006445e-05,0.008902639665425508,385.268247036806,0.004718586249587516,27.740452702169627,1.0,-0.045977011494252915,1.2900705387482432,0.4931497293321007,0.40209626072220384,-0.033340109778410246,-0.039996190838967716,0.0,0.42795867807389054,0.31294128726494325,0.4633073238368524,Banks—Regional,Financial Services,PKBK
2021Q3,2021,Q3,2021-11-08,2021-09-30,10501000.0,19676000.0,0.0,0.87,19676000.0,1.0,2155648000.0,224256000.0,0.0,0.0,1929961000.0,0.0,89853000.0,260463773.7,-229527226.3,18.85562176357272,0.0,0.06208527551808087,0.596791167237443,0.0,18.85562176357272,0.04682594891552511,13.23763842752592,6.2009278568707735,1.1614573242187498,0.18188743929149606,0.0,0.007333073512940506,0.009127649783267027,0.0,0.0048713890208419925,24.64879092457651,1.0,-0.02247191011235957,1.0747797048340932,0.7115196161051811,0.3716961070640732,-0.024830252267433215,-0.023798456818815653,0.0,0.6122077206298496,0.38442743296876275,0.42634786118352674,Banks—Regional,Financial Services,PKBK
2021Q2,2021,Q2,2021-08-09,2021-06-30,10757000.0,20177000.0,0.0,0.89,20177000.0,1.0,2101468000.0,215622000.0,0.0,0.0,1884457000.0,0.0,81262000.0,232598874.48,-153908125.51999998,18.132359107191842,0.0,0.06866009855967352,0.669166411590654,0.0,18.132359107191842,0.04988823032900168,11.5279216176835,5.405756123454494,1.0787344263572363,0.3550246351213164,0.0,0.016418824074440553,0.009601383413880202,0.0,0.0051188026655652145,29.600263995927715,1.0,0.141025641025641,-0.04728052280525947,-0.10290900648036899,0.3517732041200599,0.0595494407393793,0.14084208293562414,0.0,0.4726548131067956,0.3786542034756356,0.2579488035123324,Banks—Regional,Financial Services,PKBK
2021Q1,2021,Q1,2021-05-07,2021-03-31,9429000.0,19043000.0,0.0,0.78,19043000.0,1.0,2103142000.0,208622000.0,0.0,0.0,1893198000.0,0.0,74324000.0,237326197.54,-122791802.46000001,17.572243701823563,0.0,0.0685826254242462,0.6913892111090872,0.0,17.572243701823563,0.04519657562481426,12.462647562884,6.29245406564853,1.137589504175015,0.20139993636652878,0.0,0.008001645076203332,0.009054547909746465,0.0,0.004483292140996661,21.524233406493742,1.0,0.14705882352941171,1.7736683158239903,0.4715332368375251,0.4011602575977778,0.02145577428525452,0.15949335956714217,0.0,0.33808140290668964,0.30916050589572974,0.2276168738218912,Banks—Regional,Financial Services,PKBK
2020Q4,2020,Q4,2021-03-31,2020-12-31,8132000.0,18643000.0,0.0,0.68,18643000.0,1.0,2078322000.0,200925000.0,0.0,0.0,1875725000.0,0.0,66794000.0,184889686.79999998,-6493313.200000048,16.952973712322823,0.0,0.1285739168425297,1.3299390319771058,0.0,16.952973712322823,0.04047281323877069,9.917378469130504,5.684016441219872,0.9201925434863755,0.2340137727496311,0.0,0.010292623850125965,0.008970217319549136,0.0,0.0039127719381308575,13.191330393835615,1.0,0.23636363636363636,0.9126935333553455,0.48543615600789897,0.36959191961150456,0.15215376058340027,0.2428549594987009,0.0,10.825027275980299,0.3229985074177075,0.19227378666793113,Banks—Regional,Financial Services,PKBK
2020Q3,2020,Q3,2020-11-06,2020-09-30,6543000.0,16181000.0,0.0,0.55,16181000.0,1.0,2076299000.0,192827000.0,0.0,0.0,1881888000.0,0.0,58726000.0,141499531.07999998,-30276468.920000017,16.27110961023829,0.0,0.13049469272007547,1.4051248009874135,0.0,16.27110961023829,0.033931970107920574,8.744795196835794,5.406523425034387,0.7338159649841568,0.29084517805288096,0.0,0.013448807819187015,0.007793193562198894,0.0,0.0031512802346868153,12.724777974820142,1.0,0.0,1.038453074163125,0.17011953442935576,0.33788085587336686,0.02301321363090346,0.00030576364470264486,0.0,0.22861080750588872,0.18101064745452955,0.11280633880851386,Banks—Regional,Financial Services,PKBK
2020Q2,2020,Q2,2020-08-07,2020-06-30,6541000.0,15817000.0,0.0,0.55,15817000.0,1.0,1935884000.0,188257000.0,0.0,0.0,1746143000.0,0.0,54087000.0,160555548.9,60581548.900000006,15.887849205316378,0.0,0.11413338815755489,1.173656225266524,0.0,15.887849205316378,0.03474505596073453,10.150821830941393,6.136506226112215,0.8528530089186591,0.2909341079345666,0.0,0.011852595647038394,0.008170427566940995,0.0,0.0033788181523273088,90.0479803140774,1.0,-0.08333333333333323,0.9331297073664561,0.26639331101743496,0.3142973903408161,-0.022857848891085438,-0.0930393788130893,0.0,0.368277590710882,0.17748612578725664,0.10065555238998584,Banks—Regional,Financial Services,PKBK
2020Q1,2020,Q1,2020-05-08,2020-03-31,7212000.0,16187000.0,0.0,0.6,16187000.0,1.0,1815556000.0,183489000.0,0.0,0.0,1630686000.0,0.0,49449000.0,159842524.36,24704524.360000014,15.485657649056913,0.0,0.08154692006195348,0.8068767065055671,0.0,15.485657649056913,0.03930480846263264,9.874746670785198,5.540852896561287,0.8711286472758586,0.24057127010537993,0.0,0.010854433180074185,0.00891572609162152,0.0,0.003972336848877148,17.100944084733072,1.0,-0.043478676748401404,1.142583429234826,0.29036419454511747,0.3041271359033144,0.04196974573543611,-0.04451510333863275,0.0,0.6106324580058003,0.29564296701100024,0.09248137471167234,Banks—Regional,Financial Services,PKBK
2019Q4,2019,Q4,2020-03-13,2019-12-31,7548000.0,15535000.0,0.0,0.627273,15535000.0,1.0,1681160000.0,177605000.0,0.0,0.0,1501736000.0,0.0,44143000.0,273477713.51460004,229923713.51460004,14.990044476809425,0.0,0.08806597825311095,0.8336082880549535,0.0,14.990044476809425,0.04249880352467554,17.603972546803995,9.057952885353737,1.5398086400416655,0.22933227344992052,0.0,0.006329583415606507,0.009240643365295391,0.0,0.004489757072497561,30.68990164006285,1.0,-0.02816927593712967,1.533642953857728,0.2619029943584788,0.2780202666135196,-0.015588365756289208,-0.027820710973724884,0.0,0.7216594661919551,0.22454351651714674,0.07606845597871094,Banks—Regional,Financial Services,PKBK
2019Q3,2019,Q3,2019-11-07,2019-09-30,7764000.0,15781000.0,0.0,0.645455,15781000.0,1.0,1598487000.0,171749000.0,0.0,0.0,1424943000.0,0.0,59394000.0,239309581.79999998,349422581.79999995,14.49724567610272,0.0,0.07385296220738737,0.6873577138731521,0.0,14.49724567610272,0.045205503379932344,15.164411748304923,7.705743875579597,1.3933681232496258,0.22295208655332302,0.0,0.0072333083655909,0.009872460645597993,0.0,0.004857092988557304,25.762685089891267,1.0,0.044118075259389614,0.6640295894458474,-0.01866053754704621,0.2621290633530437,0.04808394766553763,0.03963577932512052,0.0,0.5400022474928577,0.3780788969855255,0.05463589089801775,Banks—Regional,Financial Services,PKBK
2019Q2,2019,Q2,2019-08-08,2019-06-30,7468000.0,15057000.0,0.0,0.618182,15057000.0,1.0,1549794000.0,165561000.0,0.0,0.0,1382539000.0,0.0,53362000.0,259238578.2,370081578.2,13.986289869259899,0.0,0.07617334949031936,0.7130483628390745,0.0,13.986289869259899,0.045107241439711045,17.21714672245467,8.678313410551688,1.5658191131969483,0.20273165506159616,0.0,0.005840180155717272,0.009715484767652991,0.0,0.004818704937559443,49.99779714561234,1.0,0.04615431479297149,1.2262808820225366,0.11665582276319678,0.25152742212467544,0.04919517803637377,0.057640560827078316,0.0,-0.33555134449075097,-0.3274855885946413,0.04268240875632008,Banks—Regional,Financial Services,PKBK
2019Q1,2019,Q1,2019-05-09,2019-03-31,7061000.0,14351000.0,0.0,0.590909,14351000.0,1.0,1558165000.0,159562000.0,0.0,0.0,1397050000.0,0.0,47624000.0,227576348.48250002,340648348.4825,13.500025593548227,0.0,0.07576411997445713,0.7398566074629298,0.0,13.500025593548227,0.044252390920143894,15.857873910006273,8.057511276111741,1.4262565553358568,0.21441722135674834,0.0,0.006652712419790066,0.009210192758789986,0.0,0.004531612505735914,21.769308253539318,1.0,0.03174636432366561,1.2519977797262725,0.16123205766226695,0.23371275412445858,0.024412877435934042,0.03427567013329427,0.0,1.0863785481507164,0.1139222535963014,0.0764532782042879,Banks—Regional,Financial Services,PKBK
2018Q4,2018,Q4,2019-03-15,2018-12-31,6827000.0,14009000.0,0.0,0.572727,14009000.0,1.0,1467398000.0,153557000.0,0.0,0.0,1312402000.0,0.0,42079000.0,195731412.9624,307131412.96239996,13.347665229913158,0.0,0.08045056624037923,0.7687894397520139,0.0,13.347665229913158,0.04445906080478259,13.97183331875223,7.167548445964553,1.274649888721452,0.22059469752453492,0.0,0.007694217178564498,0.009546830512240033,0.0,0.004652452845104055,19.487396750537634,1.0,0.12499926339298874,2.6761407050257056,0.30844236285335164,0.24757742477473083,0.048028727463155535,0.11443029709435194,0.0,0.6542521116139937,0.1499239028929614,0.07832730438792931,Banks—Regional,Financial Services,PKBK
2018Q3,2018,Q3,2018-11-07,2018-09-30,6126000.0,13367000.0,0.0,0.509091,13367000.0,1.0,1341990000.0,147872000.0,0.0,0.0,1192785000.0,0.0,36764000.0,226056769.599,338111769.599,13.219511366551968,0.0,0.08796861377506539,0.7983458666955204,0.0,13.219511366551968,0.04142772127245185,16.911556040921674,9.225300750857004,1.5287327526441787,0.24469474371531177,0.0,0.0066310776830928895,0.009960580928322863,0.0,0.004564862629378759,34.41266092236261,1.0,0.0,1.3596360093061641,0.1468623583267871,0.31965093836301006,0.09171839268213003,0.002454590083456063,0.0,1.0219989237102045,0.02409194323541233,0.08696527802760189,Banks—Regional,Financial Services,PKBK
2018Q2,2018,Q2,2018-08-09,2018-06-30,6111000.0,12244000.0,0.0,0.509091,12244000.0,1.0,1289635000.0,143401000.0,0.0,0.0,1144993000.0,0.0,32156000.0,213894341.0,325628341.0,14.414226601722016,0.0,0.09153985429986004,0.8232369369809137,0.0,14.414226601722016,0.04261476558740873,17.46931893172166,8.75038213876616,1.4915819345750727,0.19734904270986744,0.0,0.0056382978360329785,0.009494159200083745,0.0,0.004738550054860484,37.890937289636845,1.0,0.062068807253321645,1.6973862786767229,0.22161601468311282,0.4652694621315654,0.02977291841883936,0.0609375,0.0,1.1510688897260506,0.16759709022947944,0.19239427323398792,Banks—Regional,Financial Services,PKBK
2018Q1,2018,Q1,2018-05-10,2018-03-31,5760000.0,11890000.0,0.0,0.479339,11890000.0,1.0,1166989000.0,138911000.0,0.0,0.0,1028078000.0,0.0,43743000.0,166820981.648,279441981.648,14.314110596343133,0.0,0.10116033655844228,0.8498463044683287,0.0,14.314110596343133,0.0414653987085256,14.030360104962153,7.240493995138889,1.200919881420478,0.20850694444444445,0.0,0.007199334209255318,0.010188613603041675,0.0,0.004935779171868801,25.645039453958493,1.0,13.499939500272252,1.4090728805879107,0.2739243725641287,0.44825795699386023,0.055013309671694766,9.472727272727273,0.0,1.0893568331327386,0.15727321668706423,0.20546511346575663,Banks—Regional,Financial Services,PKBK
2017Q4,2017,Q4,2018-03-15,2017-12-31,550000.0,11270000.0,0.0,0.033058,11270000.0,1.0,1137452000.0,134780000.0,0.0,0.0,1002672000.0,0.0,39184000.0,160984015.008,274585015.008,14.219027459876981,0.0,0.1125788165126968,0.9500890339813028,0.0,14.219027459876981,0.00408072414304793,14.284295919077195,73.17455227636363,1.1944206485235198,2.1945454545454544,0.0,0.007497638817990836,0.009908110408175465,0.0,0.00048353688771042645,21.60859261852349,1.0,-0.9047613560083779,-0.719451368201778,0.21851434472077494,0.6078344192033992,0.052779075198505374,-0.8678202355203076,0.0,-0.7692334174018329,0.1442879822199214,0.21228494641030057,Banks—Regional,Financial Services,PKBK
2017Q3,2017,Q3,2017-11-13,2017-09-30,4161000.0,10705000.0,0.0,0.347107,10705000.0,1.0,1099442000.0,135389000.0,0.0,0.0,964171000.0,0.0,55403000.0,169884293.6073,278507293.60730004,14.621690264327423,0.0,0.10282761619075859,0.8350235248062989,0.0,14.621690264327423,0.030733663739299352,15.869621074946288,10.20693905355083,1.2547865307174144,0.28959384763278057,0.0,0.007093063016086972,0.00973675737328572,0.0,0.0037846471209941044,24.155309769273426,1.0,0.1351341628922283,1.4694538819461949,0.32530793298606087,0.686393419633768,0.029921108331729843,0.12489862124898621,0.0,0.14102760479385176,-0.1482849272990239,0.2729631993733987,Banks—Regional,Financial Services,PKBK
2017Q2,2017,Q2,2017-08-14,2017-06-30,3699000.0,10394000.0,0.0,0.305785,10394000.0,1.0,1042907000.0,132347000.0,0.0,0.0,910675000.0,0.0,52447000.0,169731772.458,278051772.458,14.434896703893584,0.0,0.10840180380417429,0.8542165670547878,0.0,14.434896703893584,0.02794925461098476,16.3297837654416,11.47146339943228,1.282475405245302,0.26655852933225194,0.0,0.0058091657544198745,0.009966372840531323,0.0,0.0035468167343780414,-276.436111495114,1.0,0.0710507880910683,0.8890908431537388,0.18437926725620205,0.5516426988873265,0.07698684074189203,0.06938421509106678,0.0,0.4236888182342424,-0.00478092329560076,0.2916698587926433,Banks—Regional,Financial Services,PKBK
2017Q1,2017,Q1,2017-05-12,2017-03-31,3459000.0,9651000.0,0.0,0.2855,9651000.0,1.0,1016388000.0,129744000.0,0.0,0.0,886689000.0,0.0,49955000.0,146821471.5065,235257471.5065,14.174756666349472,0.0,0.09155263541088639,0.7172046491552596,0.0,14.174756666349472,0.026660192378838328,15.213083774375713,10.61155474895201,1.1316243641825443,0.28534258456201217,0.0,0.006722449992311268,0.009495389555956977,0.0,0.003403227901155858,50.50618214877881,1.0,0.0,0.8305420696562725,0.020227737113295337,0.5568171900233585,-0.012382316823577568,0.02428190701806337,0.0,0.4245428494144721,0.008398930677970673,0.29537369871680047,Banks—Regional,Financial Services,PKBK
2016Q4,2016,Q4,2017-03-17,2016-12-31,3377000.0,9772000.0,0.0,0.2855,9772000.0,1.0,1016185000.0,127134000.0,0.0,0.0,889095000.0,0.0,47483000.0,138164312.237,226818312.237,13.930381839114137,0.0,0.09157092458558234,0.731928516368556,0.0,13.930381839114137,0.026562524580364025,14.138795767191976,10.228332265102162,1.0867613088316266,0.25111045306485047,0.0,0.006137619666541561,0.00961635922592835,0.0,0.0033232137848915305,204.99156118249257,1.0,-0.11627691021930577,1.5320205158280502,0.02652726855061183,0.5614788397548677,0.10995002271694684,-0.12874097007223942,0.0,1.2922337686731018,0.15052627773980787,0.30204268698787,Banks—Regional,Financial Services,PKBK
2016Q3,2016,Q3,2016-11-14,2016-09-30,3876000.0,8804000.0,0.0,0.323065,8804000.0,1.0,954598000.0,125202000.0,0.0,0.0,829401000.0,0.0,45092000.0,103199451.68550001,183227451.68550003,13.74620928532821,0.0,0.08700311544754966,0.6633520231306209,0.0,13.74620928532821,0.030957971917381512,11.721882290492958,6.656311383223684,0.8242636035007428,0.21852425180598556,0.0,0.008207407948069624,0.009222730405888132,0.0,0.004060347916086143,28.150423263911623,1.0,-0.5567013138485815,1.346287230133263,0.006512827997726178,0.5605373770109141,-0.4889417774423869,-0.5518038852913969,0.0,0.8335553327497989,-0.07231696571494012,0.372229084670713,Banks—Regional,Financial Services,PKBK
2016Q2,2016,Q2,2016-08-15,2016-06-30,8648000.0,17227000.0,0.0,0.728775,17227000.0,1.0,924490000.0,122174000.0,0.0,0.0,802321000.0,0.0,42063000.0,88412433.47700001,167817433.477,13.413758352308179,0.0,0.08983655853497605,0.6797927545959042,0.0,13.413758352308179,0.0707842912567322,5.132201397631626,2.5558635949641535,0.7236599724736852,0.09262257169287696,0.0,0.009059811708591593,0.018634057696676004,0.0,0.009354346720894764,13.335208669230772,1.0,2.3343780311487707,2.8334337391653097,0.7650051409955935,0.5512373291797392,0.7351933924254633,2.315950920245399,0.0,3.1694527940143526,0.8773859796187691,0.36356746907956294,Banks—Regional,Financial Services,PKBK
2016Q1,2016,Q1,2016-05-16,2016-03-31,2608000.0,9928000.0,0.0,0.218564,9928000.0,1.0,926729000.0,114227000.0,0.0,0.0,811955000.0,0.0,42387000.0,82428603.65,181780603.65,12.541209049099304,0.0,0.11120079332793081,0.9021772435588784,0.0,12.541209049099304,0.02283172980118536,8.30263936845286,7.901514920437118,0.7216210147338196,0.28297546012269936,0.0,0.008953202739350298,0.010712948445554201,0.0,0.002814199188759605,93.98928580387685,1.0,-0.1999999999999999,0.08146799016915057,-0.08531589795189583,0.49242422027550997,0.035785080855503394,-0.19679704342469972,0.0,0.1621921775473347,0.13335630776724125,0.2688811975730858,Banks—Regional,Financial Services,PKBK
2015Q4,2015,Q4,2016-03-18,2015-12-31,3247000.0,9585000.0,0.0,0.273205,9585000.0,1.0,885124000.0,112040000.0,0.0,0.0,772917000.0,0.0,40582000.0,77155507.5655,172077507.56550002,12.37812042373298,0.0,0.11077882872908203,0.8751606569082471,0.0,12.37812042373298,0.028980721171010353,8.04960955299948,5.940522602825686,0.6886425166503035,0.22605481983369263,0.0,0.00951325476508442,0.01082899119219454,0.0,0.003668412561403826,-19.178599941710168,1.0,0.3333317065552648,0.8107138648857242,0.0354599740637433,0.5156026262883988,-0.08443977457254752,0.3362139917695473,0.0,0.7344625081850975,0.0852655314821075,0.39967154001787375,Banks—Regional,Financial Services,PKBK
2015Q3,2015,Q3,2015-11-13,2015-09-30,2430000.0,10469000.0,0.0,0.204904,10469000.0,1.0,864652000.0,109114000.0,0.0,0.0,755172000.0,0.0,38078000.0,77517456.5424,165909456.5424,12.16185248395421,0.0,0.10769303719878055,0.8533918653884928,0.0,12.16185248395421,0.02227028612277068,7.404475741942879,7.975046969382716,0.7104263114027531,0.2740740740740741,0.0,0.008591613163103662,0.012107761272743253,0.0,0.002810379204581728,33.5864196457539,1.0,-0.06249885617027509,0.2819327571056269,0.18148522705530104,0.5240607419967848,0.1241275636207452,-0.036860879904875146,0.0,0.48838242412916766,0.33764349193248067,0.40268789919141335,Banks—Regional,Financial Services,PKBK
2015Q2,2015,Q2,2015-08-14,2015-06-30,2523000.0,9313000.0,0.0,0.218564,9313000.0,1.0,868739000.0,106805000.0,0.0,0.0,761691000.0,0.0,36378000.0,77424407.11559999,157057407.1156,12.088473523634123,0.0,0.09572840634528898,0.7786433219418567,0.0,12.088473523634123,0.02362248958382098,8.313583927370342,7.671859603210463,0.7249136942615045,0.3808957590170432,0.0,0.012412106670254,0.010720135736970483,0.0,0.00290420943459428,16.783959921005852,1.0,0.03225745510876856,0.23234816605046654,0.07652134021876852,0.5506375064923988,-0.00042932274337233016,0.0092,0.0,0.3371066916279072,0.1012298807420464,0.29941987590255775,Banks—Regional,Financial Services,PKBK
2015Q1,2015,Q1,2015-05-15,2015-03-31,2500000.0,9317000.0,0.0,0.211734,9317000.0,1.0,853630000.0,104499000.0,0.0,0.0,749002000.0,0.0,34521000.0,75735362.36,155685362.36,11.874346620608154,0.0,0.09747782997317339,0.7962755624455736,0.0,11.874346620608154,0.023923673910755127,8.128728384673177,7.573536236,0.7247472450454071,0.12,0.0,0.003961161479283375,0.010914564858310978,0.0,0.0029286693298033106,41.981908181818184,1.0,0.1071406161761938,0.5080166303317383,0.37942430752406753,0.7281348993124108,0.02204914436156209,0.13327289211242066,0.0,0.37606332285806715,0.024401403827212557,0.3041625598515076,Banks—Regional,Financial Services,PKBK
2014Q4,2014,Q4,2015-03-20,2014-12-31,2206000.0,9116000.0,0.0,0.191244,9116000.0,1.0,821706000.0,102905000.0,0.0,0.0,718656000.0,0.0,32983000.0,69212134.3584,127934134.3584,11.729113276528734,0.0,0.07637159762737523,0.6098343132014965,0.0,11.729113276528734,0.021437247947135706,7.592379811145239,7.843623567361742,0.6725828128701229,0.28059836808703537,0.0,0.008943518441356584,0.011093992255137483,0.0,0.002684658503162932,7.8250010580440925,1.0,-0.363635758636524,0.40947997264626895,0.29560300063458717,0.8004008134579814,-0.23446422573060127,-0.3615050651230101,0.0,0.7205569881226392,-0.0038637543048622553,0.31473511651796743,Banks—Regional,Financial Services,PKBK
2014Q3,2014,Q3,2014-11-14,2014-09-30,3455000.0,11908000.0,0.0,0.300526,11908000.0,1.0,813880000.0,100766000.0,0.0,0.0,712338000.0,0.0,31078000.0,63214177.544,124189177.544,11.486341688058838,0.0,0.07888263626087384,0.6371295873608162,0.0,11.486341688058838,0.034287358831351845,5.308546988915015,4.574108360636758,0.6273363787785562,0.17337192474674384,0.0,0.00947572242924569,0.014631149555216985,0.0,0.004245097557379466,4.784603204965183,1.0,0.41935636222807865,1.0087717882614469,0.790542526170266,0.5847040099608277,0.19163414390073052,0.3897827835880933,0.0,1.1714082673687962,0.4134294409620615,0.3039860777084389,Banks—Regional,Financial Services,PKBK
2014Q2,2014,Q2,2014-08-14,2014-06-30,2486000.0,9993000.0,0.0,0.211734,9993000.0,1.0,819260000.0,98038000.0,0.0,0.0,720857000.0,0.0,28222000.0,69745437.804,130677437.804,11.175376281820379,0.0,0.07823523667700119,0.6537771068361248,0.0,11.175376281820379,0.025357514433178973,6.979429380966677,7.013821179002413,0.7114122871131603,0.12067578439259855,0.0,0.004301356611210412,0.012197592949735128,0.0,0.003034445719307668,8.424379490759755,1.0,0.06896412451911914,1.0779714217873169,0.5574888879371452,0.6547429252695087,0.0899869109947644,0.06878761822871883,0.0,0.14411434538222778,0.06298768996416425,0.2923790932171226,Banks—Regional,Financial Services,PKBK
2014Q1,2014,Q1,2014-05-15,2014-03-31,2326000.0,9168000.0,0.0,0.198074,9168000.0,1.0,800035000.0,95946000.0,0.0,0.0,703854000.0,0.0,26334000.0,66474602.2238,127409602.2238,10.942600332545744,0.0,0.08017024255188836,0.6684906093010652,0.0,10.942600332545744,0.02424280324349113,7.250720137849041,7.144733686994842,0.6928334920038356,0.024505588993981083,0.0,0.0008574703434568609,0.011459498646934197,0.0,0.0029073728024398933,-16.940520444393478,1.0,0.2285410975827439,0.4972730159688205,0.6882068878432751,0.6242694982031372,0.12463199214916584,0.6449787835926449,0.0,0.001933321388461778,-0.12258108139616405,0.30218718985941734,Banks—Regional,Financial Services,PKBK
2013Q4,2013,Q4,2014-03-21,2013-12-31,1414000.0,8152000.0,0.0,0.16122700363034412,8152000.0,1.0,794943000.0,93716000.0,0.0,0.0,702378000.0,0.0,24308000.0,53306399.379200004,117711399.37920001,10.69886723248722,0.0,0.08639990540202254,0.7328844594306202,0.0,10.69886723248722,0.015088138631610397,6.539057823748774,9.424752365487977,0.5688078810363225,0.14427157001414428,0.0,0.0038269326455314893,0.010254823301796482,0.0,0.0017787438847816763,-24.486173348277447,1.0,-0.21315833936700057,0.595748075447557,0.29476679572909675,1.2910105268943066,-0.10682590117234579,-0.3044761436301033,0.0,-0.18518428023690142,-0.08998653019133694,0.3099913977875449,Banks—Regional,Financial Services,PKBK
2013Q3,2013,Q3,2013-11-14,2013-09-30,2033000.0,9127000.0,0.0,0.204904,9127000.0,1.0,747129000.0,87747000.0,0.0,0.0,660438000.0,0.0,21233000.0,52589001.8984,93274001.89840001,10.017430353931625,0.0,0.05852402998678943,0.49830763444904097,0.0,10.017430353931625,0.023168883266664386,5.76191540466747,6.466921040137728,0.5993253546947475,0.09985243482538121,0.0,0.003860122700031243,0.012216096550930294,0.0,0.002721082972284572,53.444107620325205,1.0,0.03448206225955957,0.7436979875642367,0.9103159181634934,1.0961542572061875,0.037748720864127346,0.022635814889336015,0.0,0.09850275420174366,0.05500847010468578,0.25533280051348695,Banks—Regional,Financial Services,PKBK
2013Q2,2013,Q2,2013-08-14,2013-06-30,1988000.0,8795000.0,0.0,0.198074,8795000.0,1.0,738363000.0,85878000.0,0.0,0.0,653496000.0,0.0,19464000.0,46508414.39,76678414.39,9.83725312936862,0.0,0.04573360257759395,0.3932089708656466,0.0,9.83725312936862,0.023149118516965928,5.288051664582149,5.848643660714285,0.5415637810615058,0.10462776659959759,0.0,0.004472308994578906,0.011911485272149335,0.0,0.002692442606143591,11.632920057528764,1.0,-0.08856903580861573,0.8220954360386352,0.8682778180217863,1.0716202900359333,0.05430352433469192,-0.06972391202620495,0.0,-0.01724650182377033,0.028918391132441622,0.26186433989665,Banks—Regional,Financial Services,PKBK
2013Q1,2013,Q1,2013-05-15,2013-03-31,2137000.0,8342000.0,0.0,0.217322,8342000.0,1.0,757099000.0,85728000.0,0.0,0.0,672401000.0,0.0,22951000.0,38992604.8635,71199604.8635,9.883674746765998,0.0,0.04465598290316062,0.394375233296006,0.0,9.883674746765998,0.02492767823814856,4.674251362203308,4.5616056227772575,0.4548409488556831,0.09499298081422555,0.0,0.0052061153829202934,0.011018374083178026,0.0,0.0028226163289081087,14.314465808920705,1.0,0.2068952112269321,0.7299298209906727,1.0811612005998086,1.4209888229684917,-0.09601213697442566,0.09253578732106339,0.0,0.30788274462352766,0.25311269642448353,0.4384221556827261,Banks—Regional,Financial Services,PKBK
2012Q4,2012,Q4,2013-03-22,2012-12-31,1956000.0,9228000.0,0.0,0.180067,9228000.0,1.0,770477000.0,83637000.0,0.0,0.0,686934000.0,0.0,21068000.0,29184464.138100002,60434464.1381,8.843589420682878,0.0,0.043935120710936214,0.4047371378696032,0.0,8.843589420682878,0.02338677857885864,3.162599061345904,3.7301206720475464,0.3489420249183973,0.10531697341513292,0.0,0.0070585500225467295,0.011976996068669149,0.0,0.0025386870730729144,4.692790502990835,1.0,0.16000128841074532,0.2873494431201351,1.0729319678678015,1.2149389802010193,0.11854545454545455,0.13654851830331202,0.0,0.15937431041215597,0.21668074715522123,0.3574773481596059,Banks—Regional,Financial Services,PKBK
2012Q3,2012,Q3,2012-11-14,2012-09-30,1721000.0,8250000.0,0.0,0.15523,8250000.0,1.0,770190000.0,81999000.0,0.0,0.0,688600000.0,0.0,19366000.0,33767500.3095,75724500.30950001,8.6703909622126,0.0,0.056987236915566286,0.5352626251539653,0.0,8.6703909622126,0.020988060830010122,4.093030340545455,4.9052150362434634,0.41180380625983243,0.1179546775130738,0.0,0.006011697583160719,0.010711642581700619,0.0,0.0022345135615886988,15.830989362165964,1.0,-0.16666666666666663,-0.1292444931595597,0.48209374834903324,0.918686642859289,-0.004464824423796307,-0.06922660897782586,0.0,-0.07183362325801833,0.1507001655194478,0.196203604149308,Banks—Regional,Financial Services,PKBK
2012Q2,2012,Q2,2012-08-14,2012-06-30,1849000.0,8287000.0,0.0,0.186276,8287000.0,1.0,788550000.0,80543000.0,0.0,0.0,708469000.0,0.0,17899000.0,28007873.009999998,67538873.00999999,9.302977234542952,0.0,0.05571238348868176,0.5454477732391393,0.0,9.302977234542952,0.0229566815241548,3.3797360938819834,3.786894674148188,0.34773813999975167,0.11032990805840995,0.0,0.007283666272235787,0.010509162386659058,0.0,0.002344810094477205,5.765309388637299,1.0,0.06451336384988596,0.1243722985416819,0.8042896983499925,1.15723857257088,-0.07366420746702437,0.03469501958589815,0.0,0.5660362171202125,0.30873842179041266,0.37749596743741015,Banks—Regional,Financial Services,PKBK
2012Q1,2012,Q1,2012-05-15,2012-03-31,1787000.0,8946000.0,0.0,0.174987,8946000.0,1.0,774604000.0,78814000.0,0.0,0.0,696252000.0,0.0,19343000.0,34496536.8024,74153536.8024,9.104958987597506,0.0,0.05676577967580854,0.5579084934148756,0.0,9.104958987597506,0.022673636663536934,3.856085043863179,4.8260404032456625,0.43769554650696574,0.11359820928931169,0.0,0.005884648686991584,0.011549127037815451,0.0,0.002306985246655065,8.962467342790335,1.0,0.19740381019288547,0.375790780965345,1.1634737839066545,1.3865607502476018,-0.009192601617011851,0.4126482213438735,0.0,0.1651901389625707,0.6686333438465366,0.351498429670288,Banks—Regional,Financial Services,PKBK
2011Q4,2011,Q4,2012-03-26,2011-12-31,1265000.0,9029000.0,0.0,0.14613866977073672,9029000.0,1.0,790738000.0,77224000.0,0.0,0.0,713465000.0,0.0,17808000.0,26679156.900200002,86956156.90020001,8.921274809782904,0.0,0.08094969509496192,0.82888739252046,0.0,8.921274809782904,0.01638091784937325,2.954829648931222,5.272560652213439,0.34547753159898476,0.16126482213438736,0.0,0.007646418541751996,0.011418447070964087,0.0,0.0015997713528374759,4.345847353021665,1.0,-0.04113517813542114,0.027745241857032428,1.4015161475526485,1.4727562560765808,0.08613015758450619,-0.1942675159235669,0.0,0.4446279569894317,0.45116770656721195,0.9103643459063786,Banks—Regional,Financial Services,PKBK
2011Q3,2011,Q3,2011-11-14,2011-09-30,1570000.0,8313000.0,0.0,0.152408,8313000.0,1.0,767047000.0,76249000.0,0.0,0.0,690730000.0,0.0,16793000.0,34594351.433,19342351.433,8.808638285651309,0.0,0.07046373951009521,0.70884864063791,0.0,8.808638285651309,0.020590433972904564,4.161476173824131,5.50865468678344,0.45370236243098266,0.6477707006369426,0.0,0.029397862884339855,0.010837667052996753,0.0,0.0020468106908703115,7.631668085815133,1.0,-0.2894731934731935,0.142542769061505,0.9882211678753338,1.2464812974233834,-0.1038163001293661,-0.2677238805970149,0.0,0.3626493392379363,0.7607005277124628,0.8432136775885425,Banks—Regional,Financial Services,PKBK
2011Q2,2011,Q2,2011-08-15,2011-06-30,2144000.0,9276000.0,0.0,0.2145,9276000.0,1.0,745525000.0,74851000.0,0.0,0.0,670545000.0,0.0,15472000.0,37917452.024799995,47319452.024799995,8.647134838742621,0.0,0.08596224137352872,0.8561943060212956,0.0,8.647134838742621,0.028643571896167053,4.0876942674428625,4.421344685727612,0.5065724175334998,0.28451492537313433,0.0,0.016087578870041905,0.012442238690855437,0.0,0.002875825760370209,8.333505939516483,1.0,-0.0731698886075512,0.6953760765706833,1.3503108744587322,1.268049340198487,-0.10081426909654904,-0.06457242582897033,0.0,0.9818109360111925,0.9872342012603827,0.8209941075050443,Banks—Regional,Financial Services,PKBK
2011Q1,2011,Q1,2011-05-16,2011-03-31,2292000.0,10316000.0,0.0,0.231434,10316000.0,1.0,725434000.0,72744000.0,0.0,0.0,652730000.0,0.0,17537000.0,40734751.0624,66213751.0624,8.40324679720363,0.0,0.08839536057036201,0.8815160013196964,0.0,8.40324679720363,0.031507753216760144,3.9486963030632025,4.443144749389179,0.5599740330803915,0.08900523560209424,0.0,0.005008009001638435,0.014220452859943151,0.0,0.0031594879754739923,19.841573824841696,1.0,0.16818895733877548,1.2323697439878918,2.1676040970550727,1.6749882229663693,0.16525471591550886,0.33644314868804664,0.0,0.8590572480529547,1.5787013996403663,1.0583605889431467,Banks—Regional,Financial Services,PKBK
2010Q4,2010,Q4,2011-03-25,2010-12-31,1715000.0,8853000.0,0.0,0.19811349743214873,8853000.0,1.0,756853000.0,70700000.0,0.0,0.0,686121000.0,0.0,15494000.0,44421620.001,62409620.001,8.167127853325315,0.0,0.0999084366448967,1.0695332390381895,0.0,8.167127853325315,0.024257425742574258,5.017691178244663,6.475454810641399,0.6283114568741159,0.11836734693877551,0.0,0.004569846844744297,0.011697119519906771,0.0,0.002265961818213048,5.920514461015594,1.0,0.1030511257044556,0.8539273597180772,1.9041566345258905,1.7233537441498883,0.03604447045055588,-0.06181619256017506,0.0,0.23313759690339356,1.1726398607232014,1.0455144374193341,Banks—Regional,Financial Services,PKBK
2010Q3,2010,Q3,2010-11-15,2010-09-30,1828000.0,8545000.0,0.0,0.179605,8545000.0,1.0,742931000.0,69042000.0,0.0,0.0,673711000.0,0.0,14027000.0,39735985.287599996,58120985.287599996,7.979900110818462,0.0,0.09360627029966444,1.0072564525940733,0.0,7.979900110818462,0.026476637409113293,4.650203076372147,5.434352473687089,0.5755335199965238,0.11433260393873085,0.0,0.005259716060575966,0.011501741076896778,0.0,0.0024605245978428685,-235.12417329940826,1.0,-0.10256730557831839,0.7419581674184148,1.5311532494570461,1.2629096429951907,0.009093056211620217,-0.08782435129740519,0.0,0.010986875022345034,0.6779837881291645,0.7658866619402755,Banks—Regional,Financial Services,PKBK
2010Q2,2010,Q2,2010-08-16,2010-06-30,2004000.0,8468000.0,0.0,0.200132,8468000.0,1.0,699178000.0,67421000.0,0.0,0.0,631506000.0,0.0,12446000.0,41095300.807000004,86129300.80700001,7.7958088031668415,0.0,0.09330242084276107,0.9675768677415049,0.0,7.7958088031668415,0.029723676599279155,4.853011432097308,5.12665928231038,0.6095326501683452,0.10129740518962076,0.0,0.004939737537227659,0.012111365060113448,0.0,0.002866222907471345,14.348917879539107,1.0,0.22571320079863788,0.8740529096440078,1.4599862021758976,1.2757107146406357,0.15984111765511574,0.11830357142857142,0.0,0.21995209282403969,0.8457021287978217,0.8077459538581107,Banks—Regional,Financial Services,PKBK
2010Q1,2010,Q1,2010-05-14,2010-03-31,1792000.0,7301000.0,0.0,0.163278,7301000.0,1.0,674069000.0,65364000.0,0.0,0.0,608509000.0,0.0,10688000.0,40472037.42,96567037.42,6.8711919569084055,0.0,0.0975730971161706,1.0062266691144972,0.0,6.8711919569084055,0.02741570283336393,5.543355351321737,5.646210577566965,0.6191793253166881,0.11383928571428571,0.0,0.0050405171818503425,0.010831235377980593,0.0,0.0026584815501083715,9.856804047735022,1.0,-0.08472337814967584,0.8462409465577498,1.1308974808627517,1.0646526159495227,-0.04299383929741775,0.05598114319387154,0.0,0.2554073977262447,0.6066597995183435,0.801053365985741,Banks—Regional,Financial Services,PKBK
2009Q4,2009,Q4,2010-03-25,2009-12-31,1697000.0,7629000.0,0.0,0.17839197036401633,7629000.0,1.0,654198000.0,61973000.0,0.0,0.0,592225000.0,0.0,14071000.0,37675285.980000004,101407285.98,6.514723382067875,0.0,0.10368573428839586,1.0945250350959288,0.0,6.514723382067875,0.027382892549981445,4.938430460086512,5.550277840306423,0.6079306468946154,0.12021213906894519,0.0,0.0054146901528045145,0.011661607036401823,0.0,0.00259401587898465,-31.874184416243658,1.0,0.06221736162874498,2.3738689505521964,3.2085822985347097,2.6404406730534444,0.16402197131522733,0.0011799410029498525,0.0,0.25457210616974846,0.8464277082004489,0.8057198486870437,Banks—Regional,Financial Services,PKBK
2009Q3,2009,Q3,2009-11-13,2009-09-30,1695000.0,6554000.0,0.0,0.167943,6554000.0,1.0,655412000.0,62664000.0,0.0,0.0,592748000.0,0.0,12618000.0,34363692.1972,71025692.1972,7.248256845354211,0.0,0.08519984376239678,0.8911177071364739,0.0,7.248256845354211,0.027049023362696285,5.243163289166921,5.068391179528024,0.5483801257053492,0.11976401179941003,0.0,0.0059073978091487124,0.00999981690905873,0.0,0.002586159545446223,7.9637757119814605,1.0,0.5652161756619477,2.2540910207845517,3.173106333264045,3.1853224234256516,0.036533291159259844,0.43765903307888043,0.0,0.23504662354392358,0.5694742195426316,0.8485346899228798,Banks—Regional,Financial Services,PKBK
2009Q2,2009,Q2,2009-08-14,2009-06-30,1179000.0,6323000.0,0.0,0.107297,6323000.0,1.0,639893000.0,58387000.0,0.0,0.0,581506000.0,0.0,11168000.0,36943476.2748,83041476.2748,6.753542263974472,0.0,0.0818496217336336,0.897031873533492,0.0,6.753542263974472,0.02019285114837207,5.842713312478255,7.833646368702291,0.6327346202887629,0.0,0.0,0.0,0.00988133953645375,0.0,0.0018424955422234655,18.945372448615387,1.0,-0.32352959719569013,1.6522720137221771,3.3931019410072154,3.0782733377449065,0.18297474275023387,-0.2289077828646174,0.0,-0.06653957331426272,0.6040894715130496,0.7713806204549937,Banks—Regional,Financial Services,PKBK
2009Q1,2009,Q1,2009-05-14,2009-03-31,1529000.0,5345000.0,0.0,0.158613,5345000.0,1.0,637629000.0,58139000.0,0.0,0.0,579490000.0,0.0,10233000.0,28181758.9872,73538758.98719999,6.736936416432799,0.0,0.08925095941370295,0.9788438053630093,0.0,6.736936416432799,0.02629904195118595,5.272546115472404,4.607874262132112,0.48473071410240975,0.0,0.0,0.0,0.008382617478188727,0.0,0.0023979461410945863,18.589550783113456,1.0,0.567940740814433,2.6180924562583736,2.9213493710099563,3.1463161815815166,-0.1383201676608093,0.7514318442153494,0.0,0.4938395391528753,0.6463122982241738,1.144555075881856,Banks—Regional,Financial Services,PKBK
2008Q4,2008,Q4,2009-03-30,2008-12-31,873000.0,6203000.0,0.0,0.10116007312726111,6203000.0,1.0,601952000.0,40301000.0,0.0,0.0,561651000.0,0.0,8870000.0,30958856.623800002,86201856.62380001,4.669933685110824,0.0,0.10290355377172931,1.5370090072206646,0.0,4.669933685110824,0.02166199349892062,4.990948996259875,8.865651954123711,0.7681907799756831,0.0,0.0,0.0,0.010304808356812504,0.0,0.0014502817500398704,9.4157106520073,1.0,-0.19686819210316936,1.2363199986848923,3.9147228701050683,2.170027453155444,0.41073459176711397,-0.1863932898415657,0.0,-0.053353609357474706,1.0411564959576791,0.5572036601704546,Banks—Regional,Financial Services,PKBK
2008Q3,2008,Q3,2008-11-12,2008-09-30,1073000.0,4397000.0,0.0,0.125957,4397000.0,1.0,564510000.0,38525000.0,0.0,0.0,525985000.0,0.0,7996000.0,33715122.1209,91788122.1209,4.7789566628951885,0.0,0.1120901312642823,1.6424659312134977,0.0,4.7789566628951885,0.027852044127190136,7.667755770047759,7.8553406619058705,0.8751491789980531,0.0,0.0,0.0,0.007789055995465094,0.0,0.0019007634940036492,21.298245180606443,1.0,0.1249977670995517,1.7929946017780451,2.88253349294613,2.4339332646666723,0.018059736050011578,0.07192807192807193,0.0,0.0974066944278428,0.39787774991551855,0.3551983064625681,Banks—Regional,Financial Services,PKBK
2008Q2,2008,Q2,2008-08-14,2008-06-30,1001000.0,4319000.0,0.0,0.111962,4319000.0,1.0,528496000.0,38033000.0,0.0,0.0,490463000.0,0.0,6922000.0,37364386.0293,87367386.0293,4.7485792530048965,0.0,0.1021918803548182,1.4200299739699735,0.0,4.7485792530048965,0.026319249073173297,8.65116601743459,9.331764742582417,0.9824201622091342,0.0,0.0,0.0,0.0081722472828555,0.0,0.0018940540704186976,28.00928487953523,1.0,-0.1096744437552682,3.0550865746894864,3.3402029759026006,2.5128353488965622,0.024673784104389085,-0.2294072363356428,0.0,0.010776941916964825,0.35479050328333656,0.3861797997141307,Banks—Regional,Financial Services,PKBK
2008Q1,2008,Q1,2008-05-15,2008-03-31,1299000.0,4215000.0,0.0,0.125754,4215000.0,1.0,509950000.0,37236000.0,0.0,0.0,472714000.0,0.0,5925000.0,59014913.9779,97755913.9779,4.082494992540752,0.0,0.08881262868908717,1.2162960575786872,0.0,4.082494992540752,0.034885594585884624,14.001165831055753,11.357758656254811,1.5848886555457085,0.0,0.0,0.0,0.008265516227081087,0.0,0.002547308559662712,37.046399232831135,1.0,-0.21725683827221579,4.984547874443312,3.2831254255386924,2.0866746728323826,-0.018234975151911543,-0.11351934186147289,0.0,0.3958177072394133,0.2830599990421077,0.22670622780018646,Banks—Regional,Financial Services,PKBK
2007Q4,2007,Q4,2007-12-31,2007-12-31,1465345.0,4293288.0,0.0,0.16065806275767078,4293288.0,1.0,460795000.0,36417000.0,0.0,0.0,424378000.0,0.0,11897000.0,65859232.0851,101557232.0851,3.9927011532752332,0.0,0.08750528977093935,1.1072301397698876,0.0,3.9927011532752332,0.040237938325507316,15.340045225267907,11.236130755061094,1.8084749453579372,5.0500052888568905e-05,0.0,1.1236086066776624e-06,0.0093171323473562,0.0,0.0031800366757451797,-266.5351327231742,1.0,-0.11990368040016891,2.5516269174990382,2.218511191162139,1.7103109212197565,-0.063628632939348,-0.09989821723525578,0.0,2.0384733600280196,1.470173230389393,1.231129523279445,Banks—Regional,Financial Services,PKBK
2007Q3,2007,Q3,2007-11-14,2007-09-30,1627977.0,4585027.0,0.0,0.182546,4585027.0,1.0,441019815.0,35202064.0,0.0,0.0,405817751.0,0.0,10432715.0,50560534.174499996,95984021.17449999,4.518919748819277,0.0,0.11157932892425707,1.3978923224501836,0.0,4.518919748819277,0.046246634856410694,11.027314381027635,7.764319485855758,1.4362945926835424,0.0,0.0,0.0,0.010396419489677578,0.0,0.0036913919616060786,26.937603119156076,1.0,0.09755892255892266,3.385253410915334,3.1896399154349417,2.247082980750188,0.10813121839820515,0.09890931035041392,0.0,2.4686405639966504,2.2400070196411908,1.6093358110670095,Banks—Regional,Financial Services,PKBK
2007Q2,2007,Q2,2007-08-14,2007-06-30,1481448.0,4137621.0,0.0,0.16632,4137621.0,1.0,420824617.0,33634832.0,0.0,0.0,387189785.0,0.0,8804738.0,52521678.118,90826037.118,4.312447103825039,0.0,0.09893598501154223,1.2378446843438968,0.0,4.312447103825039,0.044045054246145784,12.693689953236413,8.863233491489408,1.561526399715628,0.0,0.0,0.0,0.009832174337842978,0.0,0.003520345388920059,23.36289400515373,1.0,0.2527775476231725,5.1628823375447785,3.2698139794019867,2.1901998091275363,0.01759859166014111,0.15989132732554043,0.0,2.6941091812120175,2.186528918441411,1.6041649487827023,Banks—Regional,Financial Services,PKBK
2007Q1,2007,Q1,2007-04-02,2007-03-31,1277230.0,4066064.0,0.0,0.132761,4066064.0,1.0,414532970.0,32473405.0,0.0,0.0,382059565.0,0.0,12124993.0,57710126.04,84785732.03999999,3.8150962579322067,0.0,0.07797281601026813,0.9953469000248049,0.0,3.8150962579322067,0.03933156994161838,14.193117973548867,11.295954142949977,1.777150441723004,0.0,0.0,0.0,0.009808783122847864,0.0,0.003081130072717738,54.90643856743126,1.0,-0.06633551360337102,5.30530845801879,3.4274376661837125,1.884501025792597,0.09982380375081079,0.055278540887778074,0.0,2.064249092386755,2.024438919487815,1.34803987610311,Banks—Regional,Financial Services,PKBK
