Year,Date,FillingDate,NetIncome,Revenue,OperatingIncome,EPSDiluted,GrossProfit,GrossProfitRatio,TotalAssets,CommonStockEquity,CurrentAssets,CurrentLiability,TotalLiability,Inventory,RetainedEarnings,EnterpriseValue,bookValuePerShare,currentRatio,debtToAssets,debtToEquity,roic,shareholdersEquityPerShare,roe,priceToSalesRatio,peRatio,pbRatio,payoutRatio,inventoryTurnover,dividendYield,assetTurnover,quickRatio,returnOnAssets,priceToFreeCashFlowsRatio,grossProfitMargin,epsdilutedGrowth,fiveYNetIncomeGrowthPerShare,fiveYRevenueGrowthPerShare,fiveYShareholdersEquityGrowthPerShare,grossProfitGrowth,netIncomeGrowth,operatingIncomeGrowth,threeYNetIncomeGrowthPerShare,threeYRevenueGrowthPerShare,threeYShareholdersEquityGrowthPerShare,Industry,Sector,Price,MarketCap,AvgVolume,Symbol
2022,2022-12-31,2022-12-31,205486314.0,208608441.0,205486314.0,6.92,208608441.0,1.0,659172413.0,651336441.0,5227111.0,4858458.0,7835972.0,0.0,189269145.0,647549176.8000001,21.922399753545832,1.0758786018115212,0.0,0.0,0.31548413548690113,21.922399753545832,0.31548413548690113,3.1048591260024807,3.1520338712192775,0.9944166808870442,,0.0,,0.31647022370154926,1.0758786018115212,0.31173378913841165,0.0,1.0,0.07956318252730106,13.40868615465039,9.80118239891339,-0.07188692812101594,0.321000573750786,0.33126283017120295,0.33126283017120295,2.1294883964548257,1.9409518545482682,0.16005820961468026,Asset Management,Financial Services,21.23,534569277,67231,PEO
2021,2021-12-31,2021-12-31,154354429.0,157916995.0,154354429.0,6.41,157916995.0,1.0,476571512.0,470588987.0,488236.0,2825835.0,2825835.0,0.0,23665404.0,397655599.08,19.542525880333322,0.17277583439938993,0.0,0.0,0.3280026376817866,19.542525880333322,0.3280026376817866,2.519081597772298,2.5772230745643196,0.8453359663514607,,0.0,,0.33136054301122386,0.17277583439938993,0.323885136046487,0.0,1.0,2.0882852292020377,-0.48184671801743095,10.250252693251912,-0.1863864917179112,2.1560651805641333,2.087002347491503,2.087002347491503,2.47356323595374,2.5692485865262826,0.08269762953533304,Asset Management,Financial Services,21.23,534569277,67231,PEO
2020,2020-12-31,2020-12-31,-142000088.0,-136598695.0,-142000088.0,-5.89,-136598695.0,1.0,339749186.0,331941768.0,3725202.0,4017441.0,4017441.0,0.0,-108780077.0,273924940.18,13.761118633609536,0.9272574258091159,0.0,0.0,-0.4277861410920725,13.761118633609536,-0.4277861410920725,-2.0078075283222874,-1.931434635308113,0.8262409694100321,,0.0,,-0.40205746070573367,0.9272574258091159,-0.4179556386045322,0.0,1.0,-3.665158371040724,0.6428062757383758,-9.389488844758901,-0.3364394682928854,-2.9257618889406456,-3.1626142346957673,-3.1626142346957673,-13.26419969700863,-9.711543166525475,-0.4174052917968211,Asset Management,Financial Services,21.23,534569277,67231,PEO
2019,2019-12-31,2019-12-31,65661312.0,70932287.0,65661312.0,2.21,70932287.0,1.0,576186619.0,561468757.0,13465802.0,11164143.0,11164143.0,0.0,52109066.0,488503387.46000004,18.89767217873272,1.2061653097779204,0.0,0.0,0.11694562018167647,18.89767217873272,0.11694562018167647,6.8945059738451695,7.447963824725281,0.8710067485731892,0.49477811226190543,0.0,0.06643132591747723,0.12310644617729312,1.2061653097779204,0.11395841179713338,7.447964051585325,1.0,1.5080459770114942,1.2466590873835974,2.4351881800904844,-0.3142058135805484,1.5857899795005719,1.5209479571806155,1.5209479571806155,-0.8213543302435274,3.0956340815218333,-0.2132336703119512,Asset Management,Financial Services,21.23,534569277,67231,PEO
2018,2018-12-31,2018-12-31,-126041980.0,-121088256.0,-126041980.0,-4.35,-121088256.0,1.0,535899044.0,522997331.0,10061960.0,9402822.0,12901713.0,0.0,18885979.0,421234522.76,18.04984637190024,1.070100018909217,0.0,0.0,-0.2409992795928819,18.04984637190024,-0.2409992795928819,-3.486450393339549,-3.3494253086154315,0.8072090864264851,-0.19523193780357942,0.0,0.0582881897086648,-0.2259534838804452,1.070100018909217,-0.23519724733825054,-3.349425308615431,1.0,-10.0625,-1.2428708417817331,-7.266213380519902,-0.44034400157521314,-7.524329948021748,-10.19710545281862,-10.19710545281862,0.736055495262954,-7.191176369414821,-0.12963720649007654,Asset Management,Financial Services,21.23,534569277,67231,PEO
2017,2017-12-31,2017-12-31,13704527.0,18559493.0,13704527.0,0.48,18559493.0,1.0,676878639.0,674388286.0,801439.0,0.0,2490353.0,0.0,361422.0,574029034.78,23.620397576303372,0.0,0.0,0.0,0.02032141910602522,23.620397576303372,0.02032141910602522,30.936328960063726,41.895833455616525,0.8513827904478162,2.4582898774981436,0.0,0.058676237581056806,0.02741923282941715,0.0,0.02024665310792885,41.89582428437896,1.0,-0.9611964430072756,-0.7454501518003676,-0.004902338464539279,-0.15153469551968923,0.11499699915832248,-0.961204853792735,0.18788025615066709,1.053573014469329,-0.06466508241026049,-0.14281869293008095,Asset Management,Financial Services,21.23,534569277,67231,PEO
2016,2016-12-31,2016-12-31,353253650.0,16645330.0,11536960.0,12.37,16645330.0,1.0,688120960.0,685882030.0,1176170.0,0.0,2238930.0,0.0,1023440.0,575689152.7,24.01942160669942,0.0,0.0,0.0,0.04736786936061667,24.01942160669942,0.515035581264609,34.60193355734011,1.6304448735349233,0.839737123160961,0.09065596349818325,0.0,0.05560198015259143,0.024189540745859564,0.0,0.5133598168554552,4.591430423272747,1.0,1.7506067961165048,15.287782322216897,0.02369526713701018,-0.15958246452541877,-0.12232246430303925,1.7628786954423192,0.12461459128398737,-0.30930565147565986,-0.12595327781827684,-0.2552505376549607,Asset Management,Financial Services,21.23,534569277,67231,PEO
2015,2015-12-31,2015-12-31,-463053500.0,18965200.0,10258590.0,-16.48,18965200.0,1.0,596215550.0,582676810.0,1496230.0,0.0,13538740.0,0.0,1030570.0,497871940.99999994,20.738301897201268,0.0,0.0,0.0,0.05544614533745005,20.738301897201268,-0.7947004103355341,26.28153518022483,-1.0764081709780833,0.8554220151648045,-0.08163028678111708,0.0,0.0758358111560444,0.031809301183103995,0.0,-0.7766545169779621,-3.3899118554827914,1.0,-0.8392857142857142,-2.0970636419764603,0.3269798422225057,-0.32505907308439097,-0.0033716320464797556,-0.8875044440906292,-0.23826556108412827,-9.739935668290036,0.033297307355064615,-0.2550620887403692,Asset Management,Financial Services,21.23,534569277,67231,PEO
2014,2014-12-31,2014-12-31,-245325780.0,19029360.0,13467410.0,-8.96,19029360.0,1.0,759854270.0,754505740.0,1245750.0,0.0,5348530.0,0.0,580610.0,652409782.8,27.555894396535983,0.0,0.0,0.0,0.060045230692297565,27.555894396535983,-0.3251476655432734,34.3028421765104,-2.660793059742845,0.8651506518691295,-0.2054051555445987,0.0,0.07719696757043192,0.025043433657351167,0.0,-0.322858987158156,-8.950928395988077,1.0,-1.500279173646008,-1.559250740404634,0.38940122223982776,0.03032873930800741,0.06547368421052631,-1.5114683206504742,0.07825540432345876,-9.348090027259465,0.22050991252202637,-0.03584452466268754,Asset Management,Financial Services,21.23,534569277,67231,PEO
2013,2013-12-31,2013-12-31,479650000.0,17860000.0,12490000.0,17.91,17860000.0,1.0,875800000.0,863700000.0,900000.0,0.0,12100000.0,0.0,2400000.0,733036400.0,32.25168035847648,0.0,0.0,0.0,0.041235584675553556,32.25168035847648,0.5553432904943846,41.054669652855544,1.5286905034921296,0.8489480143568368,0.10236630876680913,0.0,0.06696339679808586,0.02039278374058004,0.0,0.5476707010733044,4.359312722948871,1.0,8.476190476190476,1.3617388693619958,0.13408786256705663,0.43393999144386053,0.03837209302325582,8.660624370594158,0.00321285140562249,0.19225477015773915,0.31108944795878407,0.04965098606620958,Asset Management,Financial Services,21.23,534569277,67231,PEO
2012,2012-12-31,2012-12-31,49650000.0,17200000.0,12450000.0,1.89,17200000.0,1.0,740200000.0,733000000.0,3900000.0,0.0,7200000.0,0.0,2700000.0,629613600.0,27.838966957842764,0.0,0.0,0.0,0.033935811320858295,27.838966957842764,0.06773533424283765,36.61706976744186,12.685067472306145,0.8592272851296044,0.8257804632426989,0.0,0.06509862600617071,0.023236962982977574,0.0,0.06707646582004864,25.29371887550201,1.0,3.172413793103448,-0.9379065886208603,-0.007046742155764613,-0.3524432754826031,0.1780821917808219,3.2364864864864864,0.3301282051282051,-0.8822990930083624,0.30595772448859526,0.04091296462934441,Asset Management,Financial Services,21.23,534569277,67231,PEO
2011,2011-12-31,2011-12-31,-22200000.0,14600000.0,9360000.0,-0.87,14600000.0,1.0,750500000.0,732800000.0,13800000.0,0.0,17700000.0,0.0,900000.0,627467200.0,28.58034321372855,0.0,0.0,0.0,0.24444737238367714,28.58034321372855,-0.030294759825327512,42.99090410958904,-28.273297297297297,0.856532751091703,-2.2027027027027026,0.0,0.07790752806582851,0.019453697534976683,0.0,-0.029580279813457695,-523.056,1.0,-1.0579227696404794,-1.0600675992883761,-0.13965959183326454,-0.21932018167426204,0.1578112609040444,-1.059611718267501,0.08083140877598152,0.9825129619786126,-0.03169838645923404,0.2707088947874116,Asset Management,Financial Services,21.23,534569277,67231,PEO
2010,2010-12-31,2010-12-31,372410000.0,12610000.0,8660000.0,15.02,12610000.0,1.0,764900000.0,761700000.0,3600000.0,0.0,3200000.0,0.0,200000.0,669625800.0,30.72609923356192,0.0,0.0,0.0,0.03259212579149255,30.72609923356192,0.4889195221215702,53.11862014274386,1.7986246341397922,0.8793826965997111,0.08297306731827825,0.0,0.04613139714833319,0.016485815139233886,0.0,0.486874101189698,5.156472671285604,1.0,-0.062421972534332085,-0.40977613127856316,-0.29548321208852624,-0.1281030772678714,0.036154478225143796,-0.04458811154724339,-0.04097452934662237,-0.5053227542017162,-0.22680368230654174,-0.28528626054938705,Asset Management,Financial Services,21.23,534569277,67231,PEO
2009,2009-12-31,2009-12-31,389790000.0,12170000.0,9030000.0,16.02,12170000.0,1.0,688800000.0,650700000.0,1200000.0,0.0,38100000.0,0.0,-200000.0,577094200.0,26.744759556103578,0.0,0.0,0.0,0.039788578605448974,26.744759556103578,0.5990318118948824,47.46049301561216,1.4818086662048795,0.8876505301982479,0.08543061648580004,0.0,0.057652933495523334,0.01766840882694541,0.0,0.565897212543554,4.250141280353201,1.0,1.3235709957584327,0.0452381710518659,-0.08985785950901375,-0.05016995468871122,-0.13626685592618878,1.328567936408925,-0.06424870466321243,0.11146017385283778,-0.24423990744878263,-0.26945964660790966,Asset Management,Financial Services,21.23,534569277,67231,PEO
2008,2008-12-31,2008-12-31,-1186330000.0,14090000.0,9650000.0,-49.51,14090000.0,1.0,620300000.0,538900000.0,800000.0,0.0,81400000.0,0.0,1700000.0,464763600.0,22.491652754590984,0.0,0.0,0.0,0.05453325666913394,22.491652754590984,-2.201391723881982,33.0066430092264,-0.3920187468916743,0.8629868250139173,-0.05672957777346944,0.0,0.14471139001203276,0.02271481541189747,0.0,-1.9125100757697888,-1.194001540436457,1.0,-2.630227197892657,-5.161330177943123,0.10306291331108366,-0.06489093347713147,-0.05941255006675567,-2.7156141086638996,-0.041708043694141016,-2.9453182462399172,-0.1855264860610092,-0.36176724956784734,Asset Management,Financial Services,21.23,534569277,67231,PEO
TTM,,,,,,,,,,,,,,,,534418632.0,21.922399753545832,1.0758786018115212,0.0,0.0,0.31548413548690113,21.922399753545832,0.36631011094259647,2.5625486410686515,3.0696183066965714,0.9684158777629334,0.15810191621812827,0.0,0.0767781441356571,0.31647022370154926,1.0758786018115212,0.31173378913841165,8.141313004568444,1.0,,,,,,,,,,,Asset Management,Financial Services,21.23,534569277,67231,PEO
