Quarters,Year,Quarter,FillingDate,Date,NetIncome,Revenue,OperatingIncome,EPSDiluted,GrossProfit,GrossProfitRatio,TotalAssets,CommonStockEquity,CurrentAssets,CurrentLiability,TotalLiability,Inventory,RetainedEarnings,MarketCap,EnterpriseValue,bookValuePerShare,currentRatio,debtToAssets,debtToEquity,roic,shareholdersEquityPerShare,roe,priceToSalesRatio,peRatio,pbRatio,payoutRatio,inventoryTurnover,dividendYield,assetTurnover,quickRatio,returnOnAssets,priceToFreeCashFlowsRatio,grossProfitMargin,epsdilutedGrowth,fiveYNetIncomeGrowthPerShare,fiveYRevenueGrowthPerShare,fiveYShareholdersEquityGrowthPerShare,grossProfitGrowth,netIncomeGrowth,operatingIncomeGrowth,threeYNetIncomeGrowthPerShare,threeYRevenueGrowthPerShare,threeYShareholdersEquityGrowthPerShare,Industry,Sector,Symbol
2023Q1,2023,Q1,2023-05-11,2023-03-31,-4116000.0,0.0,-4156000.0,-0.5,0.0,0.0,1461000.0,-859000.0,1461000.0,2320000.0,2320000.0,0.0,-26322000.0,18664884.32,17674884.32,-0.10447051085714953,0.6297413793103448,0.0,0.0,4.814788461235343,-0.10447051085714953,4.791618160651921,0.0,-1.1336785908649176,-21.72861969732247,0.0,0.0,0.0,0.0,0.4267241379310345,-2.817248459958932,-5.993861374438022,0.0,-0.11111111111111108,-3.725506803870878,-1.0,-1.0131703187820484,0.0,-0.12520503007107708,-0.11152714629580102,-3.4072195105964167,-1.0,-1.009473336421314,Health Information Services,Healthcare,BEAT
2022Q4,2022,Q4,2023-03-16,2022-12-31,-3658000.0,0.0,-3739000.0,-0.45,0.0,0.0,4039000.0,2374000.0,4039000.0,1665000.0,1665000.0,0.0,-22186000.0,39862358.08,36268358.08,0.2906280651222327,2.4258258258258256,0.0,0.0,-1.5520670681666329,0.2906280651222327,-1.5408593091828138,0.0,-2.7243273701476216,16.791220758213985,0.0,0.0,0.0,0.0,2.1585585585585587,-0.9056697202277791,-13.489799688663282,0.0,-0.046511627906976785,0.0691277423686879,-1.0,-0.9624332422432597,0.0,-0.03920454545454546,-0.03573407202216067,-10.661594074958295,-1.0,-0.973067654346116,Health Information Services,Healthcare,BEAT
2022Q3,2022,Q3,2022-11-10,2022-09-30,-3520000.0,0.0,-3610000.0,-0.43,0.0,0.0,6672000.0,5740000.0,6672000.0,932000.0,932000.0,0.0,-18474000.0,31773393.599999998,25224393.599999998,0.7045517479757025,7.1587982832618025,0.0,0.0,-0.6185520842156093,0.7045517479757025,-0.6132404181184669,0.0,-2.2566330681818183,5.535434425087108,0.0,0.0,0.0,0.0,7.026824034334764,-0.5275779376498801,-11.65996095412844,0.0,0.0,-5.031294411781677,-1.0,-0.9144876122631999,0.0,-0.0042796005706134095,-0.021216407355021217,-2.768716311181578,-1.0,-0.9338058262367863,Health Information Services,Healthcare,BEAT
2022Q2,2022,Q2,2022-08-11,2022-06-30,-3505000.0,0.0,-3535000.0,-0.43,0.0,0.0,9738000.0,8968000.0,9738000.0,770000.0,770000.0,0.0,-14895000.0,10508297.43,1234297.4299999997,1.1009128811840263,12.646753246753248,0.0,0.0,-0.39194282587102447,1.1009128811840263,-0.39083407671721676,0.0,-0.749521927960057,1.1717548427743087,0.0,0.0,0.0,0.0,12.044155844155844,-0.35993017046621484,-5.447536251944013,0.0,-0.5925925925925924,-8.151393688097897,-1.0,-0.7848288665657154,0.0,-0.6363211951447245,-0.6487873134328358,-2.753497248747947,-1.0,-0.8926349741348301,Health Information Services,Healthcare,BEAT
2022Q1,2022,Q1,2022-05-12,2022-03-31,-2142000.0,0.0,-2144000.0,-0.27,0.0,0.0,12741000.0,12227000.0,12741000.0,514000.0,514000.0,0.0,-11370000.0,14902846.576000001,3701846.5760000013,1.5129047920489038,24.78793774319066,0.0,0.0,-0.17502279609600038,1.5129047920489038,-0.17518606362967204,0.0,-1.7393611783380019,1.2188473522532102,0.0,0.0,0.0,0.0,21.791828793774318,-0.16811867200376737,-6.371460699444207,0.0,-1.7941176470588236,-39.44333709404485,-1.0,-0.6990251736283323,0.0,-1.8190900758174553,-0.598806860551827,-1.7633419437449929,-1.0,-0.8471044216139186,Health Information Services,Healthcare,BEAT
2021Q4,2021,Q4,2022-03-24,2021-12-31,2615097.0,0.0,-1341000.0,0.34,0.0,0.0,13998.0,13410.0,13192.0,0.0,588.0,0.0,-9224.0,23757028.68,23743836.68,0.0017385507487630814,0.0,0.0,0.0,-277.6818934760448,0.0017385507487630814,195.01096196868008,0.0,2.2711422061973225,1771.5905055928413,0.0,0.0,0.0,0.0,0.0,186.8193313330476,0.25983401070520956,0.0,2220.4158249158254,-0.7665886341762709,-1.0,-0.9996464677314665,0.0,2202.260101010101,-2.006726457399103,0.08835497094733948,-1.0,-0.9998131849569835,Health Information Services,Healthcare,BEAT
2021Q3,2021,Q3,2021-12-16,2021-09-30,-1188.0,0.0,-446000.0,-0.00015319346477710865,0.0,0.0,961.0,-5187.0,0.0,6148.0,6148.0,0.0,-7139.0,36370481.0,36369686.0,-0.0006688674257566184,0.0,0.0,0.0,85.98419124734914,-0.0006688674257566184,0.22903412377096588,0.0,-7653.72074915825,-7011.852901484481,0.0,0.0,0.0,0.0,0.12931034482758622,-1.2362122788761707,-0.5722427034080748,0.0,0.9969361307044579,-1.0010497617100915,-1.0,-1.0001977927802912,0.0,0.9987428571428572,-0.32344213649851633,-1.0003159704967213,-1.0,-1.0000746988533653,Health Information Services,Healthcare,BEAT
2021Q2,2021,Q2,2021-06-30,2021-06-30,-945000.0,0.0,-337000.0,-0.05,0.0,0.0,521000.0,-4264000.0,521000.0,4785000.0,4785000.0,0.0,-5951000.0,36175475.49,39904475.49,-0.5528098726864862,0.10888192267502612,8.049904030710172,-0.9835834896810507,4.814285714285714,-0.5528098726864862,0.22162288930581614,0.0,-9.570231611111112,-8.483929523921201,,0.0,,0.0,0.09717868338557993,-1.8138195777351247,0.0,0.0,0.0,-1.7902245566883668,-1.0,-1.1746592354717096,0.0,0.0,0.0,-1.3804849141920033,-1.0,-1.0656307561853222,Health Information Services,Healthcare,BEAT
2020Q4,2020,Q4,2020-12-31,2020-12-31,-331000.0,0.0,-261000.0,-0.04291,0.0,0.0,51000.0,-4785000.0,51000.0,4836000.0,4836000.0,0.0,-4796000.0,555976177.68,560247177.68,-0.620355356661547,0.01054590570719603,84.2156862745098,-0.8975966562173459,0.5326530612244897,-0.620355356661547,0.06917450365726228,0.0,-419.9215843504532,-116.19146868965517,0.0,0.0,0.0,0.0,0.004962779156327543,-6.490196078431373,-2851.1598855384614,0.0,-1.0492967834539768,-1.4102479264935575,-1.0,-1.2224589112533775,-1.0,-1.0492999702114985,0.04044117647058824,0.9107976822909134,-1.0,-1.0801875049369338,Health Information Services,Healthcare,BEAT
2020Q3,2020,Q3,2020-10-29,2020-09-30,6714000.0,114655000.0,-272000.0,0.8704421869646032,68987000.0,0.6016920326195979,737095000.0,396381000.0,190381000.0,68012000.0,340714000.0,5538000.0,-70257000.0,351573171.18,425799171.18,51.38914872076502,2.7992266070693406,0.21419627049430534,0.3983112207699158,-0.0003086784926568619,51.38914872076502,0.016938248806072944,3.066357081505386,13.091047482126898,0.8869576775375208,0.0,8.246298302636331,0.0,0.15554982736282297,2.6299329530082924,0.00910873089628881,31.6106070113289,0.6016920326195979,30.318676511994447,8.547904235041008,8.289912828736366,18.54908608109352,0.0,30.31877729257642,-0.7662337662337663,13.150853712213681,4.851892492069011,5.237169694774069,Health Information Services,Healthcare,BEAT
2020Q2,2020,Q2,2020-06-30,2020-06-30,-229000.0,0.0,-154000.0,-0.029689,0.0,0.0,709657000.0,383828000.0,175916000.0,69752000.0,325829000.0,6929000.0,-76971000.0,348564975.99,428192975.99,49.761704459078004,2.522020873953435,0.22215661932454692,0.41074387486061464,-0.00028440412718404827,49.761704459078004,-0.0005966214033369114,0.0,-380.52944977074236,0.908128057332972,0.0,0.0,0.0,0.0,2.3600183507282946,-0.00032269110288491484,7.461361760210635,0.0,-1.156257894736842,-1.3702154975661391,-1.0,19.031655486404066,-1.0,-1.0322126881417921,-1.0071253412298153,-1.4934457216046682,-1.0,8.725821664077616,Health Information Services,Healthcare,BEAT
2020Q1,2020,Q1,2020-05-06,2020-03-31,7109000.0,113031000.0,21613000.0,0.19,70508000.0,0.6237934725871663,740426000.0,376998000.0,213074000.0,49091000.0,363428000.0,7612000.0,-79252000.0,1316502860.0,1443211860.0,11.027847656935588,4.340388258540262,0.30715425984500816,0.6032525371487382,0.02061170196166694,11.027847656935588,0.018856863962143037,11.647272518158735,46.29704810803207,3.492068552087809,0.0,5.586311087756174,0.0,0.15265671383770965,4.082947994540751,0.009601229562441081,230.1980870781605,0.6237934725871663,3.75,82.17608742285383,1.0503426022974647,3.6374775825445362,0.008452879843242701,3.5107868020304567,0.012603073463268366,29.162695718172014,0.6820972882218511,1.1938621327944767,Health Information Services,Healthcare,BEAT
2019Q4,2019,Q4,2020-02-28,2019-12-31,1576000.0,112034000.0,21344000.0,0.04,69917000.0,0.6240694789081885,685720000.0,366917000.0,168333000.0,55754000.0,318803000.0,5738000.0,-86014000.0,1574292600.0,1700345600.0,10.79104170342921,3.019209384080066,0.2838870092749227,0.5305477805607263,0.0113919145249652,10.79104170342921,0.004295249334318116,14.05191816769909,249.72915609137056,4.290595965845136,0.0,7.340013942140119,0.0,0.16338155515370706,2.799619758223625,0.002298314180715161,198.5987889491611,0.6240694789081885,-0.8260869565217391,1.7487493267164667,1.0167472971067812,3.5280143739230647,0.008335857165520126,-0.8097307738742001,-0.09000213174163292,-0.9680899596730517,0.7249848637550234,1.1943457537646913,Health Information Services,Healthcare,BEAT
2019Q3,2019,Q3,2019-11-05,2019-09-30,8283000.0,111291000.0,23455000.0,0.23,69339000.0,0.6230422945251638,676164000.0,360907000.0,150143000.0,61077000.0,315257000.0,6389000.0,-87590000.0,1381072840.0,1515137840.0,10.643712398254099,2.4582576092473434,0.2893351317136079,0.5420731656631764,0.029706260624935487,10.643712398254099,0.022950510796410157,12.40956447511479,41.68395629602801,3.8266723560363194,0.0,6.566285803725153,0.0,0.1645917262675919,2.1946395533506884,0.012249986689619678,155.56125703987385,0.6230422945251638,0.0,224.40544800738712,1.0190910183627362,3.4163413677486734,-0.01282744874715262,-0.0020481927710843373,0.005530309525850981,0.6739249247005044,0.7384884506493963,2.1474839210304606,Health Information Services,Healthcare,BEAT
2019Q2,2019,Q2,2019-07-31,2019-06-30,8300000.0,111803000.0,23326000.0,0.23,70240000.0,0.6282479003246783,664161000.0,346839000.0,130007000.0,59251000.0,317322000.0,6037000.0,-95873000.0,1659454500.0,1804350500.0,10.253924611973392,2.1941739379926077,0.2960246084910135,0.5668566683677441,0.027180526725949616,10.253924611973392,0.023930411516582623,14.842665223652316,49.98356927710844,4.784509527475284,0.0,6.884710949146927,0.0,0.16833719534871816,1.9416549931646723,0.012496969861223409,211.9895886561063,0.6282479003246783,-0.28125,2.626480254510761,1.0486146502564315,3.323009970133356,0.08431875019296675,-0.28968763371844247,0.14197591305199256,0.5827065714960391,0.7543615717865357,2.2397081199154214,Health Information Services,Healthcare,BEAT
2019Q1,2019,Q1,2019-04-25,2019-03-31,11685000.0,103979000.0,20426000.0,0.32,64778000.0,0.6229911809115302,659989000.0,333007000.0,121404000.0,61029000.0,326982000.0,8956000.0,-104173000.0,1971451320.0,2123543320.0,9.895019908480418,1.9892837831195005,0.2993671106639656,0.5933178581831613,0.046799638199947896,9.895019908480418,0.03508935247607407,18.960091172255936,42.17910397946084,5.920149786641122,0.0,4.37706565430996,0.0,0.15754656517002555,1.7359943633354635,0.01770484053522104,161.46202457002457,0.6229911809115302,0.10344827586206906,3.199402087615826,1.1708532247706134,2.988993873735498,0.013010978012698213,0.12431444241316271,-0.15577598677412688,1.39380851516971,0.7386143812203005,2.3577760483831134,Health Information Services,Healthcare,BEAT
2018Q4,2018,Q4,2019-02-22,2018-12-31,10393000.0,103603000.0,24195000.0,0.29,63946000.0,0.6172215090296613,586801000.0,310485000.0,146660000.0,49623000.0,276316000.0,7323000.0,-115858000.0,1992438360.0,2110098360.0,9.306267421994425,2.955484352014187,0.33835831908943576,0.6394801681240639,0.03815787314177137,9.306267421994425,0.03347343671997037,19.23147360597666,47.92741171942653,6.417180733368761,0.0,5.415403523146251,0.0,0.17655559550852845,2.6906273300687182,0.017711285427257282,93.45395684803002,0.6172215090296613,-0.3555555555555556,352.6458693827711,1.4492563217965735,2.63606099236705,0.01927092465371312,-0.35047809511905503,0.031857727737973386,1.9780750504242237,0.8076007626227579,2.3372197020604566,Health Information Services,Healthcare,BEAT
2018Q3,2018,Q3,2018-10-31,2018-09-30,16001000.0,100013000.0,23448000.0,0.45,62737000.0,0.6272884525011748,574206000.0,295515000.0,133992000.0,50085000.0,278691000.0,8786000.0,-126251000.0,2107901610.0,2243534610.0,8.954185983092446,2.6752920035938903,0.3461318760166212,0.6725580765781771,0.0515684863140935,8.954185983092446,0.05414615163358882,21.076276184096066,32.933904287232046,7.13297670169027,0.0,4.242658775324379,0.0,0.17417616674155267,2.278945792153339,0.027866305820559174,102.37501748421563,0.6272884525011748,0.5517241379310346,5.201531853369873,1.4354815911517993,2.488845722692996,-0.04589765036879325,0.5320758330141708,0.12255840674071238,4.318165260467309,0.8939263259273723,2.406286286639024,Health Information Services,Healthcare,BEAT
2018Q2,2018,Q2,2018-07-27,2018-06-30,10444000.0,101360000.0,20888000.0,0.29,65755000.0,0.6487273086029992,548375000.0,273201000.0,105186000.0,45937000.0,275174000.0,7708000.0,-142252000.0,1459575000.0,1619094000.0,8.423030676738092,2.2897881881707556,0.3628046501025758,0.7282293988675005,0.051659269201023164,8.423030676738092,0.03822826417180025,14.399911207576954,34.938122366909234,5.342495086035556,0.0,4.619226777374156,0.0,0.1848370184636426,1.9454252563293206,0.019045361294734442,1373.071495766698,0.6487273086029992,0.7058823529411762,4.576711129623653,1.4857842349960901,2.1822193447918545,0.1327694321940463,0.7459043798060849,0.3499644542105603,3.0152582101452663,0.8878988141279575,2.390704769901617,Health Information Services,Healthcare,BEAT
2018Q1,2018,Q1,2018-04-27,2018-03-31,5982000.0,94496000.0,15473000.0,0.17,58048000.0,0.6142905519810362,528025000.0,258354000.0,98395000.0,50197000.0,271671000.0,6353000.0,-152696000.0,1011298500.0,1174107500.0,7.932268959164876,1.9601769030021714,0.3771696415889399,0.7708609117722195,0.03480139398429238,7.932268959164876,0.023154276690122856,10.702024424314256,42.264230190571716,3.914390719710165,0.0,5.737132063592004,0.0,0.17896122342692108,1.6638046098372412,0.011329009043132427,196.90391355140187,0.6142905519810362,1.3541666666666667,3.216928103988623,1.2545239681090077,1.9035845820241848,0.0665686724850712,1.3836336817802861,-0.037629058340589626,72.69626623593331,0.79917256786253,2.3357116112957788,Health Information Services,Healthcare,BEAT
2017Q4,2017,Q4,2018-02-27,2017-12-31,-15593000.0,91743000.0,16078000.0,-0.48,54425000.0,0.5932332712032525,524562000.0,250757000.0,90108000.0,50955000.0,274859000.0,5332000.0,-158678000.0,969148700.0,1132482700.0,7.736309505445346,1.7683838681189286,0.38004277854667323,0.795016689464302,0.060620630160847226,7.736309505445346,-0.062183707732984525,10.56373456285493,-15.538201436542037,3.8648919073046812,0.0,6.99887471867967,0.0,0.1748944833975774,1.4622313806299676,-0.029725752151318625,85.28235656458993,0.5932332712032525,-5.857142857142856,-1.78920229902163,1.3822392057656245,1.7868088256779393,0.10915241802359942,-5.824070021881838,1.5557145127960579,-6.771326301033693,0.7324464235142059,2.2462223392800147,Health Information Services,Healthcare,BEAT
2017Q3,2017,Q3,2017-11-07,2017-09-30,-2285000.0,81023000.0,6291000.0,-0.07,49069000.0,0.6056181578070424,520711000.0,262807000.0,78383000.0,48860000.0,252397000.0,6086000.0,-143085000.0,1052608821.0,1225727821.0,8.239177581431269,1.6042365943512076,0.3828630468724494,0.758583294965507,0.011637544861633006,8.239177581431269,-0.008694593370800625,12.991481690384212,-115.16507888402626,4.005254125651144,0.0,5.250410778836675,0.0,0.15560070749417623,1.289439214081048,-0.0043882307076286075,-181.0161343078246,0.6056181578070424,-2.4,0.4262795729851693,1.348061726256727,1.8112254533847771,0.36427836628020127,-2.3238702201622248,-0.32230959819024024,-64.51510056043952,0.5626196486912215,2.4186399845857336,Health Information Services,Healthcare,BEAT
2017Q2,2017,Q2,2017-08-08,2017-06-30,1726000.0,58129000.0,9283000.0,0.05,35967000.0,0.618744516506391,203952000.0,146776000.0,65872000.0,32396000.0,57176000.0,4121000.0,-140800000.0,959582290.8000001,957329290.8000001,5.116452488829111,2.033337449067786,0.12083725582489997,0.1679089224396359,0.03119775251132782,5.116452488829111,0.011759415708290184,16.507806616318877,138.9893236964079,6.5377329454406725,0.0,5.377820917253094,0.0,0.28501314034674824,1.7232374367205827,0.008462775555032557,336.695540631579,0.618744516506391,6.988601275510205,2.2514929613499772,0.8394794528274263,0.6921067460758437,0.09292290862681941,7.8061224489795915,0.6291681291681291,1.3988073899740865,0.2558893332638681,1.157074091913488,Health Information Services,Healthcare,BEAT
2017Q1,2017,Q1,2017-05-04,2017-03-31,196000.0,55881000.0,5698000.0,0.00625891796017904,32909000.0,0.5889121526100105,204575000.0,142905000.0,64038000.0,33850000.0,61670000.0,4323000.0,-142526000.0,823027916.55,822833916.55,5.026682165705938,1.8918168389955687,0.12173530490040327,0.17426961967740806,-0.009933183631034676,5.026682165705938,0.0013715405339211363,14.728224558436677,1049.7805058035713,5.759266061719324,0.0,5.313902382604673,0.0,0.27315654405474765,1.6675923190546529,0.0009580838323353293,488.1541616548042,0.5889121526100105,-0.9951854477229392,1.0480006255490237,0.7882760266490556,0.636669992817089,-0.0038442910764015016,-0.9952231239794301,-0.30435844219265046,1.043671959604608,0.38108270259195665,1.0264137464778254,Health Information Services,Healthcare,BEAT
2016Q4,2016,Q4,2017-02-22,2016-12-31,41031000.0,53957000.0,8191000.0,1.3,33036000.0,0.6122653223863447,198984000.0,138914000.0,59560000.0,31507000.0,60070000.0,5176000.0,-142722000.0,631342800.0,633451800.0,4.917657887284055,1.890373567778589,0.12644735255095887,0.1811264523374174,0.7225261192495689,4.917657887284055,0.29536979714067696,11.700850677391257,3.846742706733933,4.544846451761522,0.0,4.041924265842349,0.0,0.2711625055280827,1.5839972069698798,0.20620250874442167,62.79518599562363,0.6122653223863447,8.285714285714286,1.713726666567296,0.7437381920886247,0.5416189469079892,0.005172518712347107,9.005120702267739,-0.15678402305950176,1647.9867086781057,0.5065622886836427,0.9213829999662376,Health Information Services,Healthcare,BEAT
2016Q3,2016,Q3,2016-11-03,2016-09-30,4101000.0,53055000.0,9714000.0,0.14,32866000.0,0.6194703609461879,165211000.0,95032000.0,68344000.0,42687000.0,70179000.0,3810000.0,-183753000.0,521857779.72,526664779.72,3.3816574334617835,1.6010494998477287,0.22433130965855785,0.38999494906978704,0.06955294178019376,3.3816574334617835,0.04315388500715549,9.836165860333617,31.81283709583029,5.4913900551393215,0.0,5.298950131233596,0.0,0.32113479126692535,1.4220488673366598,0.02482280235577534,86.05834098284961,0.6194703609461879,0.0,1.5023475885226827,0.7352753474755911,-0.34913249653195055,-0.0016706661401537013,-0.05397923875432526,0.059786166266637575,2.2646299573874202,0.5172874877839022,0.3176050949381215,Health Information Services,Healthcare,BEAT
2016Q2,2016,Q2,2016-08-03,2016-06-30,4335000.0,52680000.0,9166000.0,0.14,32921000.0,0.6249240698557327,156190000.0,88498000.0,59001000.0,28560000.0,67692000.0,3471000.0,-187854000.0,455760648.8,467648648.8,3.165076677414103,2.065861344537815,0.2390101799090851,0.42182874189247216,0.07036154405798924,3.165076677414103,0.048984157834075344,8.651492953682613,26.28377444059977,5.149954222694299,0.0,5.69259579371939,0.0,0.33728151610218327,1.8859243697478991,0.02775465778859082,63.609301995812984,0.6249240698557327,0.0,2.258525652052911,0.45315659838191863,-0.41944610011320416,0.07490123094002024,0.09193954659949623,0.04253867151956324,2.7221492495089814,0.4986743548076743,0.1957653506394642,Health Information Services,Healthcare,BEAT
2016Q1,2016,Q1,2016-04-26,2016-03-31,3970000.0,48640000.0,8792000.0,0.14,30627000.0,0.6296669407894737,128931000.0,80659000.0,51738000.0,24264000.0,48272000.0,2865000.0,-192189000.0,319691236.0,319786236.0,2.9468969240057614,2.1322947576656777,0.17789360200417279,0.28435760423511325,0.0819581062036053,2.9468969240057614,0.04921955392454655,6.572599424342105,20.13168992443325,3.963491191311571,0.0,6.287260034904014,0.0,0.377256051686561,1.9503791625453346,0.030791663758134195,68.47102934247162,0.6296669407894737,0.4402598314606744,3.2709067591073837,0.27007081325587856,-0.4688249335616878,0.08360458533823946,0.39396067415730335,0.3902593295382669,2.7507558157035144,0.38090839015046457,0.07870327108253723,Health Information Services,Healthcare,BEAT
2015Q4,2015,Q4,2016-02-22,2015-12-31,2848000.0,46774000.0,6324000.0,0.0972046827536776,28264000.0,0.6042673280027365,124143000.0,75926000.0,47045000.0,23888000.0,48217000.0,2378000.0,-196159000.0,318011360.0,322219360.0,2.788628934513534,1.9693988613529805,0.18683292654438832,0.305481653188631,0.05945894552691961,2.788628934513534,0.03751020730711482,6.798891691965622,27.915323033707864,4.188438216157838,0.0,7.783851976450799,0.0,0.37677517056942395,1.806848626925653,0.022941285453066222,81.39528026618889,0.6042673280027365,0.2150585344209699,1.5246802318208919,0.44714251114429177,-0.5006330442359014,0.073167027375935,0.1493139628732849,-0.046153846153846156,1.6064706085385887,0.44589374678418653,0.00453268070171663,Health Information Services,Healthcare,BEAT
2015Q3,2015,Q3,2015-11-09,2015-09-30,2478000.0,43492000.0,6630000.0,0.08,26337000.0,0.6055596431527637,122378000.0,71452000.0,45224000.0,25899000.0,50926000.0,2807000.0,-199007000.0,332698500.0,340739500.0,2.6287238445619683,1.746167805706784,0.19228946379251172,0.329339976487712,0.06614433925391722,2.6287238445619683,0.03468062475508033,7.649648211165272,33.56522397094431,4.656251749426188,0.0,6.111506946918419,0.0,0.3553906747944892,1.5478589906946214,0.020248737518181372,636.1347992351816,0.6055596431527637,0.06561031782588675,1.2948780389564696,0.4065642230997109,-0.5425641110924221,-0.01481315228369431,0.14140948871487793,0.11278952668680765,1.7301280792890181,0.4790886674730368,-0.10307366133157786,Health Information Services,Healthcare,BEAT
2015Q2,2015,Q2,2015-08-06,2015-06-30,2171000.0,44812000.0,5958000.0,0.07507434815685732,26733000.0,0.5965589574221191,119982000.0,67251000.0,43451000.0,27505000.0,52731000.0,3206000.0,-201485000.0,255288960.0,264279960.0,2.4841533687943262,1.5797491365206326,0.19831308029537764,0.35380886529568334,0.06620251745076339,2.4841533687943262,0.03228204785058958,5.696888333482103,29.397623215108243,3.79606191729491,0.0,5.639114160948222,0.0,0.37348935673684386,1.4121068896564262,0.018094380823790234,85.15308872581721,0.5965589574221191,30.303024261068426,1.901634666376401,0.24813987260881534,-0.5868636232508079,0.05986599532173017,32.46376811594203,0.2768966995285041,2.6680659006885,0.5026650227363744,-0.17844391542745208,Health Information Services,Healthcare,BEAT
2015Q1,2015,Q1,2015-05-07,2015-03-31,-69000.0,43435000.0,4666000.0,-0.002562,25223000.0,0.580706803269253,117163000.0,64051000.0,42317000.0,27544000.0,53112000.0,3022000.0,-203656000.0,238374750.0,250138750.0,2.377984035641359,1.5363418530351438,0.20532932751807312,0.3755913256623628,-0.04625422309674031,2.377984035641359,-0.0010772665532154065,5.488079889490042,-863.6766304347825,3.7216397870446984,0.0,6.026472534745202,0.0,0.3707228391215657,1.3596064478652339,-0.0005889231241944983,-35.69553009883199,0.580706803269253,0.9572999999999999,0.9887300240009185,0.21101061822949954,-0.6091628255344597,0.028293040890374658,0.9582829504232164,0.29073305670816046,0.9821643502577889,0.4670983530498349,-0.22573678099543948,Health Information Services,Healthcare,BEAT
2014Q4,2014,Q4,2015-02-23,2014-12-31,-1654000.0,43653000.0,3615000.0,-0.06,24529000.0,0.5619086889789934,124778000.0,63676000.0,49471000.0,35321000.0,61102000.0,2566000.0,-203587000.0,267991569.99999997,271992570.0,2.3831730229424752,1.4006115342147731,0.19240571254548078,0.3770337332747032,0.05073692993346237,2.3831730229424752,-0.02597524970161442,6.139132934735298,-40.50658555018138,4.2086746969030715,0.0,7.452844894777864,0.0,0.34984532529772877,1.2613742532770873,-0.013255541842311947,186.75370731707315,0.5619086889789934,-53.89478499542543,0.9072594612500461,0.16843250657120223,-0.620023738912174,0.03594053551820255,-56.03448275862069,0.07846062052505967,0.9695825479904501,0.4914719320658476,-0.2529076299861987,Health Information Services,Healthcare,BEAT
2014Q3,2014,Q3,2014-10-31,2014-09-30,-29000.0,43113000.0,3352000.0,-0.001093,23678000.0,0.5492078955303504,118083000.0,63920000.0,41920000.0,34385000.0,54163000.0,2559000.0,-201933000.0,177962620.0,183296620.0,2.4100746550033936,1.2191362512723571,0.14840408864950924,0.2741551939924906,-0.00618422957838986,2.4100746550033936,-0.00045369211514392993,4.1278180595180105,-1534.1605172413792,2.7841461201501874,0.0,7.594763579523251,0.0,0.36510759381113284,1.09160971353788,-0.00024558996637958047,-106.94868990384616,0.5492078955303504,0.9927133333333332,0.9951977246759168,0.16105079284271342,-0.6275039970755101,0.0027527209587938847,0.992728184553661,0.040347610180012414,0.9962360266645625,0.4941159773615333,-0.5361330043806737,Health Information Services,Healthcare,BEAT
2014Q2,2014,Q2,2014-08-01,2014-06-30,-3988000.0,42650000.0,3222000.0,-0.15,23613000.0,0.5536459554513482,118409000.0,62700000.0,41765000.0,35824000.0,55709000.0,2970000.0,-201904000.0,189532116.99,193622116.99,2.3719410047201626,1.165838543992854,0.14894138114501432,0.28127591706539073,0.04010655247958574,2.3719410047201626,-0.06360446570972887,4.4438948883939045,-11.881401516424274,3.022840781339713,0.0,6.409764309764309,0.0,0.3601922151187832,1.036316435908888,-0.03367987230700369,87.02117400826447,0.5536459554513482,0.06250000000000006,-3.293548352266116,0.0032190265640282094,-0.6412407149798727,0.09097209388283127,0.032508491023774864,1.175557056043214,-0.2246547810072426,0.24443222822318816,-0.5649269382892963,Health Information Services,Healthcare,BEAT
2014Q1,2014,Q1,2014-05-06,2014-03-31,-4122000.0,37162000.0,1481000.0,-0.16,21644000.0,0.5824229051181314,107369000.0,64770000.0,40768000.0,30421000.0,42599000.0,2970000.0,-197916000.0,263458224.25,261244224.25,2.4805803723168456,1.3401268860326747,0.0915534278981829,0.1517677937316659,0.011745686578358103,2.4805803723168456,-0.06364057433997221,7.089452242882515,-15.978786041363414,4.067596483711595,0.0,5.224915824915825,0.0,0.3461148003613706,1.1736300581834918,-0.03839096946045879,-44.51059710255111,0.5824229051181314,-182.64052173913043,-4.160181064139951,-0.05966677882926896,-0.6187227833872619,0.04082712190430392,-180.2173913043478,-0.47519489723600283,-1.4716335260918616,0.017186862703793444,-0.5528780008090987,Health Information Services,Healthcare,BEAT
2013Q4,2013,Q4,2014-02-26,2013-12-31,23000.0,33105000.0,2822000.0,0.0008808607158142265,20795000.0,0.6281528470019635,87546000.0,66829000.0,44255000.0,19040000.0,20717000.0,2554000.0,-193794000.0,207319950.5,185824950.5,2.559436555528215,2.324317226890756,0.0,0.0,0.004538434892345547,2.559436555528215,0.0003441619656137306,6.262496616825253,2253.477722826087,3.1022452902183186,0.0,4.8198903680501175,0.0,0.3781440614077171,2.062394957983193,0.00026271902771114617,228.07475302530253,0.6281528470019635,1.0073405059651186,-0.9970530719540671,-0.14669167815228593,-0.6049434479229916,0.0811583653946137,1.0077807848443843,0.6908328340323547,1.0044183666292037,0.0680204776809385,-0.541675113032407,Health Information Services,Healthcare,BEAT
2013Q3,2013,Q3,2013-11-06,2013-09-30,-2956000.0,31874000.0,1669000.0,-0.12,19234000.0,0.6034385392482902,88680000.0,65745000.0,45967000.0,21148000.0,22935000.0,3414000.0,-193817000.0,253858692.47,233536692.47,2.5665181824608805,2.173586154719122,0.0,0.0,0.025593758679639603,2.5665181824608805,-0.0449615940375694,7.964444138482776,-21.46978116288904,3.861262338885086,0.0,3.7024018746338605,0.0,0.3594271538114569,1.8548326082844713,-0.03333333333333333,175.80241860803324,0.6034385392482902,-0.3333333333333333,-3.7090290983168743,-0.07660327031875942,-0.5799455210292775,-0.013438654082888798,-0.28577642453240537,-0.2647577092511013,0.6267527659952817,0.09379969075286117,-0.5533887941024539,Health Information Services,Healthcare,BEAT
2013Q2,2013,Q2,2013-06-30,2013-06-30,-2299000.0,32104000.0,2270000.0,-0.09,19496000.0,0.6072763518564664,89941000.0,67594000.0,45645000.0,20984000.0,22347000.0,3683000.0,-190861000.0,149391450.0,130085450.0,2.6469044915221054,2.175228745711018,0.0,0.0,0.03358286238423529,2.6469044915221054,-0.03401189454685327,4.653359394467979,-16.24526424532405,2.21012885759091,0.0,3.4232962259027966,0.0,0.35694510845999045,1.8272016774685476,-0.0255612012319187,162.55870511425462,0.6072763518564664,-0.12499999999999993,-2.2741580939459625,-0.010300074108223587,-0.5545648614245194,-0.002507035047326682,-0.10158121705797796,0.38837920489296635,-0.012185738662200789,-0.05206503758854656,-0.559796691715799,Health Information Services,Healthcare,BEAT
2013Q1,2013,Q1,2013-03-31,2013-03-31,-2087000.0,32418000.0,1635000.0,-0.08,19545000.0,0.6029057930779197,89063000.0,68819000.0,43597000.0,18817000.0,20244000.0,3118000.0,-188562000.0,60206490.0,41882490.0,2.731888372831567,2.316894297709518,0.0,0.0,0.023757973815370755,2.731888372831567,-0.030325927432831048,1.8571932259855635,-7.212085529468136,0.8748527296240863,0.0,4.128608082103913,0.0,0.3639895354973446,2.0480948078864856,-0.023432850903293174,-330.8048901098901,0.6029057930779197,0.5294117647058824,-4.624814090794032,0.16734915461374394,-0.5337950005398677,0.13852158210520185,0.5201195677167165,-0.8150870843700521,0.6355248515957858,-0.03357998649433236,-0.5509963411908357,Health Information Services,Healthcare,BEAT
2012Q4,2012,Q4,2012-12-31,2012-12-31,-4349000.0,29959000.0,8842000.0,-0.17,17167000.0,0.573016455822958,90010000.0,69998000.0,43422000.0,18490000.0,20012000.0,2894000.0,-186475000.0,57490199.99999999,39192199.99999999,2.776046004362483,2.348404542996214,0.0,0.0,0.11390348838319049,2.776046004362483,-0.062130346581330896,1.918962582195667,-3.3047942055644977,0.8213120374867852,0.0,4.4201796821008985,0.0,0.3328407954671703,2.0878853434288804,-0.04831685368292412,109.71412213740457,0.573016455822958,-0.4166666666666668,0.9091548549929377,-0.430490521355393,1.3112075335900737,0.0468959629223076,-0.39346363345081703,4.707337526205451,0.7416046199974962,-0.15027562629822128,-0.5573835507574406,Health Information Services,Healthcare,BEAT
2012Q3,2012,Q3,2012-09-30,2012-09-30,-3121000.0,27040000.0,-2385000.0,-0.12,16398000.0,0.6064349112426035,94309000.0,73257000.0,45155000.0,18798000.0,21052000.0,2305000.0,-182125000.0,64238303.93,46351303.93,2.9308135252941447,2.4021172465155867,0.0,0.0,-0.032556615750030715,2.9308135252941447,-0.04260343721419114,2.3756769204881656,-5.145650747356616,0.876889634164653,0.0,4.616919739696312,0.0,0.2867170683603898,2.1532609852111926,-0.033093342098845284,10.945357629919918,0.6064349112426035,-1.3999999999999997,-1.2104799544574616,-0.8534809673594943,0.0,-0.019610187731675235,-1.6051752921535893,-1.5508021390374331,0.45161173289008033,-0.22732832713181436,-0.5470197069527851,Health Information Services,Healthcare,BEAT
2012Q2,2012,Q2,2012-06-30,2012-06-30,-1198000.0,27450000.0,-935000.0,-0.05,16726000.0,0.6093260473588342,91328000.0,75348000.0,64161000.0,14612000.0,15980000.0,1895000.0,-179005000.0,50585561.879999995,37394561.879999995,3.0237173279372893,4.390980016424856,0.0,0.0,-0.009125898108202538,3.0237173279372893,-0.015899559377820248,1.8428255693989068,-10.556252479131885,0.6713590523968784,0.0,5.65910290237467,0.0,0.30056499649614576,4.116684916506981,-0.013117554309740714,-15.37087872379216,0.6093260473588342,0.6428571428571429,0.9263404603322016,-0.7673455791668772,1.3458897073994434,0.0714926329276105,0.6610073571024335,0.717607973421927,-1.7308742920615017,-0.3150605338632577,-0.542658664564158,Health Information Services,Healthcare,BEAT
2012Q1,2012,Q1,2012-03-31,2012-03-31,-3534000.0,27045000.0,-3311000.0,-0.14,15610000.0,0.5771861711961546,91078000.0,75569000.0,63984000.0,13960000.0,15509000.0,1457000.0,-177806000.0,75783400.0,62461400.0,3.071286323917903,4.583381088825215,0.0,0.0,-0.04381426246212071,3.071286323917903,-0.046765207955643186,2.8021223886115734,-5.361021505376344,1.0028371422144,0.0,7.848318462594372,0.0,0.29694327938689913,4.35243553008596,-0.03880190605854323,-22.8194519722975,0.5771861711961546,0.931208376037459,0.7799375728995368,-0.765393964856199,0.0,-0.06133493686109441,0.9289805269186713,-0.9981894990947495,-3.694839211114557,-0.2737821638950286,-0.527928417852283,Health Information Services,Healthcare,BEAT
2011Q4,2011,Q4,2011-12-31,2011-12-31,-49761000.0,26784000.0,-1657000.0,-2.0351314874647253,16630000.0,0.6208930704898447,94975000.0,77997000.0,72596000.0,15419000.0,16978000.0,2009000.0,-174273000.0,57948870.0,39417870.0,3.1899308821725083,4.708217134703936,0.0,0.0,-0.02134736634103059,3.1899308821725083,-0.6379860763875533,2.163562948028674,-0.2911359799843251,0.7429628062617794,0.0,5.054255848680936,0.0,0.2820110555409318,4.479927362345158,-0.5239378783890497,17.043785294117647,0.6208930704898447,-6.017694784361122,-1.189696815720707,-0.5612476940618862,1.4672194545917114,0.1588850174216028,-6.005631423342249,0.699710039869518,-7.808552078551133,-0.2627550717485504,-0.5076247961868463,Health Information Services,Healthcare,BEAT
2011Q3,2011,Q3,2011-09-30,2011-09-30,-7103000.0,26602000.0,-5518000.0,-0.29,14350000.0,0.5394331253289226,146655000.0,127038000.0,75117000.0,15548000.0,19617000.0,1733000.0,-124511000.0,73353000.0,59539000.0,5.195615721238395,4.831296629791613,0.0,0.0,-0.04343582235236701,5.195615721238395,-0.05591240416253405,2.7574242538155027,-2.5817612276502886,0.5774099088461719,0.0,7.069821119446047,0.0,0.18139170161262827,4.535567275533831,-0.048433398111213395,-40.819699499165274,0.5394331253289226,-1.4166666666666665,0.48708993910365295,-0.6439584948437082,0.0,-0.22928191632203662,-1.3629407850964737,-1.726284584980237,-7.819818451285467,-0.19260173537062927,-0.1496488629493067,Health Information Services,Healthcare,BEAT
2011Q2,2011,Q2,2011-06-30,2011-06-30,-3006000.0,31637000.0,-2024000.0,-0.12,18619000.0,0.5885197711540285,152248000.0,133031000.0,78785000.0,15055000.0,19217000.0,1478000.0,-117409000.0,129570366.69,113210366.69,5.451822264963291,5.233145134506809,0.0,0.0,-0.015234771359714383,5.451822264963291,-0.022596236967323404,4.0955326576476905,-10.775978600299402,0.973986264028685,0.0,8.807848443843032,0.0,0.20779911722978298,4.921819993357689,-0.019744101728758342,61.43687372688478,0.5885197711540285,-1.0,0.6742488019176677,-0.07640607867139457,0.0,-0.08492652479481004,-0.9368556701030928,-0.38156996587030717,-2.7435404686948566,0.02070065919986728,-0.08253840897510398,Health Information Services,Healthcare,BEAT
2011Q1,2011,Q1,2011-03-31,2011-03-31,-1552000.0,33999000.0,-1465000.0,-0.06,20347000.0,0.5984587781993588,153912000.0,134808000.0,77714000.0,14851000.0,19104000.0,1456000.0,-114403000.0,116392210.0,97934210.0,5.5478826289147705,5.232913608511211,0.0,0.0,-0.01086730757818527,5.5478826289147705,-0.011512669871224259,3.4234009823818345,-18.748745167525772,0.8633924544537416,0.0,9.376373626373626,0.0,0.22089895524715422,4.8845195609723255,-0.010083684183169603,-44.15485963581184,0.5984587781993588,0.6990420925887482,0.8311070474192749,-0.0032765395091282276,0.0,0.2174355292287441,0.6778077641685697,0.6213491858361334,-3.336451041952736,0.26922233391753736,-0.05323707815438122,Health Information Services,Healthcare,BEAT
2010Q4,2010,Q4,2010-12-31,2010-12-31,-4817000.0,28683000.0,-3869000.0,-0.1993634276504037,16713000.0,0.5826796360213367,156692000.0,134928000.0,78050000.0,17416000.0,21764000.0,1461000.0,-112851000.0,113077710.72,94372710.72,5.5843281224857115,4.481511254019293,0.0,0.0,-0.03032388994258742,5.5843281224857115,-0.03570052175975335,3.9423250957012863,-5.86867919451941,0.8380596371398078,0.0,8.193018480492814,0.0,0.18305337860260895,4.220429490124024,-0.030741837490107983,8.963039847812302,0.5826796360213367,0.35689216886966546,0.7854952049112645,-0.5245180667946419,1.8179195211502488,0.07492925135065603,0.35515394912985276,0.417757712565839,0.8949933558883976,-0.430981960957365,1.6260288838965296,Health Information Services,Healthcare,BEAT
2010Q3,2010,Q3,2010-09-30,2010-09-30,-7470000.0,27486000.0,-6645000.0,-0.31,15548000.0,0.5656697955322709,154348000.0,138850000.0,84547000.0,14235000.0,15498000.0,0.0,-108034000.0,108970187.03999999,98339187.03999999,5.7466497673362165,5.939374780470671,0.0,0.0,-0.04785740007202017,5.7466497673362165,-0.0537990637378466,3.964570582842174,-3.6469272771084333,0.7848050921137918,0.0,0.0,0.0,0.17807810920776426,5.686266245170355,-0.048397128566615696,-14.632763131462333,0.5656697955322709,-2.4444444444444446,0.4541347141930696,-0.6277254455121144,0.0,-0.2266215678471946,-2.4873949579831933,-5.4264990328820115,-1.5211555442402835,-0.8459262384264973,0.0,Health Information Services,Healthcare,BEAT
2010Q2,2010,Q2,2010-06-30,2010-06-30,-2142000.0,31939000.0,-1034000.0,-0.09,20104000.0,0.6294498888506215,160579000.0,144809000.0,88574000.0,14416000.0,15770000.0,0.0,-100564000.0,131974840.00000001,108024840.00000001,6.012913673545655,6.144145394006659,0.0,0.0,-0.007140440166011781,6.012913673545655,-0.014791898293614348,4.132090547606375,-15.403225957049488,0.9113718070009461,0.0,0.0,0.0,0.19889898430056235,5.8543285238623755,-0.013339228666263957,30.158784277879345,0.6294498888506215,0.6086956521739131,0.7648109526265195,-0.05527008645087738,0.0,0.0018438231923057755,0.6055974958571165,-1.8991304347826088,0.8637264393636649,-0.7199018569607922,1.6878304833407207,Health Information Services,Healthcare,BEAT
2010Q1,2010,Q1,2010-03-31,2010-03-31,-5431000.0,31816000.0,1150000.0,-0.23,20067000.0,0.6307203922554689,162054000.0,145373000.0,88112000.0,15244000.0,16681000.0,0.0,-98422000.0,182781450.0,137526450.0,6.084334323860545,5.7801102072946735,0.0,0.0,0.007910684927737614,6.084334323860545,-0.03735906942829824,5.7449537968317825,-8.413802706683851,1.2573273579000228,0.0,0.0,0.0,0.196329618522221,5.54762529519811,-0.033513520184629816,-41.25992099322799,0.6307203922554689,0.6554262849952815,0.39894068526529053,-0.051424653666362966,0.0,-0.010014800197335964,0.6583202264863165,1.204154091958104,0.6517333868763725,-0.7157827333684086,0.0,Health Information Services,Healthcare,BEAT
2009Q4,2009,Q4,2009-12-31,2009-12-31,-15895000.0,33297000.0,-5633000.0,-0.6674914248663757,20270000.0,0.6087635522719764,168322000.0,149353000.0,92855000.0,17472000.0,18969000.0,0.0,-92991000.0,141449457.60000002,92297457.60000002,6.271899765842581,5.314503205128205,0.0,0.0,-0.03868964567090758,6.271899765842581,-0.10642571625611806,4.248114172447969,-2.2247476816609,0.9470814620395974,0.0,0.0,0.0,0.19781727878708666,5.153216575091575,-0.09443210037903542,22.559722105263162,0.6087635522719764,-1.9021366298538074,0.2818135552648835,-0.4399447586782907,1.918626044290693,-0.057691413695318675,-1.931575064551826,-0.1843986543313709,0.2818135552648835,-0.4399447586782907,1.918626044290693,Health Information Services,Healthcare,BEAT
2009Q3,2009,Q3,2009-09-30,2009-09-30,-5422000.0,33340000.0,-4756000.0,-0.23,21511000.0,0.6452009598080384,169018000.0,154072000.0,93625000.0,13377000.0,14946000.0,0.0,-77096000.0,160023628.79999998,117199628.79999998,6.470068500283878,6.998953427524856,0.0,0.0,-0.028387043559538992,6.470068500283878,-0.03519133911418038,4.799748914217156,-7.37844101807451,1.0386288800041539,0.0,0.0,0.0,0.19725709687725568,6.8973611422591015,-0.032079423493355734,-72.90370332574031,0.6452009598080384,-4.4969892204472846,0.5979864413417114,-0.5418225414967445,0.0,-0.18118838262723155,-4.464536741214057,-3.465526179367548,0.5979864413417114,-0.5418225414967445,0.0,Health Information Services,Healthcare,BEAT
2009Q2,2009,Q2,2009-06-30,2009-06-30,1565000.0,38264000.0,1929000.0,0.06577086330583018,26271000.0,0.6865722349989546,171461000.0,157301000.0,98524000.0,12498000.0,14160000.0,0.0,-71672000.0,388285260.48,343793260.48,6.611511126707398,7.883181309009442,0.00014580575174529486,0.00015893096674528452,0.0089291404278509,6.611511126707398,0.00994907851825481,10.147534509721932,62.02639943769968,2.4684220728412405,0.0,0.0,0.0,0.2231644513912785,7.80092814850376,0.009127440059255457,-65.96759437308869,0.6865722349989546,3.1923621101943396,1.1739369312864951,0.1456621246796038,0.0,0.10003349803199062,3.167590027700831,1.429471032745592,1.1739369312864951,0.1456621246796038,0.0,Health Information Services,Healthcare,BEAT
2009Q1,2009,Q1,2009-03-31,2009-03-31,-722000.0,35720000.0,794000.0,-0.03,23882000.0,0.6685890257558791,170388000.0,153542000.0,100160000.0,15848000.0,16846000.0,0.0,-73237000.0,662220180.9399999,611906180.9399999,6.505975873287919,6.320040383644624,0.0002875789374838604,0.0003191309218324628,0.003041917065092227,6.505975873287919,-0.004702296440062002,18.539198794512878,-229.30061666897507,4.312957893866173,0.0,0.0,0.0,0.20963917646782637,6.20311711256941,-0.004237387609456065,-64.77748028367407,0.6685890257558791,-1.1003652902107999,0.9191033262727695,0.07818588871901451,0.0,0.0,-1.1042448743863702,-0.8780150560762022,0.9191033262727695,0.07818588871901451,0.0,Health Information Services,Healthcare,BEAT
2008Q4,2008,Q4,2008-12-31,2008-12-31,6926000.0,34428000.0,6509000.0,0.2989081179060032,23882000.0,0.6936795631462763,165773000.0,150117000.0,98661000.0,14658000.0,15656000.0,0.0,-72515000.0,571165150.0,513115150.0,6.478658668162789,6.730863692181744,0.00043432887140849234,0.00047962589180439256,0.044807287655092516,6.478658668162789,0.046137346203294766,16.590134483559893,20.61670336413514,3.80479992272694,0.0,0.0,0.0,0.2076815886784941,6.65861645517806,0.04178002449132247,545.0049141221374,0.6936795631462763,6.2800934613398285,1.3216097623191974,-0.40487578940865904,1.9489093905894812,0.12603140176340233,6.017223910840932,0.5161891451199627,1.3216097623191974,-0.40487578940865904,1.9489093905894812,Health Information Services,Healthcare,BEAT
2008Q3,2008,Q3,2008-09-30,2008-09-30,987000.0,31223000.0,4293000.0,0.0410582802945214,21209000.0,0.6792748935079909,164439000.0,141574000.0,94945000.0,22035000.0,22865000.0,0.0,-79441000.0,578348160.0,522257160.0,6.1099650425100345,4.308826866348991,0.001222337766588218,0.0014197522143896478,0.017010090479204678,6.1099650425100345,0.006971619082599912,18.523145117381418,146.49142857142857,4.085129755463574,0.0,0.0,0.0,0.18987588102579073,4.185795325618335,0.006002225749366027,2022.1963636363637,0.6792748935079909,-0.39139653271766706,1.075208755857668,-0.5590261699166154,0.0,0.08730646980416282,-0.3952205882352941,0.36415633937082936,1.075208755857668,-0.5590261699166154,0.0,Health Information Services,Healthcare,BEAT
2008Q2,2008,Q2,2008-06-30,2008-06-30,1632000.0,29340000.0,3147000.0,0.06746310611384398,19506000.0,0.6648261758691206,152843000.0,137255000.0,85723000.0,14692000.0,15588000.0,0.0,-80428000.0,615099740.0,560922740.0,5.942289375703524,5.834671930302205,0.0025843512624065218,0.0028778550872463663,0.013306464274740096,5.942289375703524,0.011890277221230556,20.964544648943424,94.22483762254902,4.48143776183017,0.0,0.0,0.0,0.19196168617470213,5.708753062891369,0.010677623443664413,-322.8573438135604,0.6648261758691206,5.798229453331721,1.1868331730356545,-0.09513733237655037,0.0,0.22338482596400666,5.797079425173497,4.06254584765067,1.1868331730356545,-0.09513733237655037,0.0,Health Information Services,Healthcare,BEAT
2008Q1,2008,Q1,2008-03-31,2008-03-31,-340207.0,25463284.0,621624.0,-0.01406,15944288.0,0.6261677794584548,154766315.0,135350667.0,89081516.0,17123303.0,19415648.0,0.0,-82060393.0,415533019.99999994,356480516.99999994,5.859843579530695,5.202355877251018,0.018871121923397866,0.02157812787136099,0.002675210290917059,5.859843579530695,-0.002513522892354864,16.318909218465297,-305.3530791547499,3.0700478188260423,0.0,0.0,0.0,0.16452730040125332,5.123982096211227,-0.0021981979735060564,-449.3098910604708,0.6261677794584548,0.9925944621156992,0.9610527246942765,-0.21469750897431822,0.0,0.0,0.9405019177330892,1.0093523136446296,0.9610527246942765,-0.21469750897431822,0.0,Health Information Services,Healthcare,BEAT
2007Q4,2007,Q4,2007-12-31,2007-12-31,-5717949.0,6283172.0,-66467403.0,-1.8985791740808096,0.0,0.0,103039528.0,-26865079.0,41374843.0,11999461.0,129904607.0,0.0,-81720186.0,53307072.3,38009101.3,-8.920240369306494,3.4480584586257668,0.027102851247532887,-0.10395149033434817,,-8.920240369306494,0.21283946345365298,8.484102026810662,-2.330690265862812,-1.9842514626515708,,0.0,,0.06097826845635396,3.4122027647741846,-0.05549277166719941,0.0,0.0,-4.200417434874451,-1.0427735492694827,-0.16438161783877717,-0.3065204213252167,0.0,-4.20041743487445,-3.989134406933372,-1.0427735492694827,-0.16438161783877717,-0.3065204213252167,Health Information Services,Healthcare,BEAT
2007Q3,2007,Q3,2007-09-30,2007-09-30,1786626.0,22236338.0,22236338.0,0.5932286061787715,0.0,0.0,,,,,,,,53307072.3,,,0.0,0.0,0.0,0.0,,0.0,2.3972954674461233,7.459181762159512,0.0,,0.0,,0.0,0.0,0.0,0.0,0.0,1.9089118805214984,2.047413371765367,1.4162099418224932,0.0,-1.0,1.9089182168653613,14.850800320663952,2.047413371765367,1.4162099418224932,0.0,Health Information Services,Healthcare,BEAT
2007Q2,2007,Q2,2007-06-30,2007-06-30,-1965662.0,14259755.0,-1605419.0,-0.65268,9388200.0,0.6583703576954864,121573078.0,-26327833.0,67945684.0,35082534.0,147900911.0,0.0,-82514296.0,53307072.3,29469851.299999997,-8.741854016619854,1.9367382071089847,0.21794602420118045,-1.0064014383561306,,-8.741854016619854,0.07466098710060946,3.7382880912049328,-6.779786186536647,-2.0247421160716113,,0.0,,0.1172936906310787,1.9126508649574743,-0.016168563240621416,0.0,0.6583703576954864,0.0,-0.7258597065729803,2.3728531838816247,0.0,0.0,0.0,-1.1137764548033449,-0.7258597065729803,2.3728531838816247,0.0,Health Information Services,Healthcare,BEAT
2007Q1,2007,Q1,2007-03-31,2007-03-31,-1965662.0,14110292.0,14110292.0,-0.65268,0.0,0.0,,,,,,,,53307072.3,,,0.0,0.0,0.0,0.0,,0.0,3.777885836806212,-6.779786186536647,0.0,,0.0,,0.0,0.0,0.0,0.0,0.0,0.29774988668423186,-0.7258597065729803,2.337500770363826,0.0,0.0,0.27280280984630045,1.4529856966385786,-0.7258597065729803,2.337500770363826,0.0,Health Information Services,Healthcare,BEAT
