Quarters,Year,Quarter,FillingDate,Date,NetIncome,Revenue,OperatingIncome,EPSDiluted,GrossProfit,GrossProfitRatio,TotalAssets,CommonStockEquity,CurrentAssets,CurrentLiability,TotalLiability,Inventory,RetainedEarnings,MarketCap,EnterpriseValue,bookValuePerShare,currentRatio,debtToAssets,debtToEquity,roic,shareholdersEquityPerShare,roe,priceToSalesRatio,peRatio,pbRatio,payoutRatio,inventoryTurnover,dividendYield,assetTurnover,quickRatio,returnOnAssets,priceToFreeCashFlowsRatio,grossProfitMargin,epsdilutedGrowth,fiveYNetIncomeGrowthPerShare,fiveYRevenueGrowthPerShare,fiveYShareholdersEquityGrowthPerShare,grossProfitGrowth,netIncomeGrowth,operatingIncomeGrowth,threeYNetIncomeGrowthPerShare,threeYRevenueGrowthPerShare,threeYShareholdersEquityGrowthPerShare,Industry,Sector,Symbol
2023Q1,2023,Q1,2023-05-05,2023-03-31,102292000.0,1210941000.0,120371000.0,1.73,355040000.0,0.2931934752,4071345000.0,3128964000.0,2830789000.0,682858000.0,940903000.0,0.0,2342730000.0,17252898000.0,15690574000.0,54.22626598731413,4.14550170020707,0.045954838020359365,0.059795510590725874,0.027838545307802685,54.22626598731413,0.03269197088876702,14.247513297509952,42.16580475501506,5.513933046209544,0.0,0.0,0.0,0.2974302104095821,4.01845039525055,0.025124866598138944,217.23345210964354,0.2931934751569234,-0.33716475095785436,0.4607177232698625,1.6262582281434979,1.727324041302629,-0.10922661983315561,-0.34021762266268485,-0.2939164814021833,0.14544881220642905,0.7812822341289389,0.8197430068403427,Information Technology Services,Technology,EPAM
2022Q4,2022,Q4,2023-02-24,2022-12-31,155039000.0,1231303000.0,170477000.0,2.61,398575000.0,0.3237018021,4009151000.0,3001532000.0,2759625000.0,747483000.0,1006141000.0,0.0,2248948000.0,18871269200.0,17383148200.0,52.12803056616881,3.691889982782217,0.04819549076600008,0.06437479260590925,0.03913403393790737,52.12803056616881,0.05165328905372323,15.326259417868712,30.429874418694652,6.287212396869332,0.0,0.0,0.0,0.3071231290614896,3.5777482564820873,0.03867127977968403,114.66737880831722,0.3237018020747127,-0.0076045627376425924,5.611684962485647,1.8319166270340128,1.8273107443875827,-0.00387129989703192,-0.006504158816819819,-0.05409844251971125,0.9894137849184083,0.8607839295008922,0.7982536793551882,Information Technology Services,Technology,EPAM
2022Q3,2022,Q3,2022-11-04,2022-09-30,156054000.0,1226920000.0,180227000.0,2.63,400124000.0,0.3261206925,3735603000.0,2757166000.0,2527986000.0,727957000.0,976959000.0,0.0,2093909000.0,20796949800.0,19506640800.0,48.017520027864855,3.4727133608166416,0.052813427979365044,0.07155535792911998,0.047224332243649525,48.017520027864855,0.05659942128983166,16.95053450917745,33.31691241493329,7.5428718473969285,0.0,0.0,0.0,0.32843961202515365,3.3861258288607705,0.04177478174206413,89.00517760849097,0.3261206924656864,7.21875,2.349554375707616,1.9740005100784672,1.5611261183522818,0.14800681704720864,7.38819608686304,0.007074166997278737,1.2259714123756877,0.9938629120507734,0.7660072408782141,Information Technology Services,Technology,EPAM
2022Q2,2022,Q2,2022-08-05,2022-06-30,18604000.0,1194861000.0,178961000.0,0.32,348538000.0,0.291697528,3563964000.0,2622353000.0,2359678000.0,684703000.0,939958000.0,0.0,1937855000.0,16873207199.999998,15788627199.999998,45.813294898672254,3.44627962780943,0.05862517129802658,0.07967577210238286,0.12804051694581364,45.813294898672254,0.0070943919449441015,14.121481243424967,226.74165770801977,6.434376760108193,0.0,0.0,0.0,0.33526180399128613,3.334048485255651,0.0052200302808894814,284.2377777403433,0.2916975279969804,-0.7894736842105263,-0.5484867985993981,2.1044162349180544,1.5852437539237445,-0.10809206250095962,-0.7926414694769224,0.38469692514817166,-0.6976265323005368,1.069417557949494,0.7614117601578322,Information Technology Services,Technology,EPAM
2022Q1,2022,Q1,2022-05-10,2022-03-31,89719000.0,1171614000.0,129242000.0,1.52,390778000.0,0.333538179,3507570000.0,2552103000.0,2266753000.0,683252000.0,953814000.0,0.0,1919251000.0,16881558150.0,15833382150.0,44.84060441008521,3.3175943868440925,0.06508351935955661,0.08944975966879079,0.036752847242976214,44.84060441008521,0.03515492909181173,14.408805417142506,47.04008668732376,6.614763647862175,0.0,0.0,0.0,0.3340244100616666,3.1872881455158564,0.02557867697579806,-224.7218943851335,0.3335381789565505,-0.36666666666666664,2.3978501004492654,2.23112263677199,1.7361777597576369,0.027830309024005975,-0.3694150225964478,-0.2134019049937616,0.40748438588674674,1.141920633108587,0.817620019074116,Information Technology Services,Technology,EPAM
2021Q4,2021,Q4,2022-02-25,2021-12-31,142279000.0,1107464000.0,164305000.0,2.4,380197000.0,0.3433041616,3523227000.0,2487117000.0,2269480000.0,763420000.0,1027390000.0,0.0,1829532000.0,37937211300.0,36729744300.0,43.822761391267576,2.972780383013282,0.06788038352340056,0.09615872514240384,0.05006670736120835,43.822761391267576,0.05720639599986651,34.255931840673824,66.65989235937842,15.253488798476308,0.0,0.0,0.0,0.3143322868495274,2.902141678237405,0.040383148744034945,166.39346701930288,0.34330416157997007,0.23076923076923075,4.134458251637867,2.1565634363998356,1.8442857154496193,0.13435770441424372,0.2301912568306011,0.14002525602953012,1.2588609401342852,1.0880654742593068,0.8753327435946087,Information Technology Services,Technology,EPAM
2021Q3,2021,Q3,2021-11-05,2021-09-30,115656000.0,988539000.0,144124000.0,1.95,335165000.0,0.33905086192856326,3242233000.0,2339119000.0,2092194000.0,632547000.0,903114000.0,0.0,1687253000.0,32317121520.0,31276261520.0,41.29144380306801,3.3075708208243815,0.06962917224024306,0.09651240488406106,0.04452774568577563,41.29144380306801,0.049444256576942,32.69180226576797,69.85612834612989,13.815937333671354,0.0,0.0,0.0,0.3048944970950576,3.1969197545795014,0.03567171144084956,174.7447618944625,0.33905086192856326,0.005154639175257737,2.9883210313507687,1.9911816273751028,1.8146101023509429,0.12608269105423367,0.008589791664849874,0.15047016938869998,0.6755398762092402,1.0071737754432586,0.8593208089760889,Information Technology Services,Technology,EPAM
2021Q2,2021,Q2,2021-08-06,2021-06-30,114671000.0,881366000.0,125274000.0,1.94,297638000.0,0.33770079626398114,2961615000.0,2212668000.0,2038018000.0,522948000.0,748947000.0,0.0,1571597000.0,28850334480.0,27796936480.0,39.18792837787578,3.8971714204854018,0.077604617750788,0.1038723387331493,0.044059209605410016,39.18792837787578,0.05182476539634505,32.733659433198014,62.89806158488196,13.038709142085482,0.0,0.0,0.0,0.29759641276803367,3.7584406097738206,0.038719077260211066,623.8045034487233,0.33770079626398114,0.043010752688171956,3.1741211921268824,1.7614034107772616,1.7753972635983353,0.13842576124415273,0.05158373530436697,0.16804505319297722,1.1627291472858279,0.8745331128147631,0.8846286027255302,Information Technology Services,Technology,EPAM
2021Q1,2021,Q1,2021-05-06,2021-03-31,109046000.0,780775000.0,107251000.0,1.86,261447000.0,0.33485575229739684,2780541000.0,2063939000.0,2004718000.0,463761000.0,716602000.0,0.0,1456926000.0,22282077300.0,21152464300.0,36.744507744347516,4.322739514534426,0.0874707475991183,0.11784069199719566,0.04029773814157156,36.744507744347516,0.05283392580885385,28.538410297460857,51.084123443317495,10.795899152058274,0.0,0.0,0.0,0.28079967171856124,4.2217219645463935,0.03921754795199927,13578.353016453382,0.33485575229739684,0.2739726027397261,3.038353145149001,1.6127873381115236,1.7777605645834422,0.014536226091478109,0.27481032043863035,-0.04234193208504103,0.5996346791520465,0.7395094156933398,0.848074499181523,Information Technology Services,Technology,EPAM
2020Q4,2020,Q4,2021-02-25,2020-12-31,85539000.0,723493000.0,111993000.0,1.46,257701000.0,0.35619003915725517,2721332000.0,1983018000.0,1912782000.0,465950000.0,738314000.0,0.0,1347880000.0,20078708850.0,18842362850.0,35.39144402205922,4.105122867260436,0.03152757546671998,0.04326587050647044,0.04064660567584759,35.39144402205922,0.04313576578729996,27.75245766026762,58.68290735804721,10.125328590058185,0.0,0.0,0.0,0.265859880382107,4.04166112243803,0.03143276895285103,142.45270556935083,0.35619003915725517,-0.04575163398692814,1.7264926660670046,1.4489807231545266,1.8487543306902103,0.12604487557623822,-0.043530279989265584,0.16180131955682808,3.614725660726127,0.7099883293768883,0.9195547742005149,Information Technology Services,Technology,EPAM
2020Q3,2020,Q3,2020-11-05,2020-09-30,89432000.0,652243000.0,96396000.0,1.53,228855000.0,0.3508738307655276,2555425000.0,1860234000.0,1752222000.0,414831000.0,695191000.0,0.0,1262341000.0,18066179520.0,16991260520.0,33.287416791926134,4.223941797985203,0.03371102654157332,0.04630922776381896,0.037839288206431176,33.287416791926134,0.048075672200379095,27.698541065216492,50.50255926290365,9.711777937614299,0.0,0.0,0.0,0.25523856110040405,4.132716696678888,0.03499691832082726,108.97880598635517,0.3508738307655276,0.34210526315789486,2.431305272966092,1.4249165994175852,1.8497224172522002,0.07522915952133732,0.34233909702209414,0.15546712056193512,0.9723354229425043,0.6244633732904386,0.7754618003763493,Information Technology Services,Technology,EPAM
2020Q2,2020,Q2,2020-08-06,2020-06-30,66624000.0,632383000.0,83426000.0,1.14,212843000.0,0.33657293127740623,2389130000.0,1753094000.0,1598336000.0,365580000.0,636036000.0,0.0,1172909000.0,14037134919.06,13129391919.06,31.473461036562085,4.372055364078998,0.035988414192614046,0.049045287930938104,0.03509641574717562,31.473461036562085,0.038003666660201905,22.19720473045607,52.67296664512788,8.007063465541494,0.0,0.0,0.0,0.26469174971642395,4.2689890037748235,0.027886301708153177,104.20494049351555,0.33657293127740623,-0.2244897959183674,2.021769990767042,1.5327525841715763,1.8105477906854617,-0.06466072236846153,-0.22136387541635014,-0.04665805802831709,0.6616278042362247,0.6884246020938497,0.7760470784539144,Information Technology Services,Technology,EPAM
2020Q1,2020,Q1,2020-05-07,2020-03-31,85565000.0,651359000.0,87509000.0,1.47,227557000.0,0.34935726688354657,2311881000.0,1647482000.0,1507737000.0,389321000.0,664399000.0,0.0,1106285000.0,10264537448.02,9433438448.02,29.798859390298365,3.8727348383467626,0.03683321070591436,0.051687362896832865,0.03918053231490233,29.798859390298365,0.05193683451473218,15.75864837673234,29.990467621165195,6.230439815439562,0.0,0.0,0.0,0.28174417281858366,3.7474243619018752,0.03701098802230738,300.3082928033938,0.34935726688354657,0.13953488372093018,4.036779361521616,1.8202021619074784,1.9250871321499197,0.02178208041094537,0.14815361494283721,0.032615493539441855,2.3359662543443016,0.8492473730824581,0.8183291104689294,Information Technology Services,Technology,EPAM
2019Q4,2019,Q4,2020-03-02,2019-12-31,74524000.0,632775000.0,84745000.0,1.29,222706000.0,0.35195132551064756,2244208000.0,1596145000.0,1474211000.0,386948000.0,648063000.0,0.0,1020590000.0,11681953920.0,10828017920.0,28.98814064145872,3.8098426661980422,0.0368129870315051,0.051759708547782314,0.038848426495356365,28.98814064145872,0.04668999370357956,18.4614656394453,39.18856314744243,7.318855066425669,0.0,0.0,0.0,0.2819591588658449,3.7066169097656534,0.033207260646072025,150.59109907958853,0.35195132551064756,0.11206896551724149,2.4984302053857808,1.7066988418905351,1.9747123313140054,0.05759386070719638,0.11226530551326826,0.05188357227083721,1.7720079646245417,0.8589970912623549,0.881455018495828,Information Technology Services,Technology,EPAM
2019Q3,2019,Q3,2019-11-07,2019-09-30,67002000.0,588103000.0,80565000.0,1.16,210578000.0,0.3580631283975766,2040163000.0,1492117000.0,1364692000.0,311470000.0,548046000.0,0.0,946066000.0,10005296065.119999,9228479065.119999,27.189877207970177,4.381455677914406,0.03745975199040469,0.05121850364281085,0.0380515508662222,27.189877207970177,0.044903985411331684,17.012829496057662,37.33207988239157,6.705436681654321,0.0,0.0,0.0,0.2882627515546552,4.287096670626385,0.032841493547329306,109.02697060140133,0.3580631283975766,0.13725490196078421,2.034059090770424,1.630453793802767,1.886446129897036,0.07617850280060509,0.1399356891301019,0.10541697538486869,1.385098519824805,0.8369569871270303,0.8533840433438248,Information Technology Services,Technology,EPAM
2019Q2,2019,Q2,2019-08-08,2019-06-30,58777000.0,551587000.0,72882000.0,1.02,195672000.0,0.35474367597495954,1931451000.0,1422247000.0,1285823000.0,272614000.0,509204000.0,0.0,879064000.0,9662856220.0,8958920220.0,26.009418090047912,4.716643312522468,0.03801753189700386,0.05162886615334748,0.035690750565945326,26.009418090047912,0.04132685813364345,17.518281286542287,41.09964875716692,6.794077414120052,0.0,0.0,0.0,0.28558166891109327,4.610970089577204,0.030431525314387992,297.97879055137537,0.35474367597495954,-0.03773584905660381,2.4152022637240806,1.7177837722448586,1.8693774728578312,0.10771948099001381,-0.032541067254830955,0.127192304123233,1.209217267558645,0.7844613456993681,0.8420587865435144,Information Technology Services,Technology,EPAM
2019Q1,2019,Q1,2019-05-09,2019-03-31,60754000.0,521333000.0,64658000.0,1.06,176644000.0,0.3388314186901654,1831435000.0,1338225000.0,1244747000.0,282566000.0,493210000.0,0.0,820287000.0,9282427158.960001,8584754158.960001,24.66995518289171,4.405154901863636,0.03541266820826292,0.048464196977339384,0.038920930362145584,24.66995518289171,0.045398942629229014,17.805178569091158,38.19677370609343,6.936372552418315,0.0,0.0,0.0,0.28465820517790696,4.295927323174055,0.03317289447891954,-681.2290590752973,0.3388314186901654,0.009523809523809532,2.0184385173349186,1.8042156589961895,1.9132933599822937,-0.04979020979020979,0.013157675310597848,-0.17391082151526766,1.3297701533538495,0.8064960886761604,0.864965210960519,Information Technology Services,Technology,EPAM
2018Q4,2018,Q4,2019-02-26,2018-12-31,59965000.0,504931000.0,78270000.0,1.05,185900000.0,0.36816911617626963,1611802000.0,1262596000.0,1199068000.0,262829000.0,349206000.0,0.0,759533000.0,6268136310.0,5522607310.0,23.367992448779404,4.562160187802716,0.015529823142048465,0.01982502716625112,0.04627573001967012,23.367992448779404,0.04749341832225035,12.413847258338269,26.132478570832987,4.964482946247256,0.0,0.0,0.0,0.3132711089823688,4.462585939907696,0.03720370119903065,55.45992611992462,0.36816911617626963,-0.08695652173913032,1.752940776183843,1.7594712439077431,1.8911367548254412,0.11247419287274468,-0.08615014172940352,0.21236059479553904,0.9820900028219081,0.7724273214086096,0.8809537595161162,Information Technology Services,Technology,EPAM
2018Q3,2018,Q3,2018-11-05,2018-09-30,65618000.0,468186000.0,64560000.0,1.15,167105000.0,0.35692011294656395,1503982000.0,1195935000.0,1129002000.0,220973000.0,308047000.0,0.0,699568000.0,7433191560.0,6773111560.0,22.207810294882268,5.109230539477673,0.016641156609587083,0.02092755877200684,0.05258061038626996,22.207810294882268,0.05486753042598469,15.876578026681704,28.31994102228047,6.215380902808263,0.0,0.0,0.0,0.3112976086149967,4.975069352364316,0.04362951152340919,78.96142388221422,0.35692011294656395,0.29213483146067404,2.4220252803305704,1.8635719552079537,1.9155914440700412,0.06795465003323278,0.30570092528106657,0.1903313236351568,1.6126128018537842,0.8063065194912977,0.9012017433194228,Information Technology Services,Technology,EPAM
2018Q2,2018,Q2,2018-08-06,2018-06-30,50255000.0,445647000.0,54237000.0,0.89,156472000.0,0.3511119787634608,1392195000.0,1112803000.0,1024519000.0,181411000.0,279392000.0,0.0,633950000.0,6653768610.0,6094707610.0,20.793448810658294,5.647502080910199,0.01797162035490718,0.022483763972598922,0.041939150845918705,20.793448810658294,0.04516073375071778,14.930580953086187,33.10003288230027,5.979287088550265,0.0,0.0,0.0,0.32010386476032454,5.471553544162151,0.036097673098955244,130.80717577211158,0.3511119787634608,-0.22608695652173905,2.0254646753400647,1.8439694043179584,1.9081022300984316,0.06796620118213959,-0.2198609084417399,0.11376470829825246,1.3723508475212793,0.857686852842566,0.8568336525696109,Information Technology Services,Technology,EPAM
2018Q1,2018,Q1,2018-05-10,2018-03-31,64418000.0,424148000.0,48697000.0,1.15,146514000.0,0.34543131171194963,1343402000.0,1055348000.0,970180000.0,179908000.0,288054000.0,0.0,583695000.0,6078607080.0,5567775080.0,19.88259010154675,5.3926451297329745,0.018628080053476173,0.02371255737443952,0.06061907087400203,19.88259010154675,0.061039581256609195,14.331335005705556,23.590483560495514,5.759812952694277,0.0,0.0,0.0,0.31572678915172075,5.208362051715321,0.04795139504035278,-1797.8725465838509,0.34543131171194963,2.9827586206896552,3.2890348847913917,1.883197656204788,1.9360758047397273,0.009216399404860307,3.0864805337824706,-0.06441882804995197,2.949683669262168,0.9128263754965875,0.9516957913758407,Information Technology Services,Technology,EPAM
2017Q4,2017,Q4,2018-02-27,2017-12-31,-30874000.0,399297000.0,52050000.0,-0.58,145176000.0,0.3635789900750569,1250256000.0,974947000.0,960033000.0,180967000.0,275309000.0,0.0,518820000.0,5680790970.0,5123238970.0,18.43731916261654,5.30501693678958,0.020022299433076107,0.025676267530440115,-0.030858610144148278,18.43731916261654,-0.03166736243098343,14.226981344713334,-45.999797321370735,5.8267690141105115,0.0,0.0,0.0,0.31937219257496063,5.244099752993639,-0.024694142639587413,97.1756439555928,0.3635789900750569,-1.7532467532467533,-2.685291669078676,1.6041459520816252,1.788267765216992,0.05082733760875545,-1.7241638129192662,0.05689571150097466,-2.509171882464873,0.7785063511080871,0.8920054703669855,Information Technology Services,Technology,EPAM
2017Q3,2017,Q3,2017-11-07,2017-09-30,42634000.0,377523000.0,49248000.0,0.77,138154000.0,0.3659485647232089,1173006000.0,985145000.0,883742000.0,158984000.0,187861000.0,0.0,549694000.0,4620281850.0,4133632850.0,18.748596441145686,5.55868515070699,0.0213477168914737,0.025418593202015945,0.041086997793624166,18.748596441145686,0.04327687802303214,12.238411566977376,27.092706818501668,4.689951073192272,0.0,0.0,0.0,0.32184234351742447,5.36019347858904,0.03634593514440676,77.72494869120517,0.3659485647232089,0.13235294117647053,1.4778119261072484,1.8034633298744585,2.0370985375883532,0.0722496022352439,0.1411975695280923,0.2105599528046802,1.0163066611172016,0.7635384538613308,0.9903294606524751,Information Technology Services,Technology,EPAM
2017Q2,2017,Q2,2017-08-08,2017-06-30,37359000.0,348977000.0,40682000.0,0.68,128845000.0,0.3692077128292122,1079383000.0,919706000.0,788481000.0,130220000.0,159677000.0,0.0,507060000.0,4364186910.0,3946121910.0,17.721073623769243,6.054991552756873,0.023191953180659693,0.0272184806883939,0.03737256388894488,17.721073623769243,0.04062058962320567,12.505657708101108,29.204387898498357,4.745197824087263,0.0,0.0,0.0,0.32331155854779997,5.855997542620181,0.0346114400541791,197.01096560130011,0.3692077128292122,0.5454545454545455,1.2952648833458682,1.7515274452405536,2.102572080532215,0.10198339049443642,0.580263102237638,0.3137634825292256,1.2871237168126135,0.8116866526251042,0.9550014258240904,Information Technology Services,Technology,EPAM
2017Q1,2017,Q1,2017-05-08,2017-03-31,23641000.0,324651000.0,30966000.0,0.44,116921000.0,0.3601436619631543,986987000.0,835102000.0,708010000.0,122891000.0,151885000.0,0.0,469701000.0,3848348160.0,3475372160.0,16.388045056713374,5.761284390231994,0.025370141653334847,0.02998436119180651,0.02976395896754807,16.388045056713374,0.028309116730650865,11.853800419527431,40.695699843492235,4.608237269219807,0.0,0.0,0.0,0.32893138410131034,5.541821614276066,0.023952696438757554,150.89786142806727,0.3601436619631543,-0.04347826086956525,0.15789129992462042,1.0383295098368146,1.1896215452511372,0.014067771619875281,-0.04530953438597908,-0.17165556536393548,0.25032151428525773,0.858922750666856,0.93527643211622,Information Technology Services,Technology,EPAM
2016Q4,2016,Q4,2017-03-01,2016-12-31,24763000.0,313525000.0,37383000.0,0.46,115299000.0,0.36775057810381945,925811000.0,781412000.0,646551000.0,116219000.0,144399000.0,0.0,444320000.0,3261610270.0,2925036270.0,15.407299327641619,5.563212555606226,0.027055198091187078,0.03205479311809903,0.035815130922326396,15.407299327641619,0.03169006874734455,10.403030922573958,32.928262629729836,4.17399562586702,0.0,0.0,0.0,0.3386490331179906,5.46575861089839,0.026747359882308593,73.60059280153448,0.36775057810381945,-0.06122448979591831,-0.3248597858645014,0.11280748619030606,1.7754825286036577,0.07258874748827863,-0.05390845877588447,0.10267830806442098,0.21113272034902017,0.8253891447804522,0.9062232015171984,Information Technology Services,Technology,EPAM
2016Q3,2016,Q3,2016-11-09,2016-09-30,26174000.0,298293000.0,33902000.0,0.49,107496000.0,0.36037050819161026,909199000.0,750112000.0,635723000.0,122430000.0,159087000.0,0.0,419557000.0,3543889610.0,3246324610.0,14.670395650388219,5.192542677448338,0.036363876335103754,0.04407608463802739,0.03408498255533762,14.670395650388219,0.03489345591058402,11.880565785988944,33.84933149308474,4.724480624226782,0.0,0.0,0.0,0.3280832908967124,4.929494404966103,0.02878797710952168,63.94604132082281,0.36037050819161026,0.06521739130434775,-0.37162800253954464,0.15593830822768748,2.038448156330481,0.04314410480349345,0.0713876381498158,0.056795511221945136,0.43763246978342313,0.9215438072986686,0.9260287021296799,Information Technology Services,Technology,EPAM
2016Q2,2016,Q2,2016-08-08,2016-06-30,24430000.0,283832000.0,32080000.0,0.46,103050000.0,0.36306688463598186,843888000.0,708967000.0,573522000.0,92014000.0,134921000.0,0.0,393383000.0,3229069410.0,2988433410.0,14.119754635438449,6.232986284695807,0.04750393417135923,0.05654423971778658,0.033834713145067113,14.119754635438449,0.034458585519495266,11.376692585754954,33.04409957020057,4.554611723817893,0.0,0.0,0.0,0.3363384714559278,6.067000673810507,0.02894933924881027,103.86533532760784,0.36306688463598186,0.02222222222222224,0.002602604059317277,0.20252825234763336,2.4549887389825287,0.06126610436555751,0.02221850286622871,0.057663776334443306,0.5675780209217063,0.9305816743108617,0.9747416754989601,Information Technology Services,Technology,EPAM
2016Q1,2016,Q1,2016-05-09,2016-03-31,23899000.0,264482000.0,30331000.0,0.45,97101000.0,0.36713651590656454,807865000.0,657622000.0,552238000.0,107544000.0,150243000.0,0.0,368953000.0,3712144380.0,3507383380.0,13.228104759222754,5.134995908651343,0.0496568114722138,0.0610016088269553,0.03434155770660075,13.228104759222754,0.03634154575120662,14.035527483911949,38.83158688648061,5.64479956570796,0.0,0.0,0.0,0.32738390696465375,4.839024027374842,0.02958291298669951,793.8717664670659,0.36713651590656454,-0.13461538461538464,-0.15410903395548187,0.2526668737038724,1.9966851918565915,-0.04767462387948451,-0.13528475287647443,-0.04514402644419959,0.6989323853578114,0.9195398711240709,0.9534033608174087,Information Technology Services,Technology,EPAM
2015Q4,2015,Q4,2016-02-23,2015-12-31,27638000.0,260253000.0,31765000.0,0.52,101962000.0,0.3917803060867694,778536000.0,613223000.0,528935000.0,127911000.0,165313000.0,0.0,345054000.0,3880683200.0,3746415200.0,12.423480551053485,4.135179929794935,0.044956174152511894,0.05707548477470675,0.0389931876196301,12.423480551053485,0.04507006423438129,14.911194875755514,35.10278601924887,6.328339282773151,0.0,0.0,0.0,0.33428511976324793,3.9926042326305007,0.03549996403506068,480.34202252754056,0.3917803060867694,0.18181818181818185,-0.17469735399005815,0.2770512968689481,2.2145889538884935,0.16434852118305357,0.20832422506885848,0.14361319124423963,0.6162065747657082,0.8183316609849297,0.8787975652414056,Information Technology Services,Technology,EPAM
2015Q3,2015,Q3,2015-11-06,2015-09-30,22873000.0,236049000.0,27776000.0,0.44,87570000.0,0.37098229604870175,703728000.0,572868000.0,500060000.0,112368000.0,130860000.0,0.0,317416000.0,3654684360.0,3485241360.0,11.680933058744367,4.450199345009255,0.0213150535434145,0.02618404239720145,0.03769119251194753,11.680933058744367,0.03992717345007925,15.482736042092956,39.9453980675906,6.379627348708603,0.0,0.0,0.0,0.3354264715912966,4.251619678200199,0.03250261464656799,72.84601076340442,0.37098229604870175,0.1891891891891892,0.3181862799573281,0.39670585016169385,0.0,0.04842861418736905,0.18938172741927098,0.17665000423621113,0.42426156942492904,0.8780536612425,0.8922026948387449,Information Technology Services,Technology,EPAM
2015Q2,2015,Q2,2015-08-07,2015-06-30,19231000.0,217781000.0,23606000.0,0.37,83525000.0,0.3835274886238928,636493000.0,544060000.0,456966000.0,90001000.0,92433000.0,0.0,294543000.0,3460638320.0,3284921320.0,11.19833690103738,5.077343585071277,0.0,0.0,0.03414100269820775,11.19833690103738,0.03534720435246112,15.890451049448759,44.98775830690032,6.360765944932544,0.0,0.0,0.0,0.3421577299357573,4.838835124054177,0.030214000782412376,-1072.4010907964052,0.3835274886238928,0.2758620689655173,-0.08615270105966634,0.5376948854277519,0.0,0.12631138919604087,0.3069865434280277,0.034443470639789656,0.26213310738664136,0.8342678479193575,0.9605836618697092,Information Technology Services,Technology,EPAM
2015Q1,2015,Q1,2015-05-07,2015-03-31,14714000.0,200045000.0,22820000.0,0.29,74158000.0,0.3707065910170212,609534000.0,487831000.0,433815000.0,117597000.0,121703000.0,0.0,275312000.0,2934932940.0,2742569940.0,10.187340767656517,3.6889971682951095,0.0,0.0,0.0377688090211022,10.187340767656517,0.03016208482035787,14.671363643180284,49.866333763762405,6.016290354651509,0.0,0.0,0.0,0.32819334114257775,3.5511790266758507,0.024139752663510157,861.4420135016143,0.3707065910170212,-0.21621621621621626,0.6522104647219705,0.7047431880248765,0.0,-0.08128197822074108,-0.20132443141725018,-0.049760566312721216,-0.23310392901934285,0.3365621594278618,0.36113982823949636,Information Technology Services,Technology,EPAM
2014Q4,2014,Q4,2015-03-02,2014-12-31,18423000.0,202184000.0,24015000.0,0.37,80719000.0,0.3992353499782376,594026000.0,464050000.0,415087000.0,125413000.0,129976000.0,0.0,260598000.0,2273855000.0,2053321000.0,9.744855102897942,3.3097605511390364,0.0,0.0,0.038784746010947696,9.744855102897942,0.03970046331214309,11.246463617299094,30.85619877327254,4.9000215494020045,0.0,0.0,0.0,0.3403622063680714,3.2474145423520686,0.03101379400901644,51.01761274399821,0.3992353499782376,-0.026315789473684233,-0.4297664875593287,0.02835992122952917,1.5214917383489035,0.14894313571987758,-0.03240546218487395,0.09983970689260362,-0.46504748102712357,-0.23570888347599359,0.7554455525728692,Information Technology Services,Technology,EPAM
2014Q3,2014,Q3,2014-11-10,2014-09-30,19040000.0,192764000.0,21835000.0,0.38,70255000.0,0.364461206449337,565031000.0,445700000.0,401940000.0,84068000.0,119331000.0,0.0,242204000.0,2071923850.0,1880677850.0,9.41984571488957,4.7811295617833185,0.0,0.0,0.04168273781986391,9.41984571488957,0.04271931792685663,10.748499979249237,27.204882484243697,4.6486960960287185,0.0,0.0,0.0,0.341156502917539,4.51446448113432,0.03369726616769699,114.06759799603611,0.364461206449337,0.2666666666666667,0.13736218616542634,0.18224340760828314,0.0,0.0876565572120818,0.28527068988794385,0.18180342065382118,-0.5060316637861779,-0.1927594558059499,0.9509843856574098,Information Technology Services,Technology,EPAM
2014Q2,2014,Q2,2014-08-11,2014-06-30,14814000.0,174695000.0,18476000.0,0.3,64593000.0,0.36974727382008643,537964000.0,426647000.0,374839000.0,77643000.0,111317000.0,0.0,223164000.0,2059225000.0,1884150000.0,9.064481176170647,4.827724328014116,0.0,0.0,0.034863434808305706,9.064481176170647,0.034721912963175644,11.787544005266321,34.75133319832591,4.826531066666354,0.0,0.0,0.0,0.3247336252983471,4.565975039604343,0.027537158620279424,149.68561459620557,0.36974727382008643,-0.14285714285714282,-0.273372837751184,0.27320454599964394,0.0,0.1150181253236665,-0.14685556323427781,-0.15468728553781397,-0.35143900292107044,-0.21043564784651467,1.2180045756451072,Information Technology Services,Technology,EPAM
2014Q1,2014,Q1,2014-05-07,2014-03-31,17364000.0,160384000.0,21857000.0,0.35,57930000.0,0.3611956304868316,458637000.0,396280000.0,352264000.0,60455000.0,62357000.0,0.0,208350000.0,1539621300.0,1365555300.0,8.46806419214907,5.8268794971466376,0.0,0.0,0.04435527779598881,8.46806419214907,0.04381750277581508,9.599594099162012,22.166858154803037,3.885185474916725,0.0,0.0,0.0,0.34969703709033506,5.488164750640973,0.037860006933588,122.747452762497,0.3611956304868316,-0.0789473684210527,0.9951471972071692,0.39856563214206275,0.0,-0.033823676573601524,-0.0743643051335359,-0.05756295274232494,-0.34710231321120355,-0.1930229044615308,0.918349077981992,Information Technology Services,Technology,EPAM
2013Q4,2013,Q4,2014-03-11,2013-12-31,18759000.0,157585000.0,23192000.0,0.38,59958000.0,0.3804803756702732,432877000.0,376101000.0,330968000.0,54664000.0,56776000.0,0.0,190986000.0,1625828080.0,1456621080.0,8.08263130748732,6.054588028684326,0.0,0.0,0.04962081158134268,8.08263130748732,0.04987755948535101,10.3171499825491,21.66730742576896,4.322849660064716,0.0,0.0,0.0,0.3640410555423365,5.821344943655788,0.04333563575796358,36.17292039336092,0.3804803756702732,0.11764705882352934,-0.40579029592261284,-0.17974118613917506,1.0913895435847731,0.16172908876014802,0.14126665449899617,0.14641621354424122,-0.40579029592261284,-0.17974118613917506,1.0913895435847731,Information Technology Services,Technology,EPAM
2013Q3,2013,Q3,2013-11-08,2013-09-30,16437000.0,140150000.0,20230000.0,0.34,51611000.0,0.36825544059935783,405464000.0,351612000.0,305196000.0,52115000.0,53852000.0,0.0,172227000.0,1592589000.0,1469610000.0,7.6169143451323595,5.856202628801689,0.0,0.0,0.04645819229496137,7.6169143451323595,0.04674755127811338,11.363460577952194,24.222622741376163,4.52939319477151,0.0,0.0,0.0,0.34565337489888126,5.322747769356232,0.04053874080066294,142.92282150228843,0.36825544059935783,0.17241379310344845,0.006395356001533398,-0.11897485992263436,0.0,0.03976872091383444,0.1642583935401615,0.1536926147704591,0.006395356001533398,-0.11897485992263436,0.0,Information Technology Services,Technology,EPAM
2013Q2,2013,Q2,2013-08-14,2013-06-30,14118000.0,133184000.0,17535000.0,0.29,49637000.0,0.37269491830850554,374517000.0,325233000.0,273469000.0,47340000.0,49284000.0,0.0,155790000.0,1171719360.0,1064244360.0,7.1501780767708745,5.7767004647232785,0.0,0.0,0.043657854677066614,7.1501780767708745,0.04340887917277767,8.797748678519943,20.748678283042924,3.6027074743337857,0.0,0.0,0.0,0.35561536592464427,5.288677651035066,0.037696553160470686,710.5635900545785,0.37269491830850554,0.07407407407407393,-0.28342696187571537,0.004425563793099466,0.0,0.0729772378461339,0.11340694006309149,0.12866889804325438,-0.28342696187571537,0.004425563793099466,0.0,Information Technology Services,Technology,EPAM
2013Q1,2013,Q1,2013-05-10,2013-03-31,12680000.0,124198000.0,15536000.0,0.27,46261000.0,0.37247781767822347,356746000.0,303459000.0,255397000.0,48367000.0,53287000.0,0.0,141672000.0,1041879000.0,939073000.0,6.771824511291618,5.280397791882895,0.0,0.0,0.0414355015763374,6.771824511291618,0.04178488692047361,8.388854892993447,20.541778391167195,3.4333435488813975,0.0,0.0,0.0,0.34814125456206935,4.813467860317985,0.03554349593268039,-67.509816626709,0.37247781767822347,-0.15624999999999997,0.5214865036039033,0.13099347402858327,0.0,-0.0413022754590293,-0.15461030735382358,-0.1672384219554031,0.5214865036039033,0.13099347402858327,0.0,Information Technology Services,Technology,EPAM
2012Q4,2012,Q4,2013-03-11,2012-12-31,14999000.0,125538000.0,18656000.0,0.32,48254000.0,0.38437763864327934,350814000.0,286280000.0,250955000.0,59352000.0,64534000.0,0.0,128992000.0,783621400.0000001,665509400.0000001,6.612463620825056,4.2282484162286025,0.0,0.0,0.05133610157769968,6.612463620825056,0.05239276233058544,6.2421051793082585,13.061227415161012,2.737255134833031,0.0,0.0,0.0,0.35784774837948313,3.9828312441029787,0.04275485014851175,24.1746537097023,0.38437763864327934,0.06666666666666674,-0.48935819288473004,-0.2976796674281017,0.7109820735133076,0.17752995436687083,0.06640597227159616,0.1147227533460803,-0.48935819288473004,-0.2976796674281017,0.7109820735133076,Information Technology Services,Technology,EPAM
2012Q3,2012,Q3,2012-11-13,2012-09-30,14065000.0,110078000.0,16736000.0,0.3,40979000.0,0.3722723886698523,312720000.0,265151000.0,237672000.0,46072000.0,47569000.0,0.0,113993000.0,799336720.0,693451720.0,6.173193332091637,5.158708109046709,0.0,0.0,0.053521748095386276,6.173193332091637,0.05304524591647778,7.261548356619851,14.207904728048348,3.0146472010288474,0.0,0.0,0.0,0.35200179073931953,4.733764542455288,0.04497633665899207,-268.2337986577181,0.3722723886698523,0.03448275862068969,-0.07447739358047183,-0.2563014151376013,0.0,0.02455184138810411,0.05585166278807897,-0.00558526440879382,-0.07447739358047183,-0.2563014151376013,0.0,Information Technology Services,Technology,EPAM
2012Q2,2012,Q2,2012-08-09,2012-06-30,13321000.0,103800000.0,16830000.0,0.29,39997000.0,0.3853275529865125,287994000.0,242606000.0,224772000.0,43901000.0,45388000.0,0.0,99928000.0,721650249.9999999,616720249.9999999,5.711736315479694,5.119974488052664,0.0,0.0,0.05813418023895467,5.711736315479694,0.05490795775867044,6.952314547206164,13.543469897154868,2.9745770920752164,0.0,0.0,0.0,0.36042417550365635,4.781963964374388,0.04625443585630256,1149.1246019108278,0.3853275529865125,0.07407407407407393,-0.2759501406055851,-0.1616846540858324,0.0,0.16922942001870908,0.1010000826514588,0.2209808473592571,-0.2759501406055851,-0.1616846540858324,0.0,Information Technology Services,Technology,EPAM
2012Q1,2012,Q1,2012-05-09,2012-03-31,12099000.0,94383000.0,13784000.0,0.27,34208000.0,0.3624381509381986,274610000.0,226007000.0,223105000.0,47109000.0,48603000.0,0.0,86607000.0,619642440.0,506906440.0,7.484418982018081,4.735931562970983,0.0,0.0,0.05145809439419555,7.484418982018081,0.05353374010539497,6.565191189091256,12.803587899826432,2.7416957881835518,0.0,0.0,0.0,0.3436983358217108,4.43507610010826,0.0440588470922399,-71.70957528063882,0.3624381509381986,-0.626656976744186,1.154412478093975,0.27546869107428634,0.0,-0.04283835585774644,-0.023013565891472867,-0.10650158812471641,1.154412478093975,0.27546869107428634,0.0,Information Technology Services,Technology,EPAM
2011Q4,2011,Q4,2011-12-31,2011-12-31,12384000.0,95127000.0,15427000.0,0.7231955150665732,35739000.0,0.37569775142703965,235613000.0,95059000.0,183563000.0,53127000.0,140554000.0,0.0,74508000.0,239736000.0,150940000.0,5.55121466946975,3.4551734522935607,0.0,0.0,0.1309390228058048,5.55121466946975,0.13027698587193218,2.520167775710366,4.8396317829457365,2.5219705656487026,0.0,0.0,0.0,0.4037425778713399,3.251510531368231,0.052560767020495475,10.835525423728814,0.37569775142703965,1.1915015608077975,0.06595163536295773,0.3455081434238132,0.43638276598968206,0.02710081618576848,-0.11225806451612903,-0.08667337635427151,0.06595163536295773,0.3455081434238132,0.43638276598968206,Information Technology Services,Technology,EPAM
2011Q3,2011,Q3,2011-09-30,2011-09-30,13950000.0,86423000.0,16891000.0,0.33,34796000.0,0.40262430140124733,209758000.0,82679000.0,159429000.0,39809000.0,127079000.0,0.0,79687000.0,239736000.0,172337000.0,4.828252744685821,4.004848149915849,0.0,0.0,0.1903125915641201,4.828252744685821,0.1687248273443075,2.7739837774666465,4.296344086021506,2.8995996565028603,0.0,0.0,0.0,0.4120128910458719,3.8117762315054384,0.06650521076669305,20.767151767151766,0.40262430140124733,-0.19064878579195363,1.3025001863137662,0.4645490939613747,0.0,0.10956632653061224,0.6853932584269663,0.5527670527670527,1.3025001863137662,0.4645490939613747,0.0,Information Technology Services,Technology,EPAM
2011Q2,2011,Q2,2011-06-30,2011-06-30,8277000.0,80176000.0,10878000.0,0.4077339901477833,31360000.0,0.3911394931151467,200908000.0,69704000.0,152524000.0,44885000.0,131204000.0,0.0,65737000.0,238784000.0,180451000.0,4.086772983114447,3.398106271582934,0.02488701296115635,0.07173189486973489,0.11367092436993803,4.086772983114447,0.11874497876735912,2.978247854719617,7.212274978857074,3.425685756914955,0.0,0.0,0.0,0.3990682302347343,3.134878021610783,0.041197961255898224,24.58142886555487,0.3911394931151467,-0.10333743073208526,0.12036826994144056,0.6125405643340679,0.0,0.14884419533282045,-0.1503797988092794,-0.07907213003725025,0.12036826994144056,0.6125405643340679,0.0,Information Technology Services,Technology,EPAM
2011Q1,2011,Q1,2011-03-31,2011-03-31,9742000.0,72802000.0,11812000.0,0.454724,27297000.0,0.3749484904260872,180273000.0,75669000.0,134595000.0,33419000.0,104604000.0,0.0,57460000.0,239988000.0,191357000.0,4.414245712285615,4.027499326730303,0.0,0.0,0.12816983533708928,4.414245712285615,0.1287449285704846,3.296447899782973,6.1585916649558605,3.1715497759980966,0.0,0.0,0.0,0.4038430602475135,3.6898470929710645,0.054040261159463705,-40.29348556077905,0.3749484904260872,-0.3297610655202063,2.055834378920954,0.7330921036970027,0.0,-0.10936735293158015,-0.16233877901977645,-0.08077821011673152,2.055834378920954,0.7330921036970027,0.0,Information Technology Services,Technology,EPAM
2010Q4,2010,Q4,2010-12-31,2010-12-31,11630000.0,70774000.0,12850000.0,0.6784505891961264,30649000.0,0.43305451154378727,170858000.0,66249000.0,128247000.0,35727000.0,104609000.0,0.0,47718000.0,239988000.0,185984000.0,3.8647182359117958,3.5896380888403727,0.0,0.0,0.1854196270027911,3.8647182359117958,0.17554981961991878,3.390906265012575,5.158813413585555,3.6225150568310465,0.0,0.0,0.0,0.4142270189279987,2.7442830352394547,0.06806822039354318,14.741277641277641,0.43305451154378727,0.9175597691673536,0.0,0.0,0.0,0.4021868423460518,0.9175597691673537,0.7388362652232747,0.0,0.0,0.0,Information Technology Services,Technology,EPAM
2010Q3,2010,Q3,2010-09-30,2010-09-30,6065000.0,59072000.0,7390000.0,0.3538093571345234,21858000.0,0.37002302275189597,,,,,,,,239988000.0,,,0.0,0.0,0.0,0.0,,0.0,4.06263542795233,9.892333058532564,0.0,0.0,0.0,0.0,0.0,0.0,0.0,77.39051918735892,0.37002302275189597,-0.18316498316498322,0.0,0.0,0.0,0.0424456314383823,-0.18316498316498317,-0.16051346132000455,0.0,0.0,0.0,Information Technology Services,Technology,EPAM
2010Q2,2010,Q2,2010-06-30,2010-06-30,7425000.0,49971000.0,8803000.0,0.43314665733286667,20968000.0,0.41960336995457365,,,,,,,,239988000.0,,,0.0,0.0,0.0,0.0,,0.0,4.802545476376299,8.08040404040404,0.0,0.0,0.0,0.0,0.0,0.0,0.0,-82.81159420289855,0.41960336995457365,1.9108340266312736,0.0,0.0,0.0,0.32532709689652994,1.3290464240903388,1.349346143581532,0.0,0.0,0.0,Information Technology Services,Technology,EPAM
2010Q1,2010,Q1,2010-03-31,2010-03-31,3188000.0,42007000.0,3747000.0,0.148805,15821000.0,0.37662770490632513,,,,,,,,239988000.0,,,0.0,0.0,0.0,0.0,,0.0,5.713047825362439,18.819636135508155,0.0,0.0,0.0,0.0,0.0,0.0,0.0,-54.8544,0.37662770490632513,0.0,0.0,0.0,0.0,0.0,0.0,0.0,0.0,0.0,0.0,Information Technology Services,Technology,EPAM
