Quarters,Year,Quarter,FillingDate,Date,NetIncome,Revenue,OperatingIncome,EPSDiluted,GrossProfit,GrossProfitRatio,TotalAssets,CommonStockEquity,CurrentAssets,CurrentLiability,TotalLiability,Inventory,RetainedEarnings,MarketCap,EnterpriseValue,bookValuePerShare,currentRatio,debtToAssets,debtToEquity,roic,shareholdersEquityPerShare,roe,priceToSalesRatio,peRatio,pbRatio,payoutRatio,inventoryTurnover,dividendYield,assetTurnover,quickRatio,returnOnAssets,priceToFreeCashFlowsRatio,grossProfitMargin,epsdilutedGrowth,fiveYNetIncomeGrowthPerShare,fiveYRevenueGrowthPerShare,fiveYShareholdersEquityGrowthPerShare,grossProfitGrowth,netIncomeGrowth,operatingIncomeGrowth,threeYNetIncomeGrowthPerShare,threeYRevenueGrowthPerShare,threeYShareholdersEquityGrowthPerShare,Industry,Sector,Symbol
2023Q1,2023,Q1,2023-04-26,2023-03-31,2086000000.0,6716000000.0,2942000000.0,1.03,4282000000.0,0.637581894,165357000000.0,42896000000.0,13549000000.0,25377000000.0,112378000000.0,1915000000.0,27862000000.0,155962443884.36,224328443884.36,21.200127400232216,0.5339086574457186,0.42720296086648885,1.6467969041402462,0.02130510361834778,21.200127400232216,0.04862924281984334,23.222519935134006,18.69156805900767,3.635827207300448,0.4458293384467881,1.271018276762402,0.00596297401372832,0.04061515387918262,0.2445915592859676,0.012615129689096923,-251.1472526318196,0.6375818939845146,0.35526315789473684,-0.5609524691274016,0.6202828176630568,0.22234615695181514,0.26089517078916374,0.37056504599211565,0.4386308068459658,3.7942673759216037,0.4086959809386782,0.14017014158723495,Utilities—Regulated Electric,Utilities,NEE
2022Q4,2022,Q4,2023-02-17,2022-12-31,1522000000.0,6164000000.0,2045000000.0,0.76,3396000000.0,0.5509409474,158935000000.0,39229000000.0,13490000000.0,26695000000.0,109499000000.0,1934000000.0,26707000000.0,166113200000.0,229478200000.0,19.742828384499244,0.505338078291815,0.4087582974171831,1.6560707639756302,0.01558081464999415,19.742828384499244,0.03879782813734737,26.94892926670993,27.285348226018396,4.234449004562951,0.5551905387647832,1.4312306101344363,0.005086892552789303,0.038783150344480447,0.2507585690204158,0.009576241859879825,-76.54986175115208,0.5509409474367294,-0.11627906976744183,-0.33034608948887023,0.4574755863235722,0.318614885011223,-0.04633529907329402,-0.10259433962264151,0.09828141783029001,0.5366714412914715,0.32254422710126723,0.04356093284908849,Utilities—Regulated Electric,Utilities,NEE
2022Q3,2022,Q3,2022-11-03,2022-09-30,1696000000.0,6719000000.0,1862000000.0,0.86,3561000000.0,0.5299895818,156409000000.0,38629000000.0,12891000000.0,27793000000.0,109663000000.0,1791000000.0,26029000000.0,154631813933.43,216948813933.43,19.587818398767286,0.46382182563954955,0.4144582472875602,1.6781433637940408,0.0149093560287397,19.587818398767286,0.043904838333894226,23.014111316182465,22.79360464820607,4.002998108504751,0.49292452830188677,1.7632607481853713,0.005406390694995685,0.04295788605515028,0.28197747634296405,0.010843365790971107,366.4260993683175,0.5299895817830034,0.22857142857142862,0.9064179459379678,0.3305030120553001,0.3932149339164125,0.3607183798242262,0.2289855072463768,0.9641350210970464,0.9128431246167289,0.19546238254419904,0.04657341775879922,Utilities—Regulated Electric,Utilities,NEE
2022Q2,2022,Q2,2022-07-27,2022-06-30,1380000000.0,5183000000.0,948000000.0,0.7,2617000000.0,0.5049199305,151770000000.0,36439000000.0,14332000000.0,26821000000.0,107163000000.0,1642000000.0,25169000000.0,152191795515.18,212913795515.18,18.546104475904354,0.5343574065098244,0.41894313764248536,1.7449161612557973,0.00749745503750369,18.546104475904354,0.03787151129284558,29.363649530229594,27.57097744840217,4.176618335167815,0.605072463768116,1.5627283800243605,0.005486498120174389,0.034150359096000525,0.2979754669848253,0.009092706068392962,251.14157675772276,0.504919930542157,2.9999999999999996,0.6576971373776692,0.12107117715475521,0.3388447557317978,3.631858407079646,2.9913419913419914,2.281081081081081,0.0903225819811847,0.01675402515558033,0.01767166239021422,Utilities—Regulated Electric,Utilities,NEE
2022Q1,2022,Q1,2022-04-22,2022-03-31,-693000000.0,2890000000.0,-740000000.0,-0.35,565000000.0,0.1955017301,144945000000.0,35887000000.0,10988000000.0,22423000000.0,100693000000.0,1586000000.0,24625000000.0,166412770095.25998,224628770095.25998,18.267755342692833,0.49003255585782457,0.4118320742350547,1.663359991083122,-0.005100141063922723,18.267755342692833,-0.019310613871318303,57.582273389363316,-60.03346684533189,4.6371323904271735,-1.2063492063492063,1.465952080706179,0.005023652929528466,0.01993859739901342,0.25723587387949876,-0.0047811238745731136,-492.3454736546153,0.19550173010380623,-1.7291666666666667,-1.4167177102801691,-0.3074067711972853,0.3397930145050633,-0.792508262945281,-1.727177334732424,-1.3580067731011127,-1.9925050517431542,-0.3093172114888954,0.021149696769705097,Utilities—Regulated Electric,Utilities,NEE
2021Q4,2021,Q4,2022-02-18,2021-12-31,953000000.0,5046000000.0,2067000000.0,0.48,2723000000.0,0.5396353547,140912000000.0,37202000000.0,9288000000.0,17437000000.0,95488000000.0,1561000000.0,25911000000.0,184271213133.12,238459213133.12,18.848189366892207,0.5326604347078052,0.38908680594981265,1.4737648513520778,0.01758806638181189,18.848189366892207,0.025616902317079727,36.518274501212844,48.33977259525708,4.953260930410193,0.7943336831059811,1.4881486226777707,0.004108075195951161,0.03580958328602248,0.2722371967654987,0.006763086181446576,-140.98792129542463,0.5396353547364249,1.0869565217391304,-0.062461697518390494,0.2967420218623738,0.452449754169974,0.3110255175734232,1.1319910514541387,4.453825857519789,1.2571521170044817,0.11702056509787427,0.05546327523131141,Utilities—Regulated Electric,Utilities,NEE
2021Q3,2021,Q3,2021-10-25,2021-09-30,447000000.0,4370000000.0,379000000.0,0.23,2077000000.0,0.47528604118993134,139163000000.0,36649000000.0,9572000000.0,20456000000.0,94516000000.0,1744000000.0,25464000000.0,154919960000.0,209568960000.0,18.57526609224531,0.4679311693390692,0.3976703577818817,1.510027558732844,0.004521602764073791,18.57526609224531,0.012196785724030669,35.45079176201373,86.64427293064877,4.227126524598216,1.691275167785235,1.3147935779816513,0.00487993929252241,0.03140202496353197,0.2224286272976144,0.0032120606770477786,158.56700102354145,0.47528604118993134,0.769921875,-0.44059619688302043,-0.1429603537633178,0.4446076659721354,0.06077630234933606,0.74609375,-0.2568627450980392,-0.5742409318249193,-0.051272302842562054,0.02627097842359643,Utilities—Regulated Electric,Utilities,NEE
2021Q2,2021,Q2,2021-07-26,2021-06-30,256000000.0,3927000000.0,510000000.0,0.1299492385786802,1958000000.0,0.49859943977591037,135013000000.0,36932000000.0,8061000000.0,16818000000.0,89899000000.0,1596000000.0,25773000000.0,144361600000.0,196799600000.0,18.747208121827413,0.4793078844095612,0.3949397465429255,1.4437885844254306,-0.00598311432180291,18.747208121827413,0.00693165818260587,36.76129360835243,140.978125,3.9088486948987327,2.953125,1.2337092731829573,0.0052368496885598385,0.02908608800634013,0.2548459983351171,0.0018961137075689009,427.10532544378697,0.49859943977591037,-0.8452985255015711,-0.5518991771987215,-0.02754776860106197,0.5063689670664526,0.0693610049153468,-0.8463385354141657,-0.23766816143497757,-0.6919794400280944,-0.07683340548133519,0.06984158519643792,Utilities—Regulated Electric,Utilities,NEE
2021Q1,2021,Q1,2021-04-23,2021-03-31,1666000000.0,3726000000.0,669000000.0,0.84,1831000000.0,0.4914117015566291,132441000000.0,37378000000.0,8237000000.0,15783000000.0,86711000000.0,1604000000.0,26273000000.0,148304860986.6,199510860986.6,19.05635837692033,0.5218906418298169,0.39767141595125377,1.409064155385521,0.00636695935375212,19.05635837692033,0.04457167317673498,39.802700211111116,22.254631000390155,3.967704558472899,0.4531812725090036,1.18142144638404,0.0050908648238321575,0.028133281989716177,0.30083000696952417,0.012579186203668049,-520.3679332863159,0.4914117015566291,330.28263426107407,1.4650320158477523,-0.08571379908829414,0.5351744786722795,-0.24463696369636964,334.2,-0.28829787234042553,-0.6382784277521237,-0.07268952122655058,0.09874181356428778,Utilities—Regulated Electric,Utilities,NEE
2020Q4,2020,Q4,2021-02-12,2020-12-31,-5000000.0,4395000000.0,940000000.0,-0.002551,2424000000.0,0.5515358361774744,127684000000.0,36513000000.0,7382000000.0,15558000000.0,82755000000.0,1552000000.0,25363000000.0,151214000000.0,198200000000.0,18.62908163265306,0.4744825813086515,0.3766407693994549,1.3170925423821653,0.00938227244312063,18.62908163265306,-0.00013693752909922494,34.40591581342434,-7560.700000000001,4.14137430504204,-137.2,1.2699742268041236,0.004536616979909267,0.03442091413176279,0.26218022882118525,-3.915917421133423e-05,-150.7617148554337,0.5515358361774744,-1.004066394936055,-1.0092782675200256,0.016192616146974925,0.5217518619036169,-0.11918604651162791,-1.0040683482506103,-0.06746031746031746,-1.0022302192338652,0.05351162909053901,0.24422822589046972,Utilities—Regulated Electric,Utilities,NEE
2020Q3,2020,Q3,2020-10-23,2020-09-30,1229000000.0,4785000000.0,1008000000.0,0.627337,2752000000.0,0.5751306165099268,126382000000.0,37287000000.0,9026000000.0,15712000000.0,84320000000.0,1414000000.0,26054000000.0,135940153464.36,182275153464.36,19.032970495199088,0.5744653767820774,0.38214302669683975,1.2952503553517312,0.01056448798335969,19.032970495199088,0.03296054925309089,28.40964544709718,27.65259427672091,3.6457787825343955,0.5581773799837266,1.4377652050919378,0.005046338278409047,0.03786140431390546,0.3333757637474542,0.009724486081878748,115.10597245077054,0.5751306165099268,-0.031139768339768236,0.30018064544855927,-0.10181328146263408,0.5536130426561059,0.07123394316854807,-0.03607843137254902,-0.15008431703204048,0.39065909600833426,-0.04617282544472628,0.3537504887410337,Utilities—Regulated Electric,Utilities,NEE
2020Q2,2020,Q2,2020-07-24,2020-06-30,1275000000.0,4204000000.0,1186000000.0,0.6475,2569000000.0,0.6110846812559467,121961000000.0,37073000000.0,7581000000.0,12365000000.0,80387000000.0,1367000000.0,25511000000.0,117611249000.0,163146249000.0,18.926383500102105,0.613101496158512,0.38163019325850067,1.2554689396595906,0.012186771936092099,18.926383500102105,0.03439160575081596,27.97603449096099,23.061029215686272,3.172423299975723,0.5380392156862746,1.1960497439648865,0.005832775400591146,0.03447003550315265,0.3134654266073595,0.010454161576241586,-2100.200875,0.6110846812559467,2.011627906976744,0.6199990759363561,-0.12240713072028168,0.5805987157738284,-0.13268062120189061,2.0285035629453683,-0.4013124684502776,0.5362430764801572,-0.08790864747495038,0.3662971287044319,Utilities—Regulated Electric,Utilities,NEE
2020Q1,2020,Q1,2020-04-23,2020-03-31,421000000.0,4613000000.0,1981000000.0,0.215,2962000000.0,0.6420984175157165,120637000000.0,36403000000.0,9725000000.0,13722000000.0,79762000000.0,1371000000.0,24922000000.0,117771471031.0,161642471031.0,18.593827909507823,0.7087159306223583,0.3913061498545222,1.2967612559404444,0.09996760852087595,18.593827909507823,0.011564980908166909,25.530342733795795,69.93555286876484,3.2352133349174523,1.6270783847980999,1.2042304886943838,0.005816349188842968,0.038238682991122125,0.4340475149395132,0.0034898082677785425,1154.6222650098039,0.6420984175157165,-0.5678391959798994,-0.4067937524134721,0.02946854067164909,0.6476726926640528,0.19967598217901986,-0.5682051282051283,1.258836944127708,-0.7459761938442312,0.1092960148425902,0.36370781624424947,Utilities—Regulated Electric,Utilities,NEE
2019Q4,2019,Q4,2020-02-14,2019-12-31,975000000.0,4588000000.0,877000000.0,0.4975,2469000000.0,0.5381429816913688,117691000000.0,37005000000.0,7408000000.0,13853000000.0,76331000000.0,1328000000.0,25199000000.0,118416240000.0,160399240000.0,18.91871165644172,0.5347578141918718,0.36182036009550433,1.1507363869747331,0.008977071687530551,18.91871165644172,0.0263477908390758,25.809991281604184,30.363138461538462,3.2000064856100523,0.6266666666666667,1.595632530120482,0.005159765248415251,0.03898343968527755,0.24593950768786543,0.008284405774443246,208.47929577464788,0.5381429816913688,0.10655637432077451,0.011087743594370276,-0.09821841452959978,0.7033142750995901,-0.28289282602381643,0.10921501706484642,-0.4494664155681105,-0.03210435421667989,0.18975502912921485,0.45788423278889195,Utilities—Regulated Electric,Utilities,NEE
2019Q3,2019,Q3,2019-10-23,2019-09-30,879000000.0,5572000000.0,1593000000.0,0.449593,3443000000.0,0.617910983488873,114222000000.0,36592000000.0,7679000000.0,13314000000.0,74048000000.0,1451000000.0,24835000000.0,113879897639.97,154535897639.97,18.71614362298053,0.5767613038906414,0.3658402059147975,1.1419709226060342,0.018947206319449718,18.71614362298053,0.024021644075207696,20.437885434309045,32.389049385656996,3.112152865106308,0.6825938566552902,1.467263955892488,0.005268708634573006,0.04878219607431143,0.3350608382154123,0.007695540263697011,183.67725425801612,0.617910983488873,-0.29751093749999996,0.18932841738870926,0.0691572497156656,0.7372175498108954,0.1491989319092123,-0.28768233387358183,-0.08815111619919863,0.11010503829386256,0.10277748478492187,0.45556378147824284,Utilities—Regulated Electric,Utilities,NEE
2019Q2,2019,Q2,2019-07-24,2019-06-30,1234000000.0,4970000000.0,1747000000.0,0.64,2996000000.0,0.6028169014084507,110552000000.0,34910000000.0,7471000000.0,14412000000.0,72126000000.0,1427000000.0,24554000000.0,97705178000.0,138403178000.0,18.224055126331177,0.5183874548986955,0.37735183443085607,1.1949871097106846,0.020560395076246255,18.224055126331177,0.035348037811515326,19.65898953722334,19.794403970826583,2.7987733600687483,0.4854132901134522,1.383321653819201,0.006130688385829459,0.04495621969751791,0.28726061615320564,0.011162168029524567,545.8389832402235,0.6028169014084507,0.8156028368794328,1.2853212280089703,0.12397413717659106,0.7260178215319962,0.30658525948539034,0.8147058823529412,0.5392070484581498,1.2213261719024309,0.26568362812440294,0.4643327645384695,Utilities—Regulated Electric,Utilities,NEE
2019Q1,2019,Q1,2019-04-23,2019-03-31,680000000.0,4075000000.0,1135000000.0,0.3525,2293000000.0,0.5626993865030675,109029000000.0,34226000000.0,8222000000.0,17926000000.0,71189000000.0,1410000000.0,23919000000.0,91111367000.0,130352367000.0,17.88939995818524,0.45866339395291755,0.36882847682726616,1.1749254952375388,0.013588109648405367,17.88939995818524,0.019867936656343132,22.358617668711656,33.49682610294118,2.6620512768071056,0.8794117647058823,1.2638297872340425,0.006563396200607988,0.03737537719322382,0.22012718955706795,0.006236872758623852,-21.24303264164141,0.5626993865030675,0.6022727272727272,0.44193169296296486,0.011329537046637342,0.7184801983221599,-0.10778210116731518,0.6625916870415648,0.030881017257039057,0.03150718109341667,0.02513887615607333,0.44116466070603144,Utilities—Regulated Electric,Utilities,NEE
2018Q4,2018,Q4,2019-02-15,2018-12-31,409000000.0,4376000000.0,1101000000.0,0.22,2570000000.0,0.5872943327239488,103702000000.0,34144000000.0,6393000000.0,17563000000.0,66289000000.0,1223000000.0,23837000000.0,83085960000.0,120159960000.0,17.85774058577406,0.3640038717758925,0.3636574029430483,1.1044985941893157,0.016955940066407327,17.85774058577406,0.011978678537956889,18.986736745886656,50.7860391198044,2.4333985473289594,1.2982885085574571,1.4766966475878986,0.006390971470992211,0.04219783610730748,0.20537493594488412,0.003943993365605292,-395.6474285714286,0.5872943327239488,-0.580952380952381,0.13824805189819975,0.09706421383865277,0.722420655168895,0.027588964414234307,-0.5938430983118173,0.13505154639175257,-0.22198427042327912,0.0372003442705383,0.4587434056953738,Utilities—Regulated Electric,Utilities,NEE
2018Q3,2018,Q3,2018-10-23,2018-09-30,1007000000.0,4418000000.0,970000000.0,0.525,2501000000.0,0.5660932548664555,98603000000.0,34252000000.0,8349000000.0,12807000000.0,61265000000.0,1083000000.0,23935000000.0,79002969000.0,111092969000.0,18.0997674910167,0.6519091122042633,0.33048690202123665,0.9513896998715403,0.012801939726685842,18.0997674910167,0.02939974308069602,17.88206631960163,19.61344811320755,2.306521341819456,0.519364448857994,1.7700831024930748,0.006620004369709194,0.04480593896737422,0.28234559225423594,0.01021267101406651,140.3249893428064,0.5660932548664555,0.2804878048780489,0.2923556690947168,-0.09931347939249989,0.7624634298794593,0.07523645743766122,0.26666666666666666,-0.16523235800344235,0.102857023931905,-0.14148413074732683,0.47743805152115254,Utilities—Regulated Electric,Utilities,NEE
2018Q2,2018,Q2,2018-07-25,2018-06-30,795000000.0,4069000000.0,1162000000.0,0.41,2326000000.0,0.5716392233964119,95490000000.0,33021000000.0,5885000000.0,10184000000.0,59318000000.0,1159000000.0,23453000000.0,78687833000.0,110775833000.0,17.52334960730206,0.5778672427336999,0.3410409466959891,0.9862208897368341,0.013340026694727121,17.52334960730206,0.02407558826201508,19.33837134431064,24.744601572327046,2.382963356651828,0.6591194968553459,1.5038826574633304,0.0066592251943194325,0.042611791810660805,0.3308130400628437,0.008325479107759975,345.1220745614035,0.5716392233964119,-0.8240343347639485,0.1748107900762429,-0.04307146841633748,0.7930260721927902,0.026025584472871635,-0.8204607046070461,0.10983763132760267,0.04999857696654329,-0.11705212011492351,0.46342717219103324,Utilities—Regulated Electric,Utilities,NEE
2018Q1,2018,Q1,2018-04-24,2018-03-31,4428000000.0,3863000000.0,1047000000.0,2.33,2267000000.0,0.5868495987574424,94284000000.0,32706000000.0,5612000000.0,9579000000.0,58291000000.0,1205000000.0,23181000000.0,76999719625.08,108648719625.08,17.34380010086449,0.5858649128301493,0.3415107547409953,0.9844982572005136,0.01216513596188736,17.34380010086449,0.13538800220143093,19.932622217209424,4.3473193103590795,2.3542995054448723,0.11811201445347787,1.3244813278008298,0.006792232524307151,0.04097195706588604,0.30681699551101366,0.046964490263459335,38499.85981254,0.5868495987574424,1.0483516483516484,13.66339264612634,0.06115554372451228,0.8182540364732515,0.07695961995249406,1.0547563805104407,3.4364406779661016,5.477634333450392,-0.10496600967564301,0.5369027804439271,Utilities—Regulated Electric,Utilities,NEE
2017Q4,2017,Q4,2018-02-16,2017-12-31,2155000000.0,4010000000.0,236000000.0,1.1375,2105000000.0,0.5249376558603491,97827000000.0,28208000000.0,7157000000.0,11232000000.0,68329000000.0,1273000000.0,18992000000.0,73565490000.0,106932490000.0,14.9723991507431,0.6371972934472935,0.3586024308217568,1.2436542824730572,0.08966766332515992,14.9723991507431,0.07639676687464549,18.345508728179553,8.534279582366588,2.6079654707884288,0.2148491879350348,1.4964650432050275,0.006293711902143247,0.040990728530978154,0.39627849002849,0.02202868328784487,-259.94872791519435,0.5249376558603491,1.541899441340782,3.522045541153821,0.06958559408665564,0.5803577893739293,-0.2647572476423332,1.5442739079102716,-0.8313080771979986,1.3201681283924644,-0.1817042829660626,0.3480146887944227,Utilities—Regulated Electric,Utilities,NEE
2017Q3,2017,Q3,2017-10-26,2017-09-30,847000000.0,4808000000.0,1399000000.0,0.4475,2863000000.0,0.5954658901830283,96781000000.0,26398000000.0,7027000000.0,11604000000.0,69460000000.0,1352000000.0,17299000000.0,68790570000.0,102368570000.0,14.05943757988922,0.6055670458462599,0.3612175943625298,1.3243048715811805,0.01599806774488568,14.05943757988922,0.03208576407303584,14.307522878535774,20.30418240850059,2.605900825820138,0.5454545454545454,1.4386094674556213,0.0067160368056261195,0.049679172564862935,0.3559979317476732,0.008751717795848359,75.01697928026172,0.5954658901830283,0.06547619047619054,0.840111432790386,0.12798385757735917,0.4981844197434952,0.12274509803921568,0.06809583858764187,0.088715953307393,0.19333679740093734,-0.039357850768721774,0.30498580243128254,Utilities—Regulated Electric,Utilities,NEE
2017Q2,2017,Q2,2017-07-26,2017-06-30,793000000.0,4404000000.0,1285000000.0,0.42,2550000000.0,0.5790190735694822,92890000000.0,25926000000.0,5947000000.0,8950000000.0,66014000000.0,1313000000.0,16914000000.0,65566827000.0,99448827000.0,13.85231887155375,0.6644692737430168,0.3716654107008289,1.3316361953251563,0.015636613777274287,13.85231887155375,0.03058705546555581,14.888017029972753,20.67050031525851,2.528998958574404,0.5800756620428752,1.4120335110434121,0.007015742884736515,0.047410916137366775,0.3488268156424581,0.00853697922273657,80.74732389162561,0.5790190735694822,-0.5014836795252225,0.18038349857912578,0.08511316779513653,0.4837031963384475,0.11940298507462686,-0.4990524320909665,-0.4656964656964657,0.5031318362055335,0.019386860917675636,0.31196646828071456,Utilities—Regulated Electric,Utilities,NEE
2017Q1,2017,Q1,2017-04-21,2017-03-31,1583000000.0,3972000000.0,2405000000.0,0.8425,2278000000.0,0.5735146022155085,91205000000.0,25497000000.0,5827000000.0,9761000000.0,64736000000.0,1303000000.0,16581000000.0,60012975000.0,93276975000.0,13.63475935828877,0.5969675238192809,0.3712954333643989,1.3281562536769032,0.028446192610317236,13.63475935828877,0.06208573557673452,15.109006797583081,9.477728205938092,2.3537269090481234,0.29058749210360074,1.3000767459708364,0.007665009108446965,0.04355024395592347,0.28275791414814055,0.01735650457759991,-125.5501569037657,0.5735146022155085,0.6359223300970874,2.0482211421346297,0.04596455771704861,0.4868094682230413,0.23401950162513543,0.6387163561076604,1.5971922246220303,2.43427805977366,0.008539898604735054,0.3097736101196731,Utilities—Regulated Electric,Utilities,NEE
2016Q4,2016,Q4,2017-02-23,2016-12-31,966000000.0,3698000000.0,926000000.0,0.515,1846000000.0,0.4991887506760411,89993000000.0,24341000000.0,7409000000.0,10919000000.0,64662000000.0,1289000000.0,15458000000.0,56018621349.075,85566621349.075,12.976827124504084,0.6785419910248192,0.34269332059160157,1.266998069101516,0.01122052451593138,12.976827124504084,0.03968612628897745,15.148356232848837,14.49757281290761,2.301410022146789,0.42132505175983437,1.4367726920093096,0.007265441208626255,0.04109208493993977,0.34169795768843303,0.010734168213083239,462.9638128022727,0.4991887506760411,0.27160493827160487,0.2940629687501736,-0.14508777863176153,0.45547495554231715,-0.32994555353901994,0.28286852589641437,-0.2759968725566849,1.7403669729735074,-0.05498297469319907,0.25164518828365334,Utilities—Regulated Electric,Utilities,NEE
2016Q3,2016,Q3,2016-11-01,2016-09-30,753000000.0,4805000000.0,1279000000.0,0.405,2755000000.0,0.5733610822060354,87864000000.0,23907000000.0,6747000000.0,10456000000.0,62995000000.0,1309000000.0,14899000000.0,56856148140.21999,87852148140.22,12.858346615338814,0.6452754399387911,0.36052308112537557,1.3250094114694442,0.01504147689142066,12.858346615338814,0.03149705107290752,11.83270512803746,18.876543207244353,2.3782217819140836,0.5338645418326693,1.5660809778456837,0.007070475456912381,0.05468678867340435,0.3385615914307575,0.008570062824364927,54.04576819412547,0.5733610822060354,0.3965517241379312,0.6613955776272462,-0.015323661855526539,0.44208339551082715,0.36792452830188677,0.39444444444444443,0.09409751924721985,-0.01639541533562334,-0.002955986565041247,0.25208048608893996,Utilities—Regulated Electric,Utilities,NEE
2016Q2,2016,Q2,2016-07-28,2016-06-30,540000000.0,3817000000.0,1169000000.0,0.29,2014000000.0,0.5276395074665968,85420000000.0,23174000000.0,6512000000.0,11336000000.0,61538000000.0,1254000000.0,14548000000.0,60703448291.600006,92281448291.6,12.445296293069738,0.5744530698659139,0.3782252399906345,1.3941486148269613,0.015022311558852544,12.445296293069738,0.023301976352809183,15.903444666387216,28.10344828314815,2.619463549305256,0.7444444444444445,1.437799043062201,0.006622358553156985,0.044685085460079606,0.3001940719830628,0.006321704518848045,94.40660698538103,0.5276395074665968,-0.15328467153284683,-0.1553197422189912,-0.12573338406357162,0.4104784762802348,-0.04459203036053131,-0.1509433962264151,-0.0526742301458671,-0.19244540735690707,-0.09157033612951918,0.27342895221012264,Utilities—Regulated Electric,Utilities,NEE
2016Q1,2016,Q1,2016-04-29,2016-03-31,636000000.0,3835000000.0,1234000000.0,0.3425,2108000000.0,0.5496740547588005,84637000000.0,22912000000.0,7096000000.0,10587000000.0,61007000000.0,1287000000.0,14375000000.0,54607513841.340004,86387513841.34,12.413154753198821,0.6702559743081137,0.38290582133109635,1.4144553072625698,0.015858584146782356,12.413154753198821,0.027758379888268157,14.239247416255543,21.46521770492925,2.383358669751222,0.6305031446540881,1.3418803418803418,0.007343311786086615,0.04531115233290405,0.27344856899971665,0.007514444037477699,195.02683514764288,0.5496740547588005,0.24569915547052876,1.1496995414176496,0.10846457532030118,0.42165865794564217,0.06626201315123925,0.25443786982248523,0.4102857142857143,1.1517227396418368,0.07627201889630843,0.30134506879180883,Utilities—Regulated Electric,Utilities,NEE
2015Q4,2015,Q4,2016-02-22,2015-12-31,507000000.0,4069000000.0,875000000.0,0.274946,1977000000.0,0.4858687638240354,82479000000.0,22574000000.0,6795000000.0,10107000000.0,59367000000.0,1259000000.0,14140000000.0,47893290000.0,77009290000.0,12.241865509761388,0.672306322350846,0.35993404381721406,1.3150970142641978,0.011279884014734802,12.241865509761388,0.022459466643040667,11.77028508232981,23.61602071005917,2.1216129175157263,0.6982248520710059,1.6616362192216045,0.007391432077437153,0.04933376980807236,0.2805976056198674,0.006147019241261412,67.07743697478992,0.4858687638240354,-0.4301637305699481,0.7479442112121937,0.08100264841651135,0.4154207269428835,-0.25760420578295157,-0.4232081911262799,-0.4091829844699527,0.0869650956418852,0.10886542942074394,0.29214612301190646,Utilities—Regulated Electric,Utilities,NEE
2015Q3,2015,Q3,2015-10-30,2015-09-30,879000000.0,4954000000.0,1481000000.0,0.4825,2663000000.0,0.5375454178441663,79963000000.0,22318000000.0,6657000000.0,10371000000.0,57137000000.0,1344000000.0,13987000000.0,44428212434.475,73511212434.475,12.250779294862072,0.6418860283482789,0.37847504470817755,1.356035487050811,0.019058243956436762,12.250779294862072,0.03938524957433462,8.968149461944893,12.636010362478668,1.9906896870004032,0.39590443686006827,1.7046130952380953,0.007832860719148856,0.061953653564773704,0.33661170571786714,0.010992584070132436,96.58307050972826,0.5375454178441663,0.21383647798742128,0.10144027779657365,-0.04721448835726089,0.4228945550869409,0.18777876895628903,0.2276536312849162,0.29232111692844676,0.9681632015034658,0.19785968063411266,0.305452409812767,Utilities—Regulated Electric,Utilities,NEE
2015Q2,2015,Q2,2015-08-03,2015-06-30,716000000.0,4358000000.0,1146000000.0,0.3975,2242000000.0,0.5144561725562184,77201000000.0,21338000000.0,6346000000.0,9421000000.0,55600000000.0,1278000000.0,13456000000.0,43672365000.0,72895365000.0,11.974186307519641,0.6736015285001592,0.38566857942254634,1.395351016965039,0.016240816317532682,11.974186307519641,0.033555159808791826,10.021194355208811,15.248730796089385,2.046694394976099,0.4776536312849162,1.6557120500782472,0.00783103914798294,0.05645004598386031,0.2855323214096168,0.00927449126306654,54.18407568238214,0.5144561725562184,0.09655172413793112,0.575964279081785,0.11388722460847213,0.44762947184412194,0.11764705882352941,0.10153846153846154,0.015057573073516387,0.11935618002466548,0.12776934670095805,0.28253894981456046,Utilities—Regulated Electric,Utilities,NEE
2015Q1,2015,Q1,2015-05-01,2015-03-31,650000000.0,4104000000.0,1129000000.0,0.3625,2006000000.0,0.48879142300194933,74929000000.0,20235000000.0,6297000000.0,9386000000.0,54465000000.0,1249000000.0,13082000000.0,46643103441.1,75640103441.1,11.284903847889986,0.6708928190922651,0.39325227882395336,1.4561897702001483,0.015774889394132467,11.284903847889986,0.032122559920929085,11.365278616252436,17.939655169653847,2.305070592592043,0.5246153846153846,1.6797437950360288,0.007310834289373736,0.05477185068531543,0.2659279778393352,0.008674878885344793,176.67842212537877,0.48879142300194933,-0.26470588246606336,0.08143018020234512,0.04813886909486302,0.4035811996672184,-0.21209740769835037,-0.2647058823529412,-0.26257348138471587,0.3053145338233771,0.12707117284528008,0.230568244596819,Utilities—Regulated Electric,Utilities,NEE
2014Q4,2014,Q4,2015-02-20,2014-12-31,884000000.0,4664000000.0,1531000000.0,0.49300000007584616,2546000000.0,0.5458833619210978,74929000000.0,19916000000.0,6944000000.0,9663000000.0,54761000000.0,1292000000.0,12773000000.0,47647241371.98,76094241371.98001,11.10700000170877,0.7186174066025044,0.3873533611819189,1.4573207471379794,0.020683883521378735,11.10700000170877,0.044386422976501305,10.215960843048887,13.474898578048643,2.392410191402892,0.3574660633484163,1.6393188854489165,0.006632073356209678,0.06224559249422787,0.2831418814032909,0.011797835284068919,77.34941781165585,0.5458833619210978,0.3146666668689231,1.3498167156948435,0.18040795673696278,0.42076933362368524,0.09930915371329879,0.3393939393939394,0.3164230438521066,0.23878260888623407,0.12791847962421768,0.2457560063483837,Utilities—Regulated Electric,Utilities,NEE
2014Q3,2014,Q3,2014-11-07,2014-09-30,660000000.0,4654000000.0,1163000000.0,0.375,2316000000.0,0.49763644177051997,72193000000.0,18810000000.0,5633000000.0,9572000000.0,53049000000.0,1269000000.0,12204000000.0,40976958887.28,69914958887.28,10.773632597148165,0.5884872544922691,0.40756028977878744,1.564221158958001,0.016978207081087632,10.773632597148165,0.03508771929824561,8.804675308826816,15.521575336090908,2.1784667138373206,0.4772727272727273,1.8423955870764381,0.007687246895664133,0.0644660839693599,0.30254910154617637,0.009142160597287825,55.67521587945652,0.49763644177051997,0.33928571428571414,0.15747134054480136,-0.027429705210622504,0.3809745836118288,0.2266949152542373,0.34146341463414637,0.22292323869610936,0.5507269265225722,0.015640024696994808,0.2082795045474962,Utilities—Regulated Electric,Utilities,NEE
2014Q2,2014,Q2,2014-07-31,2014-06-30,492000000.0,4029000000.0,951000000.0,0.28,1888000000.0,0.468602630925788,71590000000.0,18429000000.0,6099000000.0,9690000000.0,53161000000.0,1178000000.0,11860000000.0,44717874275.76,74045874275.76001,10.55843972118184,0.6294117647058823,0.41835451878754015,1.625156004123935,0.012335951971065198,10.55843972118184,0.026697053556894026,11.099000813045421,22.722497091341467,2.4264948871756475,0.6402439024390244,1.8174872665534805,0.0070441631025996805,0.056278809889649395,0.30072239422084623,0.00687246822181869,60.266676921509436,0.468602630925788,0.142857142857143,0.2372212721052248,-0.01634609967007036,0.4004333638679604,0.2412886259040105,0.14418604651162792,0.2886178861788618,-0.1789730299171396,-0.01550675784579024,0.19663297836647312,Utilities—Regulated Electric,Utilities,NEE
2014Q1,2014,Q1,2014-05-02,2014-03-31,430000000.0,3674000000.0,738000000.0,0.245,1521000000.0,0.4139902014153511,70331000000.0,18160000000.0,6141000000.0,10292000000.0,52171000000.0,1148000000.0,11684000000.0,41701660723.240005,70728660723.24,10.410012274596808,0.596677030703459,0.4196584720820122,1.6252753303964758,0.011417356475780752,10.410012274596808,0.0236784140969163,11.350479238769735,24.24515158327907,2.296346956125551,0.7325581395348837,1.8754355400696865,0.007553656006425016,0.05223869986208073,0.2952778857364944,0.006113946908191267,-429.91402807463925,0.4139902014153511,0.30666666666666664,0.08971390652698072,-0.0852627581212275,0.3960989876057324,-0.038558786346396964,0.3149847094801223,0.153125,0.5378193883851915,0.12360025825120434,0.19224197021205996,Utilities—Regulated Electric,Utilities,NEE
2013Q4,2013,Q4,2014-02-24,2013-12-31,327000000.0,3630000000.0,640000000.0,0.1875,1582000000.0,0.43581267217630854,69306000000.0,18040000000.0,5842000000.0,9189000000.0,51266000000.0,1153000000.0,11569000000.0,37244700000.0,65232700000.0,10.367816091954023,0.6357601480030471,0.41015207918506336,1.575720620842572,0.009986559564378331,10.367816091954023,0.01812638580931264,10.260247933884298,28.474541284403674,2.0645620842572066,0.8746177370030581,1.7762359063313096,0.007678944923707265,0.052376417626179554,0.29676787463271304,0.0047182062159120425,41.42903225806452,0.43581267217630854,-0.5426829268292682,-0.25695670592222314,-0.16134795455132792,0.42829292484996256,-0.2600561272217025,-0.5315186246418339,-0.459915611814346,0.1947554739740395,0.022015215656162653,0.19874064765556493,Utilities—Regulated Electric,Utilities,NEE
2013Q3,2013,Q3,2013-11-01,2013-09-30,698000000.0,4394000000.0,1185000000.0,0.41,2138000000.0,0.4865725989986345,67166000000.0,17409000000.0,5472000000.0,9213000000.0,49757000000.0,1142000000.0,11528000000.0,33971808000.0,62123808000.0,10.26958470976876,0.5939433409312928,0.42744841139862433,1.649146992934689,0.018024814765298554,10.26958470976876,0.04009420414728014,7.731408284023669,12.167553008595988,1.9513934171980007,0.3997134670487106,1.9754816112084064,0.008212692124010592,0.06542000416877587,0.30380983393031585,0.010392162701366763,92.06452032520325,0.4865725989986345,0.14171463260458514,-0.14798433759769178,-0.22936950008028875,0.42602452498401633,0.1831765356945213,0.14426229508196722,0.20795107033639143,-0.06006436474227883,-0.09182444388353635,0.19278421517743846,Utilities—Regulated Electric,Utilities,NEE
2013Q2,2013,Q2,2013-07-31,2013-06-30,610000000.0,3833000000.0,981000000.0,0.359109,1807000000.0,0.4714322984607357,65217000000.0,16601000000.0,4735000000.0,8867000000.0,48616000000.0,1120000000.0,11109000000.0,34070658655.670002,61891658655.67,9.773059008490485,0.5340024811097327,0.43289326402625083,1.700620444551533,0.016257654302570375,9.773059008490485,0.03674477441118005,8.888770846770154,13.963384694946722,2.0523256825293656,0.4557377049180328,1.8089285714285714,0.008159513521871276,0.058773019304782494,0.28544039697755724,0.009353389453670055,81.3142211352506,0.4714322984607357,1.24443125,1.7477840700466738,0.006580961274060825,0.4724963224399833,0.2393689986282579,1.2426470588235294,1.26036866359447,0.408533411817394,0.027772013205080676,0.1815223086914803,Utilities—Regulated Electric,Utilities,NEE
2013Q1,2013,Q1,2013-05-02,2013-03-31,272000000.0,3279000000.0,434000000.0,0.16,1458000000.0,0.444647758462946,63843000000.0,16202000000.0,4045000000.0,8776000000.0,47641000000.0,1098000000.0,10777000000.0,32900958438.4,60609958438.4,9.538711177292436,0.46091613491340017,0.43738546120952965,1.7234909270460437,0.0032784903835984835,9.538711177292436,0.016788050857918776,10.033839108996645,30.239851505882353,2.0306726600666587,1.025735294117647,1.6584699453551912,0.008479996122981273,0.051360368403740427,0.22493163172288058,0.004260451419889416,175.9409542160428,0.444647758462946,-0.3674589243639009,0.026673487772312366,-0.10256311320730033,0.4212804296648913,2.521920668058455,-0.36596736596736595,-0.3434190620272315,-0.5222722712564947,-0.11594495268114961,0.18639519290246617,Utilities—Regulated Electric,Utilities,NEE
2012Q4,2012,Q4,2013-02-28,2012-12-31,429000000.0,3375000000.0,661000000.0,0.252948,-958000000.0,-0.28385185185185186,64439000000.0,16068000000.0,5237000000.0,8879000000.0,48371000000.0,1073000000.0,10783000000.0,29336560000.0,56366560000.0,9.474056603773585,0.5898186732740174,0.4245720759167585,1.7027010206621858,0.01149610143880762,9.474056603773585,0.02669902912621359,8.692314074074075,17.095897435897434,1.8257754543191436,0.5874125874125874,4.038210624417521,0.008589964194847657,0.05237511444932417,0.26861133010474153,0.006657458992225205,-79.07428571428571,-0.28385185185185186,0.032440816326530654,0.8027069996630729,-0.1376768867924528,0.4088853248499441,-1.4134656883901597,0.033734939759036145,-0.11748998664886515,0.20564240269193232,-0.09691867514776867,0.21188881656483588,Utilities—Regulated Electric,Utilities,NEE
2012Q3,2012,Q3,2012-10-26,2012-09-30,415000000.0,3843000000.0,749000000.0,0.245,2317000000.0,0.6029143897996357,62049000000.0,15886000000.0,4437000000.0,7875000000.0,46163000000.0,1055000000.0,10607000000.0,29687906301.550003,55791906301.55,9.384317040419058,0.5634285714285714,0.42466437815275027,1.6586931889714214,0.012934059867135392,9.384317040419058,0.026123630869948383,7.725190294444445,17.884280904548195,1.8688094108995343,0.6072289156626506,1.4464454976303318,0.008488304882141287,0.06193492240003868,0.3006984126984127,0.0066882625022159905,213.58205972338132,0.6029143897996357,-0.31745938883363567,-0.2675783556700812,-0.20983176241110552,0.40778016534746186,-0.04689428218839983,-0.3163097199341021,-0.2671232876712329,-0.24936440370106286,-0.17171508085975426,0.20289077992176419,Utilities—Regulated Electric,Utilities,NEE
2012Q2,2012,Q2,2012-07-27,2012-06-30,607000000.0,3667000000.0,1022000000.0,0.358953,2431000000.0,0.662939732751568,60390000000.0,15788000000.0,4854000000.0,7643000000.0,44602000000.0,1082000000.0,10444000000.0,29089967520.88,53644967520.880005,9.336313964773517,0.6350909328797593,0.41149196886901807,1.5739802381555612,0.01795925575309114,9.336313964773517,0.038446921712693184,7.932906332391601,11.981040988830314,1.842536579736509,0.41515650741350907,1.1423290203327172,0.008662780383619237,0.060721973836727935,0.30132147062671727,0.010051333002152675,-140.5312440622222,0.662939732751568,0.40765882352941185,0.40957557292341307,-0.1222242504229259,0.4555900136825606,0.11055276381909548,0.31670281995661603,0.21233689205219455,0.5755105732761215,-0.07592692500063368,0.2383350113355269,Utilities—Regulated Electric,Utilities,NEE
2012Q1,2012,Q1,2012-04-27,2012-03-31,461000000.0,3371000000.0,843000000.0,0.255,2189000000.0,0.6493622070602195,59207000000.0,15223000000.0,5094000000.0,8005000000.0,43984000000.0,1092000000.0,10089000000.0,25348200000.0,49043200000.0,9.170481927710844,0.6363522798251093,0.40485077777965445,1.5745910792879196,0.016044696905703638,9.170481927710844,0.030283124219930367,7.519489765648175,13.746312364425162,1.6651251395914075,0.5379609544468547,1.0824175824175823,0.009783732178221729,0.05693583528974615,0.2638351030605871,0.007786241491715507,-57.740774487471526,0.6493622070602195,0.09677419354838705,1.9385510040160643,0.048183210892350004,0.47456072491770357,-0.11769447803305119,-0.30884557721139433,-0.25530035335689044,0.22772606911161145,-0.11799209794644153,0.22986411518228939,Utilities—Regulated Electric,Utilities,NEE
2011Q4,2011,Q4,2012-02-28,2011-12-31,667000000.0,3865000000.0,1132000000.0,0.2325,2481000000.0,0.6419146183699871,57188000000.0,14943000000.0,4872000000.0,6719000000.0,42245000000.0,1074000000.0,9876000000.0,25508720000.0,48098720000.0,8.915871121718377,0.7251079029617502,0.40160523186682523,1.5369738339021615,0.02157827757078763,8.915871121718377,0.04463628454794887,6.599927554980595,9.560989505247376,1.7070681924646993,0.34632683658170915,1.2886405959031657,0.009055726825963827,0.06758410855424214,0.32430421193630005,0.011663286004056795,-62.674987714987715,0.6419146183699871,-0.04123711340206178,1.3308492368933236,0.010273135635033848,0.42510278392662726,0.004046944556859571,0.6388206388206388,0.24259055982436883,0.5735024892542794,-0.0729569171570011,0.2282698235655519,Utilities—Regulated Electric,Utilities,NEE
2011Q3,2011,Q3,2011-11-04,2011-09-30,407000000.0,4382000000.0,911000000.0,0.2425,2471000000.0,0.5638977635782748,56585000000.0,14887000000.0,6252000000.0,7419000000.0,41698000000.0,1045000000.0,9439000000.0,22547948000.0,44378948000.0,8.916506947771921,0.8427011726647796,0.39711937792701246,1.5094377644925103,0.01756631719781857,8.916506947771921,0.02733928931282327,5.1455837517115475,13.850090909090909,1.5146065694901594,0.5651105651105651,1.8287081339712918,0.01020048476251586,0.07744101793761597,0.38778811160533766,0.007192718918441283,90.55400803212851,0.5638977635782748,-0.29367217650913857,-0.26515150129664916,-0.11679000136581096,0.47019983034452273,0.027870216306156406,-0.2982758620689655,0.004410143329658214,-0.4955767771203302,-0.21969027105574307,0.23813746554114001,Utilities—Regulated Electric,Utilities,NEE
2011Q2,2011,Q2,2011-08-02,2011-06-30,580000000.0,3961000000.0,907000000.0,0.343325,2404000000.0,0.6069174450896239,54557000000.0,14906000000.0,4813000000.0,6389000000.0,39651000000.0,1072000000.0,9262000000.0,24267663812.34,45433663812.34,8.823457076701324,0.7533260291125372,0.39322176805909415,1.4392191064001074,0.019901643374248237,8.823457076701324,0.038910505836575876,6.1266507983690985,10.46019991911207,1.6280466800174427,0.39655172413793105,1.4524253731343284,0.009477632531032757,0.07260296570559231,0.37877602128658633,0.010631083087413165,735.383751889091,0.6069174450896239,1.14578125,1.275178449035956,-0.02913622132776353,0.5334828100686864,0.3895953757225434,1.164179104477612,1.1191588785046729,1.627012558795963,0.04591435569022233,0.329420817510906,Utilities—Regulated Electric,Utilities,NEE
2011Q1,2011,Q1,2011-05-04,2011-03-31,268000000.0,3134000000.0,428000000.0,0.16,1730000000.0,0.5520102105934908,53257000000.0,14599000000.0,4519000000.0,6739000000.0,38658000000.0,875000000.0,8912000000.0,23040160000.0,43869160000.0,8.73145933014354,0.6705742691794034,0.39908368852920745,1.4558531406260702,0.013556296496948226,8.73145933014354,0.01835742174121515,7.351678366305041,21.492686567164178,1.5782012466607303,0.8544776119402985,1.6045714285714285,0.009939167089117438,0.05884672437426066,0.3601424543700846,0.00503220233959855,133.95441860465115,0.5520102105934908,0.01718631178707225,0.006189226732520544,-0.18580666866028706,0.5203149407412441,-0.12004069175991862,0.019011406844106463,-0.08936170212765958,0.02763974558521176,-0.1286269029379718,0.30099884960249657,Utilities—Regulated Electric,Utilities,NEE
2010Q4,2010,Q4,2011-02-28,2010-12-31,263000000.0,3413000000.0,470000000.0,0.15729665071770335,1966000000.0,0.5760328157046587,52994000000.0,14461000000.0,5258000000.0,6904000000.0,38533000000.0,857000000.0,8873000000.0,21731820000.0,42251820000.0,8.648923444976077,0.7615874855156431,0.3929124051779447,1.4398727612198328,0.013320862738429272,8.648923444976077,0.01818684738261531,6.3673659537064164,20.657623574144488,1.502788188921928,0.7870722433460076,1.6884480746791133,0.00952520313531034,0.06440351737932597,0.41772885283893396,0.004962825980299656,58.73464864864865,0.5760328157046587,-0.6383985040972338,0.18873507688019706,0.004376085023500042,0.5842621507399407,-0.27185185185185184,-0.6347222222222222,-0.5822222222222222,0.12101952323991802,-0.1154505582137161,0.2861799150032426,Utilities—Regulated Electric,Utilities,NEE
2010Q3,2010,Q3,2010-11-03,2010-09-30,720000000.0,4691000000.0,1125000000.0,0.435,2700000000.0,0.5755702408868045,52734000000.0,14151000000.0,5776000000.0,7187000000.0,38583000000.0,895000000.0,8817000000.0,22348851000.0,42025851000.0,8.60975906546605,0.8036732990121052,0.38813668600902645,1.4463995477351423,0.024372454432537046,8.60975906546605,0.050879796480814074,4.7641976124493715,7.760017708333333,1.579312486750053,0.2861111111111111,2.224581005586592,0.009217476102015267,0.08895589183449008,0.40503687213023515,0.013653430424394129,62.42695810055866,0.5755702408868045,0.7227722772277227,0.9838170904791338,0.2504610383043793,0.5740981442543147,0.2640449438202247,0.7266187050359713,0.5867418899858956,0.30876394972460125,-0.006585783306536204,0.2915855238669938,Utilities—Regulated Electric,Utilities,NEE
2010Q2,2010,Q2,2010-08-06,2010-06-30,417000000.0,3591000000.0,709000000.0,0.2525,2136000000.0,0.5948203842940685,51209000000.0,13529000000.0,5299000000.0,7126000000.0,37680000000.0,826000000.0,8303000000.0,19937964000.0,39301964000.0,8.271582293959403,0.743614931237721,0.3943252162705774,1.4925715130460493,0.01774769747497219,8.271582293959403,0.030822677211915145,5.552203842940685,11.953215827338129,1.4737204523615937,0.4940047961630695,1.761501210653753,0.010332047946319894,0.07012439219668418,0.4005051922537188,0.008143099845730242,182.91710091743118,0.5948203842940685,-0.2467273660218852,0.9160356935042592,0.2219964598339983,0.5290350112279736,-0.06027276726792785,-0.25,-0.24494142705005326,0.0011756926895103218,-0.11128473172098961,0.28959165575071405,Utilities—Regulated Electric,Utilities,NEE
2010Q1,2010,Q1,2010-05-03,2010-03-31,556000000.0,3622000000.0,939000000.0,0.335204,2273000000.0,0.6275538376587521,50942000000.0,13336000000.0,5557000000.0,7782000000.0,37606000000.0,852000000.0,8091000000.0,20041123761.54,39339123761.54,8.040079085246779,0.7140837830891802,0.40267362883279023,1.5381673665266946,0.02003105464950719,8.040079085246779,0.04169166166766647,5.5331650363169524,9.011296655368705,1.5027837253704257,0.3669064748201439,1.5833333333333333,0.010179069917800071,0.07110046719798988,0.4847083012079157,0.010914373208747203,400.8224752308,0.6275538376587521,0.5977037773764597,2.628035564121362,0.3286488867776733,0.473650094883056,0.12357884330202669,0.5977011494252874,0.6858168761220825,2.5469079781052035,0.12711885389516125,0.29279845244693425,Utilities—Regulated Electric,Utilities,NEE
2009Q4,2009,Q4,2010-02-26,2009-12-31,348000000.0,3655000000.0,557000000.0,0.20980359735421555,2023000000.0,0.5534883720930233,48458000000.0,12967000000.0,4337000000.0,6449000000.0,35491000000.0,877000000.0,7739000000.0,21903056277.16,40554056277.16,7.8175955370463015,0.6725073654830206,0.3898014775682034,1.4566977712655202,0.015098651126097212,7.8175955370463015,0.026837356366160255,5.992628256404925,15.7349542220977,1.6891382954546157,0.5517241379310345,1.8608893956670467,0.008765899953433126,0.07542614222625779,0.38533105907892695,0.007181476742746296,61.69875007650704,0.5534883720930233,-0.35937832868941816,0.8087021753304119,0.2620355677459639,0.5380032721682706,-0.12386314421827631,-0.34709193245778613,-0.34393404004711425,0.2287832831018853,-0.03465091653513721,0.24955565321247639,Utilities—Regulated Electric,Utilities,NEE
2009Q3,2009,Q3,2009-10-30,2009-09-30,533000000.0,4473000000.0,849000000.0,0.3275,2309000000.0,0.5162083612787838,47155000000.0,12732000000.0,4176000000.0,6557000000.0,34423000000.0,884000000.0,7583000000.0,22533840000.0,40213840000.0,7.801470588235294,0.6368766204056733,0.3784116212490722,1.4015080113100848,0.020698943913229628,7.801470588235294,0.04186302230600063,5.037746478873239,10.569343339587242,1.7698586239396794,0.3602251407129456,2.4479638009049776,0.008520518473549116,0.09485738521895876,0.31447308220222664,0.011303149188845297,74.86325581395349,0.5162083612787838,0.43956043956043955,0.4664031862745097,0.3201455305555006,0.5080254192353655,0.1464746772591857,0.44054054054054054,0.4033057851239669,-0.015483741206406202,-0.07767754204366033,0.2863468623357486,Utilities—Regulated Electric,Utilities,NEE
2009Q2,2009,Q2,2009-07-31,2009-06-30,370000000.0,3811000000.0,605000000.0,0.2275,2014000000.0,0.5284702177906061,46404000000.0,12244000000.0,4869000000.0,6650000000.0,34160000000.0,906000000.0,7242000000.0,23085160000.0,40255160000.0,7.539408866995074,0.7321804511278196,0.37595896905439186,1.4248611564848088,0.017096543343957094,7.539408866995074,0.03021888271806599,6.057507215953818,15.59808108108108,1.8854263312642927,0.5162162162162162,1.9834437086092715,0.008273713502527164,0.08212654081544694,0.2966917293233083,0.007973450564606499,48.09408333333333,0.5284702177906061,0.01111111111111112,0.270188418853386,0.28381663365666204,0.49577195023962084,0.06335797254487856,0.016483516483516484,0.03773584905660377,0.5098211698472493,-0.028307793183631812,0.31032018347378854,Utilities—Regulated Electric,Utilities,NEE
2009Q1,2009,Q1,2009-05-06,2009-03-31,364000000.0,3705000000.0,583000000.0,0.225,1894000000.0,0.5112010796221322,45304000000.0,11999000000.0,5154000000.0,6643000000.0,33305000000.0,871000000.0,7058000000.0,20408679000.0,37171679000.0,7.456500124285359,0.7758542827035978,0.37610365530637474,1.4200350029169098,0.01908114639375037,7.456500124285359,0.030335861321776816,5.508415384615384,14.016949862637363,1.7008649887490623,0.5247252747252747,2.079219288174512,0.009358763494687726,0.08178085820236623,0.28360680415474937,0.008034610630407911,52.464470437017994,0.5112010796221322,-0.11039312039312031,1.3393602726352458,0.40968069379702476,0.5168068667873524,-0.057242409158785465,-0.10565110565110565,-0.17422096317280453,0.41994820106965597,9.903989560026833e-05,0.29832003058801554,Utilities—Regulated Electric,Utilities,NEE
2008Q4,2008,Q4,2009-02-27,2008-12-31,407000000.0,4003000000.0,706000000.0,0.25292070594084015,2009000000.0,0.501873594803897,44821000000.0,11681000000.0,5392000000.0,7689000000.0,33140000000.0,968000000.0,6885000000.0,20247759000.0,36798759000.0,7.258886403181705,0.7012615424632592,0.3812052386158274,1.4627172331136034,0.01939533601237394,7.258886403181705,0.03484290728533516,5.058146140394704,12.437198402948404,1.7333926033729987,0.4398034398034398,2.059917355371901,0.00884048451979303,0.08931081412730639,0.29158538171413706,0.0090805649137681,43.357085653104924,0.501873594803897,-0.47308186262324964,1.5067252188803266,0.7532157992776107,0.48592694701963984,-0.2444528018051899,-0.47416020671834624,-0.47155688622754494,0.9113929854791261,0.2239732159551607,0.3296428229760299,Utilities—Regulated Electric,Utilities,NEE
2008Q3,2008,Q3,2008-10-31,2008-09-30,774000000.0,5387000000.0,1336000000.0,0.48,2659000000.0,0.49359569333580844,45478000000.0,11534000000.0,6308000000.0,8501000000.0,33944000000.0,1019000000.0,6656000000.0,20140120000.0,35582120000.0,7.201548451548452,0.7420303493706623,0.37455472975944415,1.476851049072308,0.031891263074917006,7.201548451548452,0.06710594763308479,3.7386523111193615,6.505206718346253,1.74615224553494,0.23126614987080105,2.677134445534838,0.008887732545784236,0.11845287831478957,0.43053758381366897,0.01701921808346893,20.343555555555554,0.49359569333580844,2.692307692307692,1.0704777150560283,0.6086949365362275,0.4364720961271236,0.6403454657618753,2.7033492822966507,3.268370607028754,1.1885282858734185,0.4736480699665632,0.31663894043315266,Utilities—Regulated Electric,Utilities,NEE
2008Q2,2008,Q2,2008-08-01,2008-06-30,209000000.0,3585000000.0,313000000.0,0.13,1621000000.0,0.4521617852161785,43753000000.0,10614000000.0,5488000000.0,8347000000.0,33139000000.0,1096000000.0,6060000000.0,26218884000.0,40454884000.0,6.637068534267134,0.6574817299628609,0.3350627385550705,1.3811946485773507,0.01617695062119174,6.637068534267134,0.019690974185038627,7.313496234309623,31.3623014354067,2.4702170717919727,0.8516746411483254,1.7919708029197081,0.006788999867423801,0.08193723858935387,0.2937582364921529,0.004776815304093434,-26.324180722891565,0.4521617852161785,-0.16129032258064513,-0.2243883448000151,0.293083508000442,0.36395508678709115,-0.050936768149882905,-0.1606425702811245,-0.29345372460496616,-0.017826647313804754,0.2477225478846684,0.22688861697297227,Utilities—Regulated Electric,Utilities,NEE
2008Q1,2008,Q1,2008-05-02,2008-03-31,249000000.0,3434000000.0,443000000.0,0.155,1708000000.0,0.49737914967967384,41330000000.0,10714000000.0,4279000000.0,5879000000.0,30616000000.0,836000000.0,6030000000.0,25039534000.0,38474534000.0,6.711350538712102,0.7278448715767988,0.33965642390515366,1.3102482732872878,0.01597307657554337,6.711350538712102,0.023240619749859998,7.29165230052417,25.140094377510042,2.3370854956132163,0.714859437751004,2.0645933014354068,0.007108758493668452,0.08308734575368981,0.3934342575267903,0.006024679409629809,37.48433233532934,0.49737914967967384,0.10465178571428574,0.2606421591437877,0.40013880748481134,0.4121592088596246,-0.002918855808523059,0.11160714285714286,0.052256532066508314,0.6881834492571789,0.308837169227808,0.23011008390634166,Utilities—Regulated Electric,Utilities,NEE
2007Q4,2007,Q4,2008-02-28,2007-12-31,224000000.0,3684000000.0,421000000.0,0.14031571034828363,1713000000.0,0.46498371335504884,40123000000.0,10735000000.0,3779000000.0,5758000000.0,29388000000.0,857000000.0,5945000000.0,27050998000.0,40458998000.0,6.724505136557254,0.6563042723167767,0.3414001944022132,1.2760130414531905,0.016636629092648864,6.724505136557254,0.02086632510479739,7.342833333333333,30.190845982142857,2.5198880298090356,0.7321428571428571,2.2998833138856476,0.0060626229021199145,0.0918176606933679,0.3492532129211532,0.005582832789173292,89.87042524916943,0.46498371335504884,-0.5779978636141846,0.5384693078807161,0.5844660194174757,0.4375967450342472,-0.19652908067542213,-0.5797373358348968,-0.5322222222222223,0.20965194944438945,0.3216864248150457,0.3229529277546897,Utilities—Regulated Electric,Utilities,NEE
2007Q3,2007,Q3,2007-11-02,2007-09-30,533000000.0,4575000000.0,900000000.0,0.3325,2132000000.0,0.4660109289617486,39571000000.0,10615000000.0,4384000000.0,6872000000.0,28956000000.0,868000000.0,5866000000.0,24777744000.0,38239744000.0,6.666038683747802,0.6379511059371362,0.34904349144575575,1.3011775788977862,0.025839612335788915,6.666038683747802,0.050211964201601504,5.415900327868853,11.62183114446529,2.334219877531795,0.3076923076923077,2.814516129032258,0.006618843103714365,0.11561497055924794,0.3217403958090803,0.013469459958050087,51.29967701863354,0.4660109289617486,0.3168316831683169,2.136501716486645,0.7162428889541513,0.429192186375215,0.16950082281952825,0.3160493827160494,0.35542168674698793,0.5028698819392112,0.3838276230465478,0.28854626406684275,Utilities—Regulated Electric,Utilities,NEE
2007Q2,2007,Q2,2007-08-02,2007-06-30,405000000.0,3929000000.0,664000000.0,0.2525,1823000000.0,0.46398574700941714,37343000000.0,10201000000.0,4701000000.0,6193000000.0,27142000000.0,814000000.0,5497000000.0,22559824000.0,34664824000.0,6.414109657947686,0.7590828354593896,0.3435181961813459,1.257523772179198,0.0219500943073738,6.414109657947686,0.0397019900009803,5.741874268261644,13.925817283950618,2.211530634251544,0.4024691358024691,2.5872235872235874,0.007225233672035739,0.10521382856224727,0.4201517842725658,0.010845406100206196,77.25967123287671,0.46398574700941714,1.6578947368421053,0.3902012072434606,0.4998518692224523,0.35217436842245947,0.2993585174625802,1.7,1.2281879194630871,0.4197147867751254,0.35153014305765884,0.27251956769695995,Utilities—Regulated Electric,Utilities,NEE
2007Q1,2007,Q1,2007-05-03,2007-03-31,150000000.0,3075000000.0,298000000.0,0.095,1403000000.0,0.456260162601626,35535000000.0,9871000000.0,3941000000.0,5953000000.0,25664000000.0,719000000.0,5255000000.0,24272256000.0,35823256000.0,6.219128024193548,0.6620191500083992,0.331419727029689,1.1930908722520515,0.013236255614304396,6.219128024193548,0.015196028771147807,7.893416585365854,40.453759999999996,2.4589460034444333,1.0866666666666667,2.325452016689847,0.006715486191312418,0.08653440270156185,0.3630102469343188,0.004221190375685944,36.77614545454546,0.456260162601626,-0.44360147601476013,3.2829961117511526,0.42207245593614884,0.3931505863767231,-0.10236724248240563,-0.44649446494464945,-0.08024691358024691,-0.02261570827489476,0.1861948353883837,0.26509970298304336,Utilities—Regulated Electric,Utilities,NEE
