Year,Date,FillingDate,NetIncome,Revenue,OperatingIncome,EPSDiluted,GrossProfit,GrossProfitRatio,TotalAssets,CommonStockEquity,CurrentAssets,CurrentLiability,TotalLiability,Inventory,RetainedEarnings,EnterpriseValue,bookValuePerShare,currentRatio,debtToAssets,debtToEquity,roic,shareholdersEquityPerShare,roe,priceToSalesRatio,peRatio,pbRatio,payoutRatio,inventoryTurnover,dividendYield,assetTurnover,quickRatio,returnOnAssets,priceToFreeCashFlowsRatio,grossProfitMargin,epsdilutedGrowth,fiveYNetIncomeGrowthPerShare,fiveYRevenueGrowthPerShare,fiveYShareholdersEquityGrowthPerShare,grossProfitGrowth,netIncomeGrowth,operatingIncomeGrowth,threeYNetIncomeGrowthPerShare,threeYRevenueGrowthPerShare,threeYShareholdersEquityGrowthPerShare,Industry,Sector,Price,MarketCap,AvgVolume,Symbol
2022,2022-09-30,2022-11-28,-217863000.0,203565000.0,-249021000.0,-4.04,84235000.0,0.4137990323,961378000.0,789385000.0,596483000.0,90663000.0,171993000.0,39307000.0,-828416000.0,1615132400.0,14.649438619281804,6.579122685108589,0.17890257526175968,0.21788227544227468,-1.2922690296672956,14.649438619281804,-0.2759908029668666,9.328260752093925,-8.71606192882683,2.4055529304458534,0.0,3.0358460325132928,0.0,0.21174293566110314,6.014162337447471,-0.22661533756753327,-8.393257662149379,0.41379903225014125,-0.2825396825396826,-0.04926082081451787,4.400528938947279,2.6908212489193724,0.6288940885270629,-0.4323856986942629,-0.6248270912175389,-0.03123364956637406,0.907604122451024,1.6453024247624104,Diagnostics & Research,Healthcare,20.77,1186945267,1337870,TWST
2021,2021-09-30,2021-11-23,-152098000.0,132333000.0,-153260000.0,-3.15,51713000.0,0.3907793219,702097000.0,580821000.0,546495000.0,63052000.0,121276000.0,31800000.0,-610553000.0,4758501470.0,12.037491450954384,8.667369790014591,0.17273396695898144,0.2088009903223196,0.6190747120620258,12.037491450954384,-0.2618672534223108,39.003192476555355,-33.934762258543834,8.886402988183967,0.0,2.5352201257861635,0.0,0.1884825031299094,8.031656410581743,-0.21663388392202218,-37.05114295969276,0.3907793218622717,0.1176470588235294,-0.3427975117467854,21.700795934380487,3.9509279200077314,0.802223461350805,-0.08694999678412932,-0.3034640539552131,-0.17750398964131892,1.8701952687866579,2.5902807993787826,Diagnostics & Research,Healthcare,20.77,1186945267,1337870,TWST
2020,2020-09-30,2020-11-27,-139931000.0,90100000.0,-117579000.0,-3.57,28694000.0,0.3184683685,398882000.0,336262000.0,334870000.0,36029000.0,62620000.0,12289000.0,-458455000.0,2919579300.0,8.580301097218678,9.294457242776652,0.15698878365030258,0.18622383736491188,-0.5703463633913952,8.580301097218678,-0.41613682188293655,33.04399889012209,-21.27665992524887,8.854001641577105,0.0,4.996826430140776,0.0,0.22588133834066215,8.781204030086874,-0.3508080083834317,-19.57142772624784,0.31846836847946725,0.08928571428571432,-0.5210098174727352,18.029561135020302,3.1034158298694456,3.123293576663314,-0.2996405650651534,-0.08019292604501607,0.07336961163527712,2.286628392781446,1.9903284210637413,Diagnostics & Research,Healthcare,20.77,1186945267,1337870,TWST
2019,2019-09-30,2019-12-13,-107669000.0,54385000.0,-108850000.0,-3.92,6959000.0,0.1279580767,186994000.0,152082000.0,160135000.0,30354000.0,34912000.0,7330000.0,-318524000.0,616790560.0,5.537906925934018,5.2755814719641565,0.1867011775778902,0.22956036874843835,-1.3030180705588637,5.537906925934018,-0.7079667547770282,12.058335202721338,-6.090820570452033,4.312098473192093,0.0,6.4701227830832195,0.0,0.29083820871257904,4.948639388548462,-0.5757885279741596,-6.385889730656124,0.12795807667555392,-0.4643038579924096,-0.670136085378683,15.391783718912007,2.3575888491989105,2.02913339248743,-0.5114408445168174,-0.5426805935458269,-0.670136085378683,15.391783718912007,2.3575888491989105,Diagnostics & Research,Healthcare,20.77,1186945267,1337870,TWST
2018,2018-09-30,2018-12-20,-71236000.0,25427000.0,-70559000.0,-2.67704,-6762000.0,-0.2659377826719629,115791000.0,-201422000.0,95671000.0,18537000.0,317213000.0,6028000.0,-210855000.0,301500874.0,-7.5694125563590005,5.16108323892755,2.739530706186146,-1.574867690718988,1.329468531915659,-7.5694125563590005,0.3536654387306253,14.65134990364573,-5.229657392329721,-1.8495490760691484,0.0,5.339913735899137,0.0,0.21959392353464433,4.648864433295571,-0.6152118903887176,-5.333274265590105,-0.2659377826719629,0.3028541666666667,-0.14037618858159182,6.909146872776007,-0.8556018038829772,0.48977589979627256,-0.20107907604113978,-0.20650798536301768,-0.14037618858159182,6.909146872776007,-0.8556018038829772,Diagnostics & Research,Healthcare,20.77,1186945267,1337870,TWST
2017,2017-09-30,2017-09-30,-59310000.0,10767000.0,-58482000.0,-3.84,-13253000.0,-1.230890684498932,85657000.0,-133358000.0,67869000.0,9477000.0,219015000.0,1827000.0,-139619000.0,193415364.0,-8.66409659131293,7.161443494776828,2.556883850706889,-1.6423086728955143,-2.8868723908686484,-8.66409659131293,0.4447427225963197,20.013779511470233,-3.6332551677626035,-1.6158637951978885,0.0,13.147235905856595,0.0,0.12569900883757312,6.811227181597552,-0.6924127625296239,-3.7220548233871664,-1.230890684498932,-0.6357785667001489,-0.6414417620783486,4.789994748665743,-1.1239578559303627,-0.8530480984340044,-0.345264017419706,-0.33960967564595934,-0.6414417620783486,4.789994748665743,-1.1239578559303627,Diagnostics & Research,Healthcare,20.77,1186945267,1337870,TWST
2016,2016-09-30,2016-09-30,-44088000.0,2269000.0,-43656000.0,-2.347506,-7152000.0,-3.152049360951961,76463000.0,-76611000.0,59039000.0,8678000.0,153074000.0,1228000.0,-80309000.0,245515990.0,-4.079222460615997,6.80329569025121,2.001935576684148,-1.9980681625354062,-2.5780087398133933,-4.079222460615997,0.5754787171554998,115.87967827236668,-5.963776764652514,-3.4320266019240058,0.0,7.671824104234528,0.0,0.029674483083321344,6.5271952062687255,-0.5765926003426494,-5.866245509917226,-3.152049360951961,0.0,0.0,0.0,0.0,0.0,0.0,0.0,0.0,0.0,0.0,Diagnostics & Research,Healthcare,20.77,1186945267,1337870,TWST
TTM,,,,,,,,,,,,,,,,962969267.0,12.398189407682688,6.785252676540744,0.10682449491992262,0.1295863805026622,-0.26628839990109343,12.398189407682688,-0.27789521288466984,5.209510393167195,-5.546527430248529,1.675244611695448,0.0,3.3482203241239388,0.0,0.2668176559038041,6.044336273367726,-0.24898234503304745,-5.605911590650401,0.4133171232696342,,,,,,,,,,,Diagnostics & Research,Healthcare,20.77,1186945267,1337870,TWST
