Quarters,Year,Quarter,FillingDate,Date,NetIncome,Revenue,OperatingIncome,EPSDiluted,GrossProfit,GrossProfitRatio,TotalAssets,CommonStockEquity,CurrentAssets,CurrentLiability,TotalLiability,Inventory,RetainedEarnings,MarketCap,EnterpriseValue,bookValuePerShare,currentRatio,debtToAssets,debtToEquity,roic,shareholdersEquityPerShare,roe,priceToSalesRatio,peRatio,pbRatio,payoutRatio,inventoryTurnover,dividendYield,assetTurnover,quickRatio,returnOnAssets,priceToFreeCashFlowsRatio,grossProfitMargin,epsdilutedGrowth,fiveYNetIncomeGrowthPerShare,fiveYRevenueGrowthPerShare,fiveYShareholdersEquityGrowthPerShare,grossProfitGrowth,netIncomeGrowth,operatingIncomeGrowth,threeYNetIncomeGrowthPerShare,threeYRevenueGrowthPerShare,threeYShareholdersEquityGrowthPerShare,Industry,Sector,Symbol
2023Q1,2023,Q1,2023-05-02,2023-03-31,47388000.0,762739000.0,83339000.0,1.02,348056000.0,0.4563238539,3869297000.0,1870874000.0,1072922000.0,306690000.0,1998423000.0,257603000.0,1092697000.0,4525115760.0,6065705760.0,39.42998651154949,3.4983925136130947,0.42420754984691017,0.8773359403145268,0.016400078738207285,39.42998651154949,0.025329338052696226,5.932718479060334,23.872688022284123,2.4187175405719468,0.32273993416054697,1.609775507272819,0.003379803039558042,0.19712598955314106,2.0768267631810624,0.012247185987532102,46.76348882872083,0.4563238539002201,-0.4069767441860465,0.11366139935546761,0.6592042750373927,0.28525910792158077,-0.0030904950806994427,-0.4081382859141208,-0.323574530254454,0.27161432972285354,0.444288952022118,0.36874591131343787,Credit Services,Financial Services,FCFS
2022Q4,2022,Q4,2023-02-06,2022-12-31,80066000.0,749344000.0,123205000.0,1.72,349135000.0,0.4659208588,3904867000.0,1879766000.0,1130662000.0,295529000.0,2025101000.0,288339000.0,1060603000.0,4023237720.0,5576664720.0,40.606713903050206,3.8258918752474376,0.4278652768455366,0.888811160538067,0.02523957953733618,40.606713903050206,0.042593599416097534,5.369013056753641,12.562254015437263,2.14028646118719,0.1889940798840956,1.3879808142498933,0.0037611498631505173,0.19190000581325817,2.264525647229206,0.020504155455230613,29.24906194793204,0.465920858777811,0.36507936507936506,0.20407628699056737,0.5895242254616422,0.297855458655388,0.0799370228771513,0.34982129610897567,0.64569558538703,0.3584631867487264,0.38154996598373264,0.2793490310638891,Credit Services,Financial Services,FCFS
2022Q3,2022,Q3,2022-10-31,2022-09-30,59316000.0,672143000.0,74865000.0,1.26,323292000.0,0.4809869328,3860960000.0,1805155000.0,1141074000.0,330145000.0,2055805000.0,295428000.0,995669000.0,3440261699.9999995,5001153700.0,38.48780435802311,3.4562813309303486,0.43033649662260165,0.920426223786877,0.015685690245357424,38.48780435802311,0.03285922815492298,5.118347881328823,14.499720564434552,1.9057985048375345,0.2639759929867152,1.1808325548018468,0.004551397935802385,0.1740870146284862,2.045243756531221,0.015363018523890432,38.6168767609191,0.4809869328401843,-0.30386740331491713,1.1303726868984496,0.567589221218061,0.24897688524801728,0.07415972249910291,-0.3111441445626423,0.23435722411831628,0.5628675583735435,0.3605829683455469,0.23735242348882093,Credit Services,Financial Services,FCFS
2022Q2,2022,Q2,2022-08-01,2022-06-30,86108000.0,647616000.0,60651000.0,1.81,300972000.0,0.4647383635,3796541000.0,1817998000.0,1078242000.0,349525000.0,1978543000.0,260528000.0,952011000.0,3296511750.0000005,4784873750.0,38.334169741697416,3.084878048780488,0.4211138507393967,0.8794157089281727,0.01285233151724349,38.334169741697416,0.04736418851945932,5.090225920916099,9.57086376991685,1.8132647835696192,0.16531565011381055,1.3305441257753485,0.0043182008982676915,0.17058053633557493,1.9388169658822687,0.02268064535586472,35.08270986760888,0.46473836347465164,2.1206896551724137,4.750108109471221,0.581819957249491,0.24044902208351365,0.03360383533605552,2.0747366541688983,0.07992948969053809,1.3668828139884261,0.3190082589912531,0.24457162908557148,Credit Services,Financial Services,FCFS
2022Q1,2022,Q1,2022-05-02,2022-03-31,28005000.0,659839000.0,56162000.0,0.58,291187000.0,0.4413000747,3743168000.0,1764233000.0,1038931000.0,387129000.0,1978935000.0,247276000.0,880138000.0,3393271940.0,4823160940.0,36.57123608548745,2.6836816668345693,0.4122727059004565,0.8747177952118569,0.011810672576792015,36.57123608548745,0.015873753636849553,5.142575597986782,30.291661667559367,1.9233694982465468,0.5194072487055883,1.4908523269544962,0.004286718028263895,0.17627822208353994,1.6788099057420136,0.0074816305332809,29.997895453380128,0.44130007471519567,-0.04918032786885251,-0.13950322030360607,0.4787730792335473,0.18988965626861395,0.2757259520179451,-0.04650846072656702,-0.0764196089394662,-0.40773201607660053,0.27295306043184553,0.19804869255432242,Credit Services,Financial Services,FCFS
2021Q4,2021,Q4,2022-02-28,2021-12-31,29371000.0,501774000.0,60809000.0,0.61,228252000.0,0.4548900501,3836452000.0,1808127000.0,1129358000.0,392207000.0,2028325000.0,263311000.0,866679000.0,3626713990.0,5093307990.0,37.297118339899754,2.8794947565953692,0.41356962109782686,0.8775047327980833,0.013041018306554603,37.297118339899754,0.016243881099059967,7.227783803066719,30.869854533383272,2.00578498634222,0.4129924074767628,1.0387792382391925,0.0033446254745883616,0.13079115808043473,1.8097968674704938,0.0076557715305704335,48.330410314498934,0.45489005010223726,-0.2560975609756097,-0.20101184170959835,0.08397606634602728,0.2446811619901221,-0.020751730025869948,-0.12052341597796143,0.1432841994434835,-0.44808738829472317,-0.05801021538124696,0.23922490008065345,Credit Services,Financial Services,FCFS
2021Q3,2021,Q3,2021-10-25,2021-09-30,33396000.0,399674000.0,53188000.0,0.82,233089000.0,0.5831978062,2533483000.0,1293820000.0,711445000.0,224355000.0,1239663000.0,254260000.0,849438000.0,3539637500.0,4516349500.0,31.98328924925222,3.17106817320764,0.40522040211045424,0.7934790001700391,0.015378339988599833,31.98328924925222,0.025811936745451455,8.856311643989851,26.497466013893877,2.7358036666615138,0.3592645825847407,0.6551758042948164,0.003389612636887252,0.1577567325298808,1.9931938222905663,0.01318185280895905,261.8462420476402,0.5831978062120629,0.17142857142857143,21.247623356703464,0.3101625331854197,-0.22709591544292565,0.03954562888565796,0.17479860695817356,0.13375823332551745,0.08952866179860423,0.010822831063218942,0.07236945805179265,Credit Services,Financial Services,FCFS
2021Q2,2021,Q2,2021-07-23,2021-06-30,28427000.0,389578000.0,46913000.0,0.7,224222000.0,0.5755509808,2456433000.0,1290816000.0,638387000.0,237213000.0,1165617000.0,216955000.0,828040000.0,3115235760.0,4006693760.0,31.673357216469547,2.6911973627077774,0.3832870670602455,0.7293983030888989,0.013650805247745824,31.673357216469547,0.022022503594625414,7.996436554425558,27.39680374292046,2.4133848356388516,0.43296865655890526,0.7621672697103086,0.003950904826541925,0.15859500340534424,1.7272830747050119,0.011572471140063661,94.28394297993403,0.5755509808048709,-0.14634146341463414,0.6876762115759332,0.4835894434265369,1.0636205733628064,-0.04010034719100643,-0.15684413465816402,-0.14411077866160696,0.03901897510082842,0.022954321834146488,0.08657726001765928,Credit Services,Financial Services,FCFS
2021Q1,2021,Q1,2021-04-26,2021-03-31,33715000.0,407939000.0,54812000.0,0.82,233589000.0,0.5726076693,2300163000.0,1291093000.0,557614000.0,211970000.0,1009070000.0,185336000.0,811921000.0,2694702780.0,3450670780.0,31.463981088853146,2.630626975515403,0.3524137202450435,0.6278471031908623,0.016814702757129096,31.463981088853146,0.026113533262127515,6.605651286099147,19.981482871125614,2.0871484703270795,0.32914133175144594,0.9407238744766262,0.004118079397238756,0.17735221373441795,1.7155682407887909,0.014657656870404401,45.15025685706147,0.5726076692838881,0.03797468354430369,0.7613340121425741,0.5324942812746011,1.022764821017471,0.03362080790827953,0.03022061969076575,0.00010947706455497573,-0.08381746644484465,0.026108272238664392,0.025599343131292605,Credit Services,Financial Services,FCFS
2020Q4,2020,Q4,2021-02-01,2020-12-31,32726000.0,392158000.0,54806000.0,0.79,225991000.0,0.5762753788,2372197000.0,1283815000.0,624565000.0,206406000.0,1088382000.0,190352000.0,789303000.0,2886908720.0000005,3720483720.0000005,31.14695036149255,3.0259052546922085,0.37915274321652037,0.7005877014990478,0.016867404972488762,31.14695036149255,0.02549121174000927,7.361595887371928,22.053632585711668,2.2486952715149773,0.3393631974576789,0.8729459107337985,0.0038470215296588935,0.16531426352870357,2.058200827495325,0.01379565019262734,81.9958168598046,0.5762753788014014,1.1944444444444446,0.14261009599278487,0.3883384719457512,1.0168383577608044,0.11469482780731782,1.1727526224936928,0.5058248159138367,-0.44726390386080717,-0.06574372058029111,-0.004493699154143672,Credit Services,Financial Services,FCFS
2020Q3,2020,Q3,2020-10-26,2020-09-30,15062000.0,359890000.0,36396000.0,0.36,202738000.0,0.5633332407,2235495000.0,1243926000.0,572731000.0,201321000.0,991569000.0,168664000.0,767683000.0,2370782400.0,3097895400.0,30.017519305019306,2.8448646688621655,0.36052731050617426,0.6479139434339342,0.013342749031257936,30.017519305019306,0.012108437318618631,6.587519519853289,39.35039171424778,1.9058870061402367,0.7428628336210331,0.9317459564578096,0.0047195390011331275,0.16098895322959791,1.9541925581533968,0.006737657655239667,88.82661671037842,0.56333324071244,-0.41935483870967744,-0.08852296905080408,0.435327409572316,0.9126756723610759,-0.09127256265099663,-0.4178487226065783,-0.1702724267639348,-0.387737038516907,-0.050025421713041765,-0.02589434783800853,Credit Services,Financial Services,FCFS
2020Q2,2020,Q2,2020-07-27,2020-06-30,25873000.0,412746000.0,43865000.0,0.62,223101000.0,0.5405285575,2182519000.0,1232780000.0,527577000.0,202059000.0,949739000.0,179967000.0,763810000.0,2796371200.0,3488833200.0,29.748552123552123,2.6110047065461077,0.3497875619868601,0.6192654001525009,0.013487292880260408,29.748552123552123,0.02098752413244861,6.775041308698328,27.020167742434197,2.268345690228589,0.4324585475205813,1.0537765256963776,0.004001257057718231,0.18911450484508954,1.6674387183941324,0.011854650520797299,49.91826344633071,0.5405285575147912,-0.20512820512820515,0.3197487858200806,0.6753942445813489,0.8526768394475384,-0.1396326390522504,-0.21401664742693965,-0.29723797622480697,0.9772741528733558,0.15374530471454226,-0.0373715502719876,Credit Services,Financial Services,FCFS
2020Q1,2020,Q1,2020-04-27,2020-03-31,32918000.0,466490000.0,62418000.0,0.78,259309000.0,0.5558725803,2312873000.0,1207375000.0,672772000.0,206720000.0,1105498000.0,227876000.0,749126000.0,3006766880.0,3847707880.0,28.807382133995038,3.2545085139318886,0.39621933413551025,0.7590061082927839,0.018821118508194498,28.807382133995038,0.027264106015115436,6.445511972389547,22.835279178564917,2.490333889636608,0.3423051218178504,0.9091830644736612,0.003747546933202883,0.2016928728901241,2.102215557275542,0.014232515144584247,45.008785102688464,0.5558725803339836,-0.3858267716535433,0.32875532510041905,0.7959054049246285,0.8221053803714797,-0.029764577346743294,-0.3921409314178085,-0.2023870374156614,0.16419312330840097,0.2033274099582487,-0.06271677705145064,Credit Services,Financial Services,FCFS
2019Q4,2019,Q4,2020-02-03,2019-12-31,54154000.0,498362000.0,78256000.0,1.27,267264000.0,0.5362848692,2439440000.0,1350035000.0,740989000.0,202902000.0,1089405000.0,265256000.0,727476000.0,3429516420.0,4294527420.0,31.740137301923166,3.6519551310484863,0.3736669071590201,0.6751958282563044,0.02331499696825539,31.740137301923166,0.040113034106523164,6.881576885878137,15.832239631421501,2.5403166732714335,0.21315138309266166,0.8712262870585397,0.0033657806484565546,0.2042936083691339,2.288622093424412,0.022199357229528087,60.629654733492444,0.5362848692316027,0.5679012345679012,0.3420016921525672,0.6408500191125132,1.0094140442507364,0.06488590678901422,0.5578953424815166,0.29693896153399957,0.679072992623914,0.22708284723600677,0.05923333322029322,Credit Services,Financial Services,FCFS
2019Q3,2019,Q3,2019-10-28,2019-09-30,34761000.0,452459000.0,60339000.0,0.81,250979000.0,0.5546999839,2422793000.0,1336176000.0,789712000.0,207726000.0,1086617000.0,281921000.0,684865000.0,3937868190.0,4777664190.0,31.104965430546827,3.8017003167634287,0.3718761776181457,0.6742966495431739,0.017122662963151455,31.104965430546827,0.026015285411502675,8.70325972077028,28.32102205057392,2.9471178871645654,0.30899571358706596,0.7146682935999802,0.0027276179602141533,0.18675099358467687,2.3998729095057914,0.01434749068533713,82.6397806971522,0.5546999838659414,0.06578947368421058,0.17671966932777894,0.7091481146262543,1.0567690680055097,0.027318311127484087,0.05183369644153958,0.11931660081251043,20.846715926678375,0.3967391316648133,-0.24832137670648338,Credit Services,Financial Services,FCFS
2019Q2,2019,Q2,2019-07-29,2019-06-30,33048000.0,446014000.0,53907000.0,0.76,244305000.0,0.5477518643,2404486000.0,1326942000.0,770091000.0,196905000.0,1077544000.0,266440000.0,660845000.0,4355919910.0,5193990910.0,30.801095610593997,3.9109773748762096,0.3764143355378239,0.682081809152171,0.015730136373352983,30.801095610593997,0.024905383958002687,9.766330003094073,32.95146385560397,3.282675437208258,0.3261014282256112,0.7570522444077465,0.002474104258725914,0.18549245036153256,2.5091338462710446,0.013744309594649335,207.12885924869235,0.5477518642912554,-0.22448979591836732,0.3861204651754785,0.8121330011059463,1.0149383976728503,-0.04493371748912232,-0.22522564763802602,-0.19689227239545312,0.8560417747444133,0.6067646459457475,1.006789938613949,Credit Services,Financial Services,FCFS
2019Q1,2019,Q1,2019-05-03,2019-03-31,42655000.0,467604000.0,67123000.0,0.98,255799000.0,0.5470419415,2335783000.0,1328416000.0,718101000.0,209848000.0,1007367000.0,257803000.0,638574000.0,3817834140.0,4593140140.0,30.52566753986856,3.4220054515649423,0.3531873465985496,0.6210170609206754,0.020045775573201547,30.52566753986856,0.032109670464673716,8.164673826571201,22.376240417301606,2.8739748241514707,0.25532762864845854,0.8215769405321117,0.002852664521460851,0.20019154176565204,2.1490269147192254,0.018261542275117167,61.53925982043553,0.5470419414718437,-0.10091743119266064,0.25111791372636916,0.8323524136938095,1.0208240954649848,-0.02366793893129771,-0.11274050962038482,-0.10007105795916178,1.1011808312561362,0.6563678010461994,0.9624422689344962,Credit Services,Financial Services,FCFS
2018Q4,2018,Q4,2019-02-05,2018-12-31,48075000.0,481208000.0,74587000.0,1.09,262000000.0,0.5444631012,2107974000.0,1318104000.0,789892000.0,133045000.0,789870000.0,275130000.0,606810000.0,3168568249.9999995,3687662249.9999995,30.09713437607033,5.937028824833703,0.2803103833348988,0.4482855677548964,0.02973215762413566,30.09713437607033,0.036472842810582475,6.58461257917574,16.47721398855954,2.403883343044251,0.22789391575663026,0.7967433576854578,0.0034577131169574783,0.22827985544413737,3.738922920816265,0.022806258521215157,58.36267981801771,0.5444631011953251,0.43421052631578955,0.2818050570605969,0.740179832142594,1.1015602144585803,0.10428310109669642,0.4426106526631658,0.3519240180529626,0.579744340685218,0.6033543059822233,0.9488603013727335,Credit Services,Financial Services,FCFS
2018Q3,2018,Q3,2018-10-31,2018-09-30,33325000.0,429878000.0,55171000.0,0.76,237258000.0,0.5519193818,2116480000.0,1311728000.0,808602000.0,139376000.0,804752000.0,277438000.0,569691000.0,3556303660.0,4100000660.0,29.824878924990337,5.801587073814717,0.2838307000302389,0.4579623214568874,0.02180819803569826,29.824878924990337,0.025405419416220435,8.27282080032009,26.678947186796698,2.7111593714550577,0.29200300075018754,0.6942812448186622,0.0027362680272358967,0.20310988055639553,3.679026518195385,0.015745483066223163,96.93898653437279,0.5519193817780859,0.13432835820895517,-0.05358659158577441,0.6218934841769111,1.2245976910338792,0.03865550633022222,0.1045374697557257,0.083632863905093,0.90015002104814,0.6154036716707343,0.9004008882707667,Credit Services,Financial Services,FCFS
2018Q2,2018,Q2,2018-08-01,2018-06-30,30171000.0,419972000.0,50913000.0,0.67,228428000.0,0.5439124513,2009640000.0,1310044000.0,761686000.0,117468000.0,699596000.0,249689000.0,546097000.0,4038038699.9999995,4471971700.0,29.14965956121223,6.484199952327442,0.2572898628610099,0.39468903334544486,0.019888984194470438,29.14965956121223,0.023030524165600544,9.615018858400083,33.45960276424381,3.0823687601332472,0.3288256935467833,0.7671303101057716,0.0024568858143930125,0.20897872255727393,4.189089794667484,0.015013136681196632,282.38032867132864,0.5439124513062775,-0.25555555555555554,0.25012696566212456,0.9042056979602779,1.324230377149051,-0.04455812046963163,-0.2753452623994236,-0.18167352449530666,0.41906254970025425,0.5718888519079327,0.8153790787042156,Credit Services,Financial Services,FCFS
2018Q1,2018,Q1,2018-04-30,2018-03-31,41635000.0,449800000.0,62216000.0,0.9,239081000.0,0.5315273455,2003696000.0,1424286000.0,766399000.0,136286000.0,579410000.0,254298000.0,525847000.0,3772112500.0,4040104500.0,30.678628354801187,5.6234609571049115,0.18885100334581692,0.2656769777979984,0.02576142277725653,30.678628354801187,0.02923219072573907,8.386199421965317,22.649888915575836,2.648423490787665,0.24606701092830552,0.8286301897773478,0.0027159847432970253,0.22448515144013861,3.599239833878755,0.020779100222788286,45.73421719467986,0.5315273454868831,-0.37062937062937057,0.29727602858057894,0.7657413515057,1.2767859378961595,-0.04035948237107443,-0.3853160894085688,-0.10015764886246944,0.5172154777665242,0.5632833004549689,0.940464202116239,Credit Services,Financial Services,FCFS
2017Q4,2017,Q4,2018-02-20,2017-12-31,67734000.0,480205000.0,69141000.0,1.43,249136000.0,0.5188117575,2062784000.0,1475333000.0,842197000.0,120571000.0,587451000.0,276771000.0,494457000.0,3180537300.0,3468357300.0,31.287547185816685,6.985071036982359,0.19500005817380783,0.2726455654418358,0.04373240977312529,31.287547185816685,0.04591099094238386,6.62329067793963,11.739072327044026,2.155809773115629,0.13930965246405055,0.8348743184798986,0.0029667943211984966,0.2327946115540939,4.521734081993182,0.03283620582668859,52.16475537550639,0.5188117574785769,1.423728813559322,0.49814755687264706,0.6360263198675433,1.5564245698708101,0.07829609688114056,1.3956284926080498,0.4218643963230304,0.5140734146507127,0.42616026341525176,0.9807613346879983,Credit Services,Financial Services,FCFS
2017Q3,2017,Q3,2017-11-01,2017-09-30,28274000.0,435412000.0,48627000.0,0.59,231046000.0,0.5306376489,2131726000.0,1467679000.0,894795000.0,136158000.0,664047000.0,308683000.0,436159000.0,3007708200.0,3349258200.0,30.81546569244982,6.57174018419777,0.2040417014194132,0.2963597625911388,0.01738438879795341,30.81546569244982,0.01926443043744579,6.907729231164965,26.594293343708,2.0492956566115614,0.32015279054962154,0.662057839272004,0.00300960046589626,0.20425326707090874,4.129716946488638,0.013263430666042447,81.64467547979044,0.5306376489393954,0.8437499999999999,-0.10065801355852591,0.7475905259762066,1.7827526815799501,0.029506648130324744,0.8553710873416891,0.13739386709704582,-0.13674400361851177,0.4834484593696385,1.0376263331311328,Credit Services,Financial Services,FCFS
2017Q2,2017,Q2,2017-08-07,2017-06-30,15239000.0,416629000.0,42753000.0,0.32,224424000.0,0.5386662954,2104319000.0,1491432000.0,856729000.0,125092000.0,612887000.0,301361000.0,416937000.0,2813616300.0,3113986300.0,30.903462423074533,6.848791289610847,0.18619040174042054,0.262703227502159,0.01611486715406569,30.903462423074533,0.01021769681755521,6.753289617381411,46.158151781612965,1.8865200022528683,0.602139247982151,0.6377898931845859,0.003261283352673213,0.19798756747432306,4.282456112301346,0.007241772754035866,94.98080207946528,0.5386662954331072,-0.5223880597014926,-0.4465035534773988,0.8632577461280894,2.0490860162931304,-0.07606422396047756,-0.5331903813754021,-0.27539744415443546,-0.42943947406178723,0.5110559099314449,1.0216350043040594,Credit Services,Financial Services,FCFS
2017Q1,2017,Q1,2017-05-05,2017-03-31,32645000.0,447576000.0,59002000.0,0.67,242900000.0,0.5427011279,2043554000.0,1487235000.0,788798000.0,117750000.0,556319000.0,308165000.0,410874000.0,2378319350.0,2638892350.0,30.734981090743766,6.69892144373673,0.16330422391578592,0.22439022750271476,0.02024716207515951,30.734981090743766,0.02195012893053216,5.3137776601068865,18.213503982233114,1.599155042747111,0.28096186245979476,0.6641766586082132,0.0038565048045377088,0.21901843552947464,3.9601019108280253,0.01597462068533545,42.63061445804728,0.5427011278531467,-0.1184210526315789,0.13954753732176262,1.024937081211595,2.0085070341976925,-0.0441335615764516,-0.11029652240270359,-0.07547908929942494,-0.1388729139990394,0.5773201754593446,1.0346808233011082,Credit Services,Financial Services,FCFS
2016Q4,2016,Q4,2017-03-01,2016-12-31,36692000.0,462042000.0,63819000.0,0.76,254115000.0,0.5499824691,2145203000.0,1449986000.0,892135000.0,143628000.0,695217000.0,330683000.0,387401000.0,2274283000.0,2640873000.0,29.96519870218438,6.2114281337900685,0.21282135070666972,0.31486166073327604,0.02188683997970228,29.96519870218438,0.025305071911039142,4.922242999554153,15.495768832443039,1.5684861784872406,0.2511991714815219,0.6287804332245686,0.004052705841797173,0.21538381216136654,3.733171804940541,0.017104208785835188,49.50227455760399,0.5499824691261833,19.627450980392155,0.04542862765163776,0.9275008254741715,1.810555717091606,0.7244035178198203,26.98583569405099,0.8157737502489544,-0.114574641189843,0.5122396851469078,1.0923476841345323,Credit Services,Financial Services,FCFS
2016Q3,2016,Q3,2016-11-09,2016-09-30,-1412000.0,261153000.0,35147000.0,-0.0408,147364000.0,0.5642822407,2277695000.0,1433054000.0,986057000.0,168498000.0,844641000.0,332862000.0,359926000.0,1630427480.0,2103444480.0,41.38067049753111,5.852039786822395,0.2442701942094969,0.3882428715177516,-0.05897318490987475,41.38067049753111,-0.0009853082996174602,6.243188782054964,-288.6734206798867,1.1377292690994198,-2.5,0.3418503764322752,0.002165076363899362,0.1146567033777569,3.687046730524991,-0.0006199249680049348,-299.05126192223037,0.5642822406788358,-1.0995121951219513,-1.0671280013259994,0.7162094894466691,3.2442573964353763,0.4524201417293344,-1.1209629058511095,0.370199992203033,-1.05092669476373,0.25133097751824657,2.086528675397508,Credit Services,Financial Services,FCFS
2016Q2,2016,Q2,2016-08-08,2016-06-30,11673000.0,181979000.0,25651000.0,0.41,101461000.0,0.5575423538,756604000.0,433486000.0,299893000.0,52615000.0,323118000.0,91861000.0,661390000.0,1449713190.0,1650142190.0,15.348440321495591,5.699762425163927,0.32606621165100896,0.5691141121051199,0.025525179225827685,15.348440321495591,0.02692820529382725,7.9663762851757625,31.048427782061164,3.3443137494636503,0.3024929324081213,0.8765199595040333,0.002435654186191132,0.2405208008416556,3.805967879882163,0.015428149996563592,384.8455508362092,0.5575423537880745,-0.1276595744680851,-0.16231307033167489,0.6611558506107142,0.47860042539962944,-0.0039464771310485655,-0.11393654167299226,0.06343020604452551,-0.23035850733757418,0.3129747296467123,0.22379855456520723,Credit Services,Financial Services,FCFS
2016Q1,2016,Q1,2016-05-10,2016-03-31,13174000.0,183203000.0,24121000.0,0.47,101863000.0,0.5560116374,753885000.0,439287000.0,296450000.0,55929000.0,314598000.0,90714000.0,653248000.0,1300780460.0,1482667460.0,15.554937856308204,5.300470239053086,0.31309417218806584,0.5373184273607005,0.023932891967227806,15.554937856308204,0.02998950572177187,7.1002137519582105,24.684614771519662,2.9611175837208936,0.2679520267192956,0.8966642414621778,0.0027137554018915686,0.24301186520490525,3.554953601888108,0.017474813797860415,69.43791490951796,0.5560116373640169,-0.3188405797101449,-0.35245129294290956,0.6809156468433197,0.49216802559717343,-0.010318192858877823,-0.3212776919113859,-0.2469717782217782,-0.3252037203667441,0.1822829158663737,0.1543952802097386,Credit Services,Financial Services,FCFS
2015Q4,2015,Q4,2016-02-17,2015-12-31,19410000.0,191424000.0,32032000.0,0.69,102925000.0,0.5376807506,757021000.0,431382000.0,325434000.0,46175000.0,325639000.0,93458000.0,643604000.0,1045532190.0,1216578190.0,15.44345397916443,7.047839740119112,0.34080956803047735,0.5980778057498922,0.03264494369292758,15.44345397916443,0.04499492329304421,5.461865753510532,13.466411514683154,2.4236806125429435,0.0,0.9469387318367609,0.0,0.2528648478707988,4.809507309149973,0.025639975641362656,47.34771261661081,0.5376807505850886,0.7249999999999998,0.11256364275861945,0.6551603400869812,0.6226291846472444,0.0784036378114457,0.7372236641904591,0.12460063897763578,-0.2752731356650946,0.10093316112606714,0.2618446873298594,Credit Services,Financial Services,FCFS
2015Q3,2015,Q3,2015-10-28,2015-09-30,11173000.0,169532000.0,28483000.0,0.4,95442000.0,0.562973362,755202000.0,439730000.0,330758000.0,46972000.0,315472000.0,98188000.0,624194000.0,1122441140.0,1318418140.0,15.693993361647454,7.041599250617389,0.3555340160645761,0.6106019602938166,0.02767933601564392,15.693993361647454,0.02540877356559707,6.620821673784301,25.115034905575943,2.552568940031383,0.0,0.7545728602273191,0.0,0.22448563430711255,4.686259899514605,0.014794717175007481,68.92484740558797,0.5629733619611637,-0.14893617021276587,-0.15264161787806196,0.6920472853521131,0.8237319703845757,0.014843799842630203,-0.16238098808006599,0.20910981873753023,-0.3958884653063343,0.15664660331903615,0.417226744119032,Credit Services,Financial Services,FCFS
2015Q2,2015,Q2,2015-07-22,2015-06-30,13339000.0,167623000.0,23557000.0,0.47,94046000.0,0.5610566569,749574000.0,452745000.0,320022000.0,40829000.0,296829000.0,88080000.0,613021000.0,1285455640.0,1464025640.0,16.057064831891047,7.838105268314188,0.34152732085157705,0.5654397066781521,0.02281697647513374,16.057064831891047,0.029462500966327625,7.668730663453106,24.09205412699603,2.839248671989752,0.0,0.8353428701180745,0.0,0.2236243519652496,5.414778711210169,0.01779544114390307,125.22704724792986,0.5610566569026924,-0.2033898305084746,0.2093423983401938,0.8332750464387195,1.0100777166901076,-0.04783792813680129,-0.20544436502263522,-0.1707909465310289,-0.17074050063525587,0.2831158296150537,0.5842681694163482,Credit Services,Financial Services,FCFS
2015Q1,2015,Q1,2015-04-22,2015-03-31,16788000.0,176023000.0,28409000.0,0.59,98771000.0,0.5611255347,705288000.0,449034000.0,300230000.0,41754000.0,256254000.0,82554000.0,599682000.0,1321261040.0,1459958040.0,15.809942961763257,7.1904488192748,0.30413107836798586,0.4776921124012881,0.029471194067076427,15.809942961763257,0.03738692393003648,7.506184078217051,19.67567667381463,2.942452108303603,0.0,0.9357753712721371,0.0,0.2495760597089416,4.965224888633425,0.023803042161499983,57.33644506162125,0.5611255347312567,-0.3723404255319149,0.4667541324224145,0.9113589924131102,1.0522765647016576,-0.11521682656562128,-0.3768605471214877,-0.30395687859855447,-0.001581870211689119,0.3567876607426479,0.5475631649258982,Credit Services,Financial Services,FCFS
2014Q4,2014,Q4,2015-02-12,2014-12-31,26941000.0,202774000.0,40815000.0,0.94,111633000.0,0.5505291605,714675000.0,448551000.0,307875000.0,42559000.0,266124000.0,91088000.0,582894000.0,1580860990.0,1735268990.0,15.795717857520161,7.2340750487558445,0.3111904012313289,0.4958187586249947,0.044664192571589524,15.795717857520161,0.060062289460953155,7.796172043753144,14.66965767788872,3.524372902969785,0.0,1.000581854909538,0.0,0.28372896771259665,4.809675979228835,0.03769685521390842,71.21637039372916,0.550529160543265,0.3823529411764704,0.8966315618771653,1.0479532721559142,1.229211289293924,0.12916864752232887,0.37960876689881196,0.27790475594101255,0.3080095089821895,0.4414499639960193,0.48154349221061593,Credit Services,Financial Services,FCFS
2014Q3,2014,Q3,2014-10-22,2014-09-30,19528000.0,175000000.0,31939000.0,0.68,98863000.0,0.5649314286,704667000.0,429454000.0,308213000.0,50178000.0,275213000.0,94890000.0,555953000.0,1589664060.0,1764404060.0,15.12321724125788,6.142393080632947,0.3086564292069871,0.5064570361435683,0.03457903816781955,15.12321724125788,0.0454716919623522,9.083794628571429,20.35108638877509,3.701593325478398,0.0,0.8023711666139741,0.0,0.24834425338493218,4.000398581051456,0.027712380457719746,108.53912740680049,0.5649314285714285,0.23636363636363636,0.711499941483831,0.9404129327010706,1.3103149388275648,0.052618690175786034,0.21935685295035903,0.1695411769013878,0.13219011100909178,0.4025097834009752,0.5511306574391376,Credit Services,Financial Services,FCFS
2014Q2,2014,Q2,2014-07-28,2014-06-30,16015000.0,165326000.0,27309000.0,0.55,93921000.0,0.5680957623,694727000.0,442357000.0,311762000.0,42400000.0,252370000.0,77587000.0,536425000.0,1666539420.0,1782484420.0,15.28637086184256,7.3528773584905665,0.28788286621939263,0.4521235111007625,0.029097721435399595,15.28637086184256,0.03620379015139356,10.080322635278177,26.01528910396503,3.767408269791142,0.0,0.9203217033781432,0.0,0.23797261370293654,5.356202830188679,0.023052220512517867,98.2571440363186,0.5680957623120381,-0.2857142857142857,0.4057463052072217,0.9914128377562821,1.441339083744261,-0.026281413286887285,-0.2939335155630015,-0.10297595585337012,0.12167879681724939,0.47289767944090505,0.4726209299248505,Credit Services,Financial Services,FCFS
2014Q1,2014,Q1,2014-04-24,2014-03-31,22682000.0,169777000.0,30444000.0,0.77,96456000.0,0.5681334928,687189000.0,437336000.0,306539000.0,40561000.0,249853000.0,72279000.0,520410000.0,1460917920.0,1565988920.0,15.105554020447638,7.55748132442494,0.2910407471598061,0.45731428466899593,0.03779843802184563,15.105554020447638,0.051864013024310825,8.604922457105497,16.102172647914646,3.340493167724587,0.0,1.0144163588317492,0.0,0.247060124652752,5.58775671211262,0.03300693113539361,73.33925301204819,0.5681334927581475,-0.08333333333333327,1.0380589394765591,1.0740153002960229,1.6897807297846783,-0.017649634887818393,-0.084591169585923,-0.16976192424118466,0.08752094078850561,0.5194754747496233,0.4490591300627946,Credit Services,Financial Services,FCFS
2013Q4,2013,Q4,2014-02-28,2013-12-31,24778000.0,182687000.0,36669000.0,0.84,98189000.0,0.5374711939,658973000.0,414359000.0,290222000.0,48761000.0,244614000.0,77793000.0,497728000.0,1789216720.0,1908925720.0,14.32132858673487,5.951928795553823,0.2888616073799685,0.459389080483349,0.043221639607697586,14.32132858673487,0.05979838738871365,9.793891847805263,18.05247316167568,4.318035133784955,0.0,1.0861902741891944,0.0,0.27722987133008486,4.183999507803367,0.03760093357390971,74.63777406974803,0.5374711938999491,0.06329113924050624,1.1830018817976686,1.0169497604093758,1.7120117740681222,0.038454623332945546,0.07074024458752863,0.19856834673465384,0.37116491202684604,0.5250196613886534,0.5047285250508566,Credit Services,Financial Services,FCFS
2013Q3,2013,Q3,2013-10-25,2013-09-30,23141000.0,174187000.0,30594000.0,0.79,94553000.0,0.5428246654,602654000.0,387512000.0,261471000.0,48461000.0,215142000.0,82569000.0,472950000.0,1673252560.0,1804378560.0,13.406864101854415,5.395493283258703,0.26825508500731765,0.41718708065814736,0.04374177837705967,13.406864101854415,0.05971686038109788,9.606070257826358,18.076709735966467,4.317937405809368,0.0,0.9644539718296213,0.0,0.2890331765822512,3.5272899857617466,0.03839848403893445,78.1857184243727,0.5428246654457566,0.49056603773584906,1.504363648593939,1.0833144646765718,1.571797615648733,0.11566961651917404,0.47743088808018896,0.2535442104400557,0.7012734956092331,0.6852767608135715,0.557954442933862,Credit Services,Financial Services,FCFS
2013Q2,2013,Q2,2013-07-25,2013-06-30,15663000.0,143135000.0,24406000.0,0.53,84750000.0,0.5920983687,575443000.0,365802000.0,248652000.0,35533000.0,209641000.0,82005000.0,449809000.0,1458641670.0,1588907670.0,12.541639524119724,6.997776714603327,0.2832113693276311,0.44551970738268243,0.030410073646467306,12.541639524119724,0.04281824593632621,10.190670835225486,23.281645757517715,3.987516935391277,0.0,0.7119687823913176,0.0,0.24873879776102933,4.585399487800073,0.027219029512914397,102.84436790523867,0.5920983686729312,-0.22058823529411767,1.3423519436539604,0.3540500090189413,0.8471873650170894,-0.07962468234834169,-0.2270529016975918,-0.23766984226143995,0.37276657042615946,0.5133368265123917,0.5700048796043896,Credit Services,Financial Services,FCFS
2013Q1,2013,Q1,2013-05-08,2013-03-31,20264000.0,160839000.0,32015000.0,0.68,92082000.0,0.5725103986,505732000.0,394979000.0,233366000.0,34067000.0,110753000.0,64771000.0,434146000.0,1674651690.0,1699083690.0,13.474533483437384,6.850206945137523,0.12411909865304153,0.1589223730881895,0.045285742925463425,13.474533483437384,0.051303993376863075,10.411975267192659,20.660428469206476,4.239849941389289,0.0,1.0615398866776797,0.0,0.31803208023221785,4.705345348871342,0.040068652962438604,81.73019472913616,0.5725103985973551,-0.26881720430107525,2.142260783910729,0.6252314046740884,1.1018953016222037,-0.07765813592427505,-0.26603643739360355,-0.23487799631957557,0.7154268041352851,0.6922045754129835,0.7491188523087617,Credit Services,Financial Services,FCFS
2012Q4,2012,Q4,2013-02-22,2012-12-31,27609000.0,179240000.0,41843000.0,0.93,99835000.0,0.5569906271,507692000.0,352416000.0,241430000.0,31150000.0,155276000.0,65345000.0,413882000.0,1428807900.0,1492585900.0,12.238791456850148,7.750561797752809,0.22466968161798886,0.3236601062380823,0.06049023021143828,12.238791456850148,0.07834207300463089,7.9714790225396115,12.937881669020971,4.054321880958867,0.0,1.2151656591935114,0.0,0.3530486988173932,5.480321027287319,0.054381396594785816,49.75824133728017,0.556990627092167,0.45312500000000006,8.23075014903979,0.8828579279874652,0.8510537508502032,0.16170960459866415,0.461644343268569,0.37546431741231384,0.9167934507200104,0.785246082298036,0.7272309070736742,Credit Services,Financial Services,FCFS
2012Q3,2012,Q3,2012-10-26,2012-09-30,18889000.0,149695000.0,30421000.0,0.64,85938000.0,0.5740873109,488220000.0,316886000.0,229506000.0,38891000.0,171334000.0,65692000.0,386273000.0,1340373440.0,1437978440.0,11.07373497344143,5.9012625028927,0.25265044447175455,0.3892535485947628,0.04526408798503861,11.07373497344143,0.0596081871714118,8.9540294599018,17.740132352162636,4.229828518773314,0.0,0.9705443585215856,0.0,0.3066138216377862,3.892237278547736,0.03868952521404285,162.46950787878788,0.5740873108654264,0.14285714285714277,1.0002583867246058,0.5683922725901194,0.6694631855233009,0.1447258002211181,0.15536118417028563,0.21015991725674277,0.6428262102368011,0.6471264479694919,0.6916913200164452,Credit Services,Financial Services,FCFS
2012Q2,2012,Q2,2012-08-06,2012-06-30,16349000.0,132778000.0,25138000.0,0.56,75073000.0,0.565402401,405232000.0,290458000.0,189104000.0,32171000.0,114774000.0,52978000.0,367384000.0,1151191860.0,1197244860.0,10.135319980459208,5.878088962108731,0.18716685750384965,0.26112553277926587,0.044947017159801775,10.135319980459208,0.05628696747894704,8.67004970702978,17.60339867881828,3.963367715814335,0.0,1.0892257163350825,0.0,0.32765921743593796,4.143017002890803,0.04034479014490465,225.23808648014088,0.5654024010001657,-0.034482758620689495,1.0374515310612218,0.5856459555877228,0.4907685385545838,-0.04235072008980394,-0.06641160347190497,-0.06246969753477791,0.4490849151313942,0.6149865169529353,0.6186806546944307,Credit Services,Financial Services,FCFS
2012Q1,2012,Q1,2012-05-01,2012-03-31,17512000.0,135116000.0,26813000.0,0.58,78393000.0,0.580190355,375825000.0,302190000.0,176159000.0,41703000.0,73635000.0,47106000.0,351035000.0,1268686200.0,1260877200.0,10.21602434077079,4.22413255641081,0.060240803565489255,0.07491975247360932,0.054066541789856364,10.21602434077079,0.057950296171282965,9.389607448414695,18.11166914116035,4.198306363546114,0.0,1.204156583025517,0.0,0.3595183928690215,2.9859722322135096,0.04659615512539081,51.00246030150754,0.5801903549542615,-0.20547945205479456,0.8500676132521973,0.6274048084376178,0.6410600592657624,-0.013837696400940963,-0.1837800046609182,-0.16833126550868485,0.540109296163665,0.615549543599101,0.8191233085274275,Credit Services,Financial Services,FCFS
2011Q4,2011,Q4,2012-02-29,2011-12-31,21455000.0,146534000.0,32240000.0,0.73,79493000.0,0.5424884327,357096000.0,315372000.0,210478000.0,35405000.0,41724000.0,44412000.0,333523000.0,1037962200.0000001,967666200.0000001,10.661663286004057,5.944866544273408,0.0,0.0,0.06814808783959782,10.661663286004057,0.06803077001128825,7.08342227742367,12.094642274528082,3.2912313077888973,0.0,1.509524452850581,0.0,0.41034903779375853,4.3859059454879255,0.06008188274301588,57.928462998102475,0.5424884327186864,0.23728813559322037,1.4039079375844292,0.8046610897714969,0.8159060391795774,0.045547810074970406,0.16394509846471003,0.14435807333262343,0.8488925722417017,0.5824177247178444,1.0189856121013057,Credit Services,Financial Services,FCFS
2011Q3,2011,Q3,2011-10-24,2011-09-30,18433000.0,133349000.0,28173000.0,0.59,76030000.0,0.5701580064,341273000.0,295887000.0,200445000.0,38907000.0,45386000.0,54916000.0,312068000.0,1273098600.0,1226193600.0,9.7498022933966,5.151900686251832,0.004409959182238267,0.005086401227495632,0.06156636931292189,9.7498022933966,0.06229743111390497,9.547117713668644,17.26656811153909,4.3026513500086185,0.0,1.043757739092432,0.0,0.39073996477893064,3.5670701930243913,0.05401247681474948,97.41362001683373,0.570158006434244,0.22916666666666666,1.336106312845348,0.930294052021937,0.7594190489498742,0.10293904314271622,0.20178641283087756,0.2024327784891165,1.3826357566811152,0.5189963355826362,0.8702746668205326,Credit Services,Financial Services,FCFS
2011Q2,2011,Q2,2011-07-25,2011-06-30,15338000.0,120581000.0,23430000.0,0.48,68934000.0,0.5716821058,371217000.0,322695000.0,225749000.0,37480000.0,48522000.0,54636000.0,293635000.0,1305343130.0,1238706130.0,10.380384083378905,6.023185699039487,0.0043694119611978974,0.005026418134771223,0.04696022982164447,10.380384083378905,0.047530950278126406,10.825446214577752,21.276293030382057,4.045129704519748,0.0,0.945292481147961,0.0,0.324826179835514,4.291542155816435,0.041318150838997134,1271.0254430379746,0.571682105804397,-0.040000000000000036,1.4669475986746872,1.2344090046409344,1.1317416960681062,-0.01933336178566856,-0.3200035467281433,-0.043478260869565216,1.1520823381694159,0.07023880021020468,0.5288682381570714,Credit Services,Financial Services,FCFS
2011Q1,2011,Q1,2011-04-25,2011-03-31,22556000.0,120838000.0,24495000.0,0.5,70293000.0,0.5817127063,379289000.0,326398000.0,241161000.0,41046000.0,52891000.0,48884000.0,278297000.0,1208604600.0,1112172600.0,10.424387595413751,5.875383715831019,0.004579621344146548,0.0053217237850722125,0.048522407421900574,10.424387595413751,0.06910581559936028,10.001858686836922,13.395599840397233,3.702855409653246,0.0,1.033978397839784,0.0,0.3185908370661949,4.420674365346197,0.059469164673903015,62.34098106978903,0.5817127062678958,-0.1935483870967742,2.001607497265836,1.2004377827501902,0.8804097091652704,-0.0707883883248731,0.1534056044180814,-0.15048206977873343,2.2744809209131764,0.143117043192583,0.6261024054021208,Credit Services,Financial Services,FCFS
2010Q4,2010,Q4,2011-02-25,2010-12-31,19556000.0,129639000.0,28834000.0,0.62,75648000.0,0.583528105,342446000.0,298004000.0,204998000.0,34622000.0,44442000.0,47406000.0,255741000.0,970327890.0,904938890.0,9.517549742901856,5.921032869273872,0.005405231773768711,0.006211326022469497,0.062041281050110884,9.517549742901856,0.06562328022442651,7.484845532594358,12.404478037430966,3.2560901531523063,0.0,1.138906467535755,0.0,0.3785677157858465,4.3743284616717695,0.05710681392102696,52.501238502326586,0.5835281049684122,0.3478260869565217,1.5690185260296523,1.186380711101643,0.85769300882035,0.17442131246798007,0.37360398960455155,0.33047249907715026,5.0129347696327455,0.2523866603168989,0.439480051001377,Credit Services,Financial Services,FCFS
2010Q3,2010,Q3,2010-10-21,2010-09-30,14237000.0,108182000.0,21672000.0,0.46,64413000.0,0.595413285,303069000.0,260340000.0,168717000.0,34402000.0,42729000.0,44018000.0,236185000.0,839520750.0,808789750.0,8.60542756090305,4.904278820998779,0.006477072877793506,0.0075401398171621725,0.05339535603692788,8.60542756090305,0.05468617961127756,7.760262797877651,14.741882945845333,3.2247090343397096,0.0,0.9943432232268617,0.0,0.356955016844349,3.4471542352188824,0.0469761011518829,73.66801948051948,0.595413285019689,0.21052631578947373,1.2955998111738052,1.0460503717535972,0.7486703209498963,0.11354481804823234,0.20826614614274802,0.22676327408581456,0.4260544172137395,0.07211873478209464,0.2973440797590713,Credit Services,Financial Services,FCFS
2010Q2,2010,Q2,2010-08-09,2010-06-30,11783000.0,97676000.0,17666000.0,0.38,57845000.0,0.5922130308,283593000.0,240615000.0,159981000.0,35329000.0,42978000.0,34871000.0,221948000.0,656637800.0,617864800.0,7.988280601573653,4.52831951088341,0.02491246257841343,0.029362259210772394,0.045550456367181205,7.988280601573653,0.04897034681960809,6.722611491052049,13.931889162352542,2.728997776530973,0.0,1.142238536319578,0.0,0.34442316982436094,3.3677715191485746,0.04154898040501705,162.212895256917,0.5922130308366436,-0.025641025641025664,1.3708416117218658,1.2157002339886123,0.7372378175763298,0.005073584348339791,-0.024747558351266345,-0.00028294946522551073,0.39710311897332035,0.10979933411083208,0.17496807411425513,Credit Services,Financial Services,FCFS
2010Q1,2010,Q1,2010-05-05,2010-03-31,12082000.0,97213000.0,17671000.0,0.39,57553000.0,0.5920298725,275678000.0,230962000.0,151399000.0,34813000.0,44716000.0,31435000.0,210165000.0,647889410.0,608847410.0,7.703612287782262,4.348921379944274,0.030038668301424126,0.03585438297209065,0.04653091529322729,7.703612287782262,0.052311635680328365,6.664637548476027,13.40608777520278,2.805177518379647,0.0,1.261651025926515,0.0,0.35263241898156544,3.2813891362422085,0.04382649322760612,30.36886706665417,0.5920298725479103,-0.21999999999999997,1.1209924005311014,1.2037034253590364,0.6245326998278959,0.02462168417304611,-0.1943722077748883,-0.11658251262310654,0.2593392481905207,0.15522137488873086,0.23747653841186706,Credit Services,Financial Services,FCFS
2009Q4,2009,Q4,2010-03-15,2009-12-31,14997000.0,104536000.0,20003000.0,0.5,56170000.0,0.5373268539,256285000.0,212439000.0,136586000.0,35291000.0,43846000.0,34437000.0,198083000.0,665278390.0,647877390.0,7.085787665521497,3.8702785412711456,0.036584271416587,0.04413502228875112,0.0554662962469451,7.085787665521497,0.07059438238741474,6.364107962807071,11.090191204907649,3.1316207946751775,0.0,1.4044777419635857,0.0,0.4078896540960259,2.602221529568445,0.05851688549856605,17.689340051583397,0.5373268539067881,0.282051282051282,1.6227803144059525,1.1794850666597758,0.5712687170750493,0.012710718471107905,0.25246367128779024,0.12433252768253611,0.6578520068315928,0.2702089926776892,0.2068590302467887,Credit Services,Financial Services,FCFS
2009Q3,2009,Q3,2009-11-06,2009-09-30,11974000.0,94646000.0,17791000.0,0.39,55465000.0,0.5860258225,278536000.0,195076000.0,142155000.0,76542000.0,83460000.0,38410000.0,183086000.0,510491130.0,545513130.0,6.545954833730412,1.8572156463118288,0.19234138495562514,0.27463142570075255,0.04497863769486165,6.545954833730412,0.06138120527384199,5.393689432199987,10.658324912310004,2.6168833172712174,0.0,1.020072897682895,0.0,0.339798087141339,1.2119228658775574,0.042989057069822215,2789.569016393443,0.5860258225387233,0.026315789473684233,1.4351429791282817,1.1463034822795382,0.5813648650236609,0.10351756794397358,0.03670995670995671,0.1774321641297154,0.545379232310305,0.395195964311037,0.18126268425269948,Credit Services,Financial Services,FCFS
2009Q2,2009,Q2,2009-08-04,2009-06-30,11550000.0,84167000.0,15110000.0,0.38,50262000.0,0.5971699122,265690000.0,183699000.0,131670000.0,73596000.0,81991000.0,30748000.0,171112000.0,514001760.0,546974760.0,6.261469766173564,1.789091798467308,0.20768188490345893,0.3003772475625888,0.03993764976931902,6.261469766173564,0.06287459376480002,6.106927418109235,11.12557922077922,2.7980650956183757,0.0,1.1026733446077794,0.0,0.3167864804847755,1.1990325561171802,0.04347171515676164,62.386425537079745,0.5971699121983676,0.0,2.0283643258120385,1.3240688743843592,0.49219085101186383,-0.02666589205832801,0.027305879213732988,-0.01800220965750309,0.968436839593701,0.652623592386557,0.285871126926275,Credit Services,Financial Services,FCFS
2009Q1,2009,Q1,2009-05-08,2009-03-31,11243000.0,82696000.0,15387000.0,0.38,51639000.0,0.6244437458,245081000.0,164254000.0,114819000.0,27595000.0,80827000.0,25916000.0,159562000.0,436380160.0,473417160.0,5.615905361050328,4.160862475086066,0.23588935902823965,0.3519670753832479,0.04379064494617755,5.615905361050328,0.06844886578104643,5.2769198026506725,9.70337454416081,2.656739927185944,0.0,1.1983716622935638,0.0,0.33742313765652987,2.7254937488675486,0.04587462920422228,23.48781742827924,0.6244437457676308,-0.025641025641025664,1.2611903425682467,1.0578134350302868,0.3334726645687724,-0.026046774801961523,-0.020132473418162804,-0.11933379120879122,0.601676451095549,0.6120957468945075,0.0130286187092977,Credit Services,Financial Services,FCFS
2008Q4,2008,Q4,2009-03-16,2008-12-31,11474000.0,91562000.0,17472000.0,0.39,53020000.0,0.5790611826,265343000.0,154450000.0,130857000.0,32818000.0,110893000.0,28738000.0,148319000.0,557466880.0,613397880.0,5.28070295404814,3.9873545005789506,0.3201026595764727,0.5499320168339268,0.04541339499571543,5.28070295404814,0.07428941404985433,6.088408728511828,12.146306431933066,3.609367950793137,0.0,1.341151089150254,0.0,0.34507034291464256,2.6270339447863975,0.04324214318825068,26.034039135104845,0.5790611825866626,0.3000000000000001,1.6791494736829191,1.3506109099154961,0.3721198218236385,0.03145730793922534,1.2472471825371172,0.23897319529144803,0.6136257557130557,0.6531267348147336,0.030719589010647978,Credit Services,Financial Services,FCFS
2008Q3,2008,Q3,2008-11-10,2008-09-30,-46407000.0,84568000.0,14102000.0,0.3,51403000.0,0.607830385,266261000.0,152403000.0,172195000.0,29772000.0,113858000.0,33781000.0,136845000.0,438525000.0,501216000.0,5.213032324268855,5.78379013838506,0.29294564356026603,0.5118009488002204,0.03871553721655476,5.213032324268855,-0.30450187988425426,5.185472046164033,-2.3623860624474755,2.8774039881104705,0.0,0.981764897427548,0.0,0.31761316903339204,2.686080881365041,-0.17429139077822137,294.1146881287726,0.6078303850156087,0.30434782608695643,-12.338415191619363,1.228164710277393,0.3639390934414313,-0.0086401419451891,-7.924350940017905,0.228397212543554,-8.743308079722082,0.6551323390852672,0.05931690704334814,Credit Services,Financial Services,FCFS
2008Q2,2008,Q2,2008-07-24,2008-06-30,6702000.0,105948000.0,11480000.0,0.23,51851000.0,0.4894004606,298057000.0,198480000.0,144859000.0,23611000.0,99577000.0,37007000.0,183252000.0,438202670.0,493107670.0,6.78958711045736,6.135233577569776,0.22969767527687657,0.3449365175332527,0.02710706422260977,6.78958711045736,0.03376662636033857,4.136016442028165,16.345966502536555,2.2077925735590487,0.0,1.461804523468533,0.0,0.3554622102483753,4.306340265130659,0.02248563194288341,199.18303181818183,0.4894004606033148,0.0454545454545455,1.022895174738103,1.8717541581242667,0.839921754604709,0.030159140126755805,0.0010455563853622107,0.04117540359151097,0.3894633200466068,1.4763492768162487,0.4765539772966588,Credit Services,Financial Services,FCFS
2008Q1,2008,Q1,2008-05-09,2008-03-31,6695000.0,102741000.0,11026000.0,0.22,50333000.0,0.4899017919,289032000.0,195088000.0,136994000.0,25616000.0,93944000.0,35346000.0,176550000.0,314360679.94,361196679.94,6.41065873882395,5.347985633978763,0.20940587893382048,0.31024460756171574,0.02723430019784044,6.41065873882395,0.03431784630525712,3.0597393439814677,11.738636293502614,1.6113788646149432,0.0,1.482713744129463,0.0,0.3554658307730632,3.7177154903185508,0.023163525146004595,25.6725749236423,0.4899017918844473,1.2,0.6923076830668498,1.6528204089963492,0.9140704711649278,0.1848076832540841,1.1180006327111673,0.8691303610781489,0.15789473422065278,1.2945144971485671,0.351875504582938,Credit Services,Financial Services,FCFS
2007Q4,2007,Q4,2008-03-14,2007-12-31,3161000.0,100607000.0,5899000.0,0.1,42482000.0,0.4222569006,291548000.0,201209000.0,142798000.0,21048000.0,90339000.0,35612000.0,169855000.0,446739088.24,493752088.24,6.611796902833738,6.7843975674648425,0.2098728168260458,0.30410170519211366,0.01429840643651541,6.611796902833738,0.015710032851413206,4.440437427216795,35.33210125276811,2.2202738855617787,0.0,1.6321745479052006,0.0,0.3450786834414916,4.588274420372482,0.010842125481910355,50.65643363646672,0.4222569006132774,-0.6875,-0.15535098756676946,1.6380874200481244,1.0562666970411947,-0.19610180717191789,-0.6956186807896004,-0.6521816037735849,-0.45537166014035635,1.0664953626322367,0.4661615796966947,Credit Services,Financial Services,FCFS
2007Q3,2007,Q3,2007-11-09,2007-09-30,10385000.0,104963000.0,16960000.0,0.32,52845000.0,0.5034631251,285962000.0,208742000.0,139480000.0,16861000.0,77220000.0,34947000.0,164116000.0,763454849.22,806193849.22,6.633111211715829,8.27234446355495,0.19075961141690154,0.2613273802109781,0.04129330754775761,6.633111211715829,0.049750409596535435,7.273561628573879,18.378787896485317,3.65740890295197,0.0,1.4913440352533838,0.0,0.3670522656856505,5.588755115354961,0.03631601401584826,-104.7406844862121,0.5034631251012261,0.18518518518518512,2.4137931619571407,1.9894403814286972,1.1497188856283131,0.07073388175223892,0.16882386043894204,0.17892395384401502,0.9999999691724112,1.254049125856372,0.6024200108976688,Credit Services,Financial Services,FCFS
2007Q2,2007,Q2,2007-08-07,2007-06-30,8885000.0,92720000.0,14386000.0,0.27,49354000.0,0.5322907679,272984000.0,215738000.0,134652000.0,20145000.0,57246000.0,32168000.0,153731000.0,744118753.35,756552753.35,6.7987214100226385,6.684139985107967,0.11434003458078129,0.1446801212581928,0.0368733333039142,6.7987214100226385,0.04118421418572528,8.025439531384814,20.93750009425999,3.4491779535825864,0.0,1.34810992290475,0.0,0.3396536060721507,4.658724249193348,0.0325476951030097,-79.3303575,0.5322907679033649,-0.12903225806451607,2.2307692638969634,1.8347775777194195,1.2222523457562067,-0.025702779532533165,-0.1356163050880436,-0.1304925959504382,1.153846113713719,1.3670731056792198,0.6202250055443368,Credit Services,Financial Services,FCFS
2007Q1,2007,Q1,2007-05-10,2007-03-31,10279000.0,90160000.0,16545000.0,0.31,50656000.0,0.5618456078,242551000.0,199967000.0,115274000.0,22841000.0,42584000.0,30048000.0,144846000.0,715675375.0,717272375.0,6.22525926646561,5.046801803773915,0.05679217978899283,0.06888636625043132,0.049045210242931,6.22525926646561,0.051403481574459786,7.937836901064774,17.40625,3.5789674046217623,0.0,1.3146964856230032,0.0,0.37171563918516104,3.4522131255198985,0.04237871622875189,-1720.3734975961538,0.5618456078083407,0.03333333333333337,1.9999999999999998,1.5841228590553154,1.1214467749659602,0.03385921587035941,0.06056541477507223,0.06467181467181467,0.8823529702587872,1.0428227436337416,0.47816113840864016,Credit Services,Financial Services,FCFS
