Quarters,Year,Quarter,FillingDate,Date,NetIncome,Revenue,OperatingIncome,EPSDiluted,GrossProfit,GrossProfitRatio,TotalAssets,CommonStockEquity,CurrentAssets,CurrentLiability,TotalLiability,Inventory,RetainedEarnings,MarketCap,EnterpriseValue,bookValuePerShare,currentRatio,debtToAssets,debtToEquity,roic,shareholdersEquityPerShare,roe,priceToSalesRatio,peRatio,pbRatio,payoutRatio,inventoryTurnover,dividendYield,assetTurnover,quickRatio,returnOnAssets,priceToFreeCashFlowsRatio,grossProfitMargin,epsdilutedGrowth,fiveYNetIncomeGrowthPerShare,fiveYRevenueGrowthPerShare,fiveYShareholdersEquityGrowthPerShare,grossProfitGrowth,netIncomeGrowth,operatingIncomeGrowth,threeYNetIncomeGrowthPerShare,threeYRevenueGrowthPerShare,threeYShareholdersEquityGrowthPerShare,Industry,Sector,Symbol
2023Q1,2023,Q1,2023-05-02,2023-03-31,13200000.0,273800000.0,17800000.0,0.35,98400000.0,0.3593864134,461600000.0,217000000.0,335400000.0,155800000.0,244600000.0,166100000.0,31400000.0,1022604000.0,1072804000.0,5.695538057742782,2.1527599486521183,0.21317157712305027,0.4534562211981567,0.03250637110593611,5.695538057742782,0.060829493087557605,3.7348575602629657,19.3675,4.712460829493088,0.5833333333333334,1.0559903672486455,0.007529796480357989,0.5931542461005199,1.039152759948652,0.02859618717504333,37.05086956521739,0.3593864134404675,-0.027777777777777804,-0.11724733038507171,-0.24737532808398952,-0.05413385826771654,0.04904051172707889,-0.043478260869565216,0.005649717514124294,0.5928557710773958,0.19192898951863305,0.5593448422433034,Industrial Distribution,Industrials,GIC
2022Q4,2022,Q4,2023-02-23,2022-12-31,13800000.0,260500000.0,17700000.0,0.36,93800000.0,0.3600767754,455200000.0,210400000.0,325700000.0,153100000.0,244800000.0,179400000.0,25900000.0,894140000.0,967740000.0,5.536842105263158,2.1273677335075116,0.22429701230228472,0.4852661596958175,0.032551054018445325,5.536842105263158,0.0655893536121673,3.4323992322456816,16.1981884057971,4.249714828897338,0.4927536231884058,0.9292084726867336,0.007605073031068959,0.5722759226713533,0.89157413455258,0.03031634446397188,36.79588477366255,0.3600767754318618,-0.3207547169811321,-0.6013858611024603,-0.23070095838507337,-0.03013766711396045,-0.1200750469043152,-0.31683168316831684,-0.3563636363636364,0.1873684210526317,0.16002652896868633,0.18624081571449994,Industrial Distribution,Industrials,GIC
2022Q3,2022,Q3,2022-11-01,2022-09-30,20200000.0,298500000.0,27500000.0,0.53,106600000.0,0.357118928,474400000.0,202000000.0,346300000.0,180100000.0,272400000.0,189400000.0,18900000.0,1019539999.9999999,1111040000.0,5.315789473684211,1.9228206551915603,0.2350337268128162,0.551980198019802,0.050006718323106554,5.315789473684211,0.1,3.4155443886097148,12.618069306930693,5.047227722772277,0.3415841584158416,1.0131995776135163,0.006767758008513644,0.6292158516020236,0.8178789561354803,0.04258010118043845,44.91365638766519,0.35711892797319933,-0.11666666666666659,0.7405682347461574,-0.0897440123955363,-0.16482288523857413,-0.05663716814159292,-0.11403508771929824,-0.09836065573770492,0.5696228760878573,0.20775878811419707,0.20157989911487573,Industrial Distribution,Industrials,GIC
2022Q2,2022,Q2,2022-08-02,2022-06-30,22800000.0,318500000.0,30500000.0,0.6,113000000.0,0.3547880691,505400000.0,187700000.0,372100000.0,219400000.0,317700000.0,205700000.0,5600000.0,1283260000.0,1397560000.0,4.939473684210526,1.695989061075661,0.27265532251681834,0.7341502397442727,0.05267598271695887,4.939473684210526,0.12147043153969099,4.029073783359498,14.070833333333335,6.836760788492276,0.3026315789473684,0.9990277102576568,0.005376930629802222,0.6301939058171745,0.7228805834092981,0.045112781954887216,116.66,0.35478806907378335,0.052631578947368474,0.6086956521739129,-0.00920632251555406,-0.18555915189042133,0.04823747680890538,0.045871559633027525,0.03389830508474576,0.541095890410959,0.2643170174027184,0.18661283252975486,Industrial Distribution,Industrials,GIC
2022Q1,2022,Q1,2022-05-06,2022-03-31,21800000.0,288600000.0,29500000.0,0.57,107800000.0,0.3735273735,446400000.0,170800000.0,345000000.0,207100000.0,275600000.0,204400000.0,-10300000.0,1221517000.0,1308217000.0,4.506596306068602,1.6658619024625785,0.22692652329749105,0.5930913348946136,0.06343184947585626,4.506596306068602,0.12763466042154567,4.2325606375606375,14.00822247706422,7.15173887587822,0.3211009174311927,0.8845401174168297,0.00573057927151239,0.646505376344086,0.6446161274746499,0.04883512544802868,-80.36296052631579,0.37352737352737353,0.0754716981132074,2.156614133922841,-0.06357138184434888,-0.19978337667898818,0.11134020618556702,0.07389162561576355,-0.39918533604887985,1.2177733046813375,0.22649703762792056,0.1704632072705952,Industrial Distribution,Industrials,GIC
2021Q4,2021,Q4,2022-03-17,2021-12-31,20300000.0,262000000.0,49100000.0,0.53,97000000.0,0.3702290076,405000000.0,153600000.0,301400000.0,179900000.0,251400000.0,172800000.0,-25500000.0,1550110000.0,1618210000.0,4.052770448548813,1.6753752084491385,0.20617283950617285,0.5436197916666666,0.12081268234384336,4.052770448548813,0.13216145833333334,5.91645038167939,19.090024630541873,10.091861979166666,2.1625615763546797,0.9548611111111112,0.028320570798201418,0.6469135802469136,0.679266259032796,0.050123456790123457,-1409.1909090909091,0.3702290076335878,-0.13114754098360648,10.488126649076516,-0.37988678594628916,-0.2968140826211948,-0.049019607843137254,-0.12121212121212122,0.6045751633986928,0.5250861044532619,0.18443841407470532,0.09780927909129065,Industrial Distribution,Industrials,GIC
2021Q3,2021,Q3,2021-11-04,2021-09-30,23100000.0,277400000.0,30600000.0,0.61,102000000.0,0.36770007209805333,429800000.0,153300000.0,322000000.0,200800000.0,276500000.0,141400000.0,-24400000.0,1432242000.0,1459442000.0,4.055555555555555,1.6035856573705178,0.18915774778966962,0.5303326810176126,0.0739241265557055,4.055555555555555,0.1506849315068493,5.1630930064888245,15.500454545454545,9.342739726027398,0.26406926406926406,1.2404526166902405,0.004259056779510725,0.6454164727780363,0.8645418326693227,0.05374592833876222,82.7885549132948,0.36770007209805333,0.0701754385964913,4.919540229885057,-0.34185914803079703,-0.31980763450556055,0.04081632653061224,0.05,0.2388663967611336,-0.8728560775540642,0.157747351131575,-0.5936798635425083,Industrial Distribution,Industrials,GIC
2021Q2,2021,Q2,2021-08-05,2021-06-30,22000000.0,272600000.0,24700000.0,0.57,98000000.0,0.359501100513573,402800000.0,134500000.0,292300000.0,190300000.0,268300000.0,131400000.0,-41400000.0,1383967000.0,1426167000.0,3.5676392572944295,1.535995796111403,0.2080436941410129,0.6230483271375464,0.07012834279286188,3.5676392572944295,0.16356877323420074,5.076914893617022,15.726897727272727,10.28971747211896,0.2772727272727273,1.3287671232876712,0.004407619545841773,0.6767626613704072,0.8029427220178665,0.05461767626613704,135.68303921568628,0.359501100513573,0.46153846153846134,3.9335436231987955,-0.36077800526469733,-0.42045336082378704,0.2677878395860285,0.4473684210526316,2.742424242424242,0.19275949514676305,-0.2591996271423427,-0.32733816334844,Industrial Distribution,Industrials,GIC
2021Q1,2021,Q1,2021-05-07,2021-03-31,15200000.0,251100000.0,6600000.0,0.39,77300000.0,0.30784547988849065,391500000.0,117400000.0,282900000.0,194600000.0,274100000.0,134700000.0,-57300000.0,1550223962.3,1598123962.3,3.114058355437666,1.4537512846865366,0.21660280970625798,0.7223168654173765,0.019458590190297508,3.114058355437666,0.12947189097103917,6.173731430904022,25.497104643092104,13.204633409710391,0.42105263157894735,1.2902746844840387,0.004128435732927645,0.6413793103448275,0.7276464542651593,0.038825031928480205,77.511198115,0.30784547988849065,-0.04878048780487796,1.8646294905015255,-0.42507279309480817,-0.5153877307603296,-0.16970998925886144,-0.06172839506172839,-0.6872037914691943,0.027288252607100136,-0.3024499964155137,-0.48284388025767333,Industrial Distribution,Industrials,GIC
2020Q4,2020,Q4,2021-03-18,2020-12-31,16200000.0,273900000.0,21100000.0,0.41,93100000.0,0.3399050748448339,374900000.0,106800000.0,263800000.0,186400000.0,268100000.0,132300000.0,-66500000.0,1345874962.5,1410974962.5,2.848,1.4152360515021458,0.23339557215257403,0.8192883895131086,0.05819730305180979,2.848,0.15168539325842698,4.9137457557502735,20.769675347222226,12.601825491573035,4.962962962962963,1.3665910808767952,0.059738090268545284,0.7305948252867431,0.6689914163090128,0.04321152307281942,55.38580092592593,0.3399050748448339,-0.3692307692307693,1.4931446153846155,1.7315831533477322,-0.5838487593540764,-0.08993157380254155,-0.34146341463414637,-0.32802547770700635,-0.5258224852071006,-0.18034361766485177,-0.5011293673276677,Industrial Distribution,Industrials,GIC
2020Q3,2020,Q3,2020-10-30,2020-09-30,24600000.0,285700000.0,31400000.0,0.65,102300000.0,0.35806790339516975,442700000.0,168100000.0,332000000.0,190200000.0,274600000.0,132300000.0,-1900000.0,897750037.5,907850037.5,4.482666666666667,1.7455310199789695,0.19990964535803027,0.5264723378941106,0.06961313260936558,4.482666666666667,0.14634146341463414,3.142282245362268,9.123475990853658,5.340571311719215,0.21544715447154472,1.3862433862433863,0.0059036477623093395,0.645358030268805,1.0115667718191377,0.05556810481138468,33.00551608455882,0.35806790339516975,0.5116279069767442,3.362873786407767,-0.5958064731398065,-0.42394550282877264,0.20636792452830188,0.5,0.5621890547263682,1.1479646017699117,-0.1171604551623343,-0.29571691436659586,Industrial Distribution,Industrials,GIC
2020Q2,2020,Q2,2020-07-31,2020-06-30,16400000.0,242100000.0,20100000.0,0.43,84800000.0,0.3502684840974804,396700000.0,148700000.0,307200000.0,186500000.0,248000000.0,132400000.0,-21200000.0,770250037.5,779550037.5,3.965333333333333,1.6471849865951742,0.16990168893370305,0.45326160053799597,0.05396825396825397,3.965333333333333,0.11028917283120376,3.1815367100371748,11.741616425304878,5.179892652992603,0.3231707317073171,1.1880664652567976,0.0068808824952507714,0.610284850012604,0.9024128686327078,0.041341063776153264,1100.3571964285713,0.3502684840974804,1.0476190476190477,1.5713051643192488,-0.6763275675675676,-0.5123836040216551,0.10560625814863103,1.0,0.7478260869565218,0.17256038647342994,-0.23683067092651755,-0.34617944147355917,Industrial Distribution,Industrials,GIC
2020Q1,2020,Q1,2020-05-05,2020-03-31,8200000.0,227300000.0,11500000.0,0.21,76700000.0,0.3374395072591289,361300000.0,137700000.0,272400000.0,164500000.0,223600000.0,107600000.0,-32300000.0,668421000.0,670121000.0,3.6525198938992043,1.6559270516717326,0.18212012178245227,0.47785039941902685,0.031366144280977566,3.6525198938992043,0.05954974582425563,2.940699516058073,20.378689024390244,4.854183006535948,5.280487804878049,1.399628252788104,0.06477953265980572,0.6291170772211458,0.9671732522796352,0.022695820647661222,50.25721804511278,0.3374395072591289,-0.3,1.2821502105321734,-0.7153442436132601,-0.5848391909814323,0.02266666666666667,-0.28695652173913044,-0.2013888888888889,1.4373646856405475,-0.2585606243286493,-0.3514379949735065,Industrial Distribution,Industrials,GIC
2019Q4,2019,Q4,2020-03-13,2019-12-31,11500000.0,222200000.0,14400000.0,0.3,75000000.0,0.33753375337533753,396900000.0,175500000.0,304300000.0,159800000.0,221400000.0,112500000.0,2800000.0,946016000.0,917416000.0,4.667553191489362,1.9042553191489362,0.1728395061728395,0.3908831908831909,0.036456667732651105,4.667553191489362,0.06552706552706553,4.257497749774977,20.565565217391306,5.390404558404558,0.391304347826087,1.3084444444444445,0.004756790582823123,0.5598387503149408,1.1602002503128912,0.028974552784076592,337.86285714285714,0.33753375337533753,-0.09090909090909098,1.4449833124739258,-0.7598365508095547,-0.5184476546044068,-0.11137440758293839,-0.09448818897637795,-0.22162162162162163,6.4179331306990886,-0.46989107737456964,-0.19014468879009208,Industrial Distribution,Industrials,GIC
2019Q3,2019,Q3,2019-11-01,2019-09-30,12700000.0,243900000.0,18500000.0,0.33,84400000.0,0.3460434604346043,399600000.0,165900000.0,302700000.0,171200000.0,233700000.0,102300000.0,-4200000.0,825375000.0,798875000.0,4.424,1.768107476635514,0.17792792792792791,0.42857142857142855,0.04470774593229189,4.424,0.07655213984327909,3.3840713407134073,16.24753937007874,4.975135623869801,0.36220472440944884,1.5591397849462365,0.00557322429198849,0.6103603603603603,1.1314252336448598,0.03178178178178178,75.72247706422019,0.3460434604346043,-0.13157894736842102,5.487333333333333,-0.7076588320814151,-0.5812999999999999,-0.018604651162790697,-0.13013698630136986,-0.075,3.1721379310344826,-0.4167097396335584,-0.25801262398557245,Industrial Distribution,Industrials,GIC
2019Q2,2019,Q2,2019-08-06,2019-06-30,14600000.0,248600000.0,20000000.0,0.38,86000000.0,0.34593724859211583,389500000.0,156100000.0,293100000.0,167900000.0,233400000.0,101400000.0,-12300000.0,804375037.5,787775037.5,4.1626666666666665,1.745681953543776,0.19050064184852375,0.47533632286995514,0.048689230367048184,4.1626666666666665,0.09352978859705317,3.235619619871279,13.773545162671233,5.152947069186419,0.3082191780821918,1.6035502958579881,0.005594405333594157,0.6382541720154044,1.1137581893984514,0.03748395378690629,32.56579099190284,0.34593724859211583,0.52,3.329720430107527,-0.704068984879477,-0.6147794129874449,0.07098381070983811,0.5051546391752577,0.5151515151515151,2.9571891891891893,-0.4139467680608365,-0.32379388646288215,Industrial Distribution,Industrials,GIC
2019Q1,2019,Q1,2019-05-07,2019-03-31,9700000.0,232200000.0,13200000.0,0.25,80300000.0,0.3458225667527993,358200000.0,144000000.0,274400000.0,159800000.0,214200000.0,105900000.0,-22400000.0,863940000.0,855840000.0,3.8502673796791442,1.7171464330413015,0.17280848687883862,0.42986111111111114,0.037341299477221805,3.8502673796791442,0.06736111111111111,3.720671834625323,22.26649484536083,5.999583333333334,25.567010309278352,1.4343720491029273,0.28705697154895016,0.6482412060301508,1.0118898623279098,0.027079843662758236,37.4,0.3458225667527993,-0.28571428571428564,4.198752228163992,-0.7369858283259595,-0.6474637638007218,0.1,-0.2595419847328244,-0.050359712230215826,1.5561960990386694,-0.46408228674946433,-0.4008182894878513,Industrial Distribution,Industrials,GIC
2018Q4,2018,Q4,2019-03-14,2018-12-31,13100000.0,217700000.0,13900000.0,0.35,73000000.0,0.3353238401469913,530000000.0,137700000.0,497400000.0,379600000.0,392300000.0,107300000.0,-27600000.0,891096962.6999999,595696962.6999999,3.6916890080428955,1.3103266596417282,0.0,0.0,0.08332967788159261,3.6916890080428955,0.09513435003631082,4.093233636655948,17.005667227099234,6.471292394335512,0.31297709923664124,1.348555452003728,0.004601070558670865,0.4107547169811321,0.9997365648050579,0.02471698113207547,-222.774240675,0.3353238401469913,-0.9258474576271187,1.6562948520053078,-0.7529186937503451,-0.6637309372289829,-0.11192214111922141,-0.9267337807606264,-0.24456521739130435,1.4009156527118993,1.5845915436684637,-0.460568482873606,Industrial Distribution,Industrials,GIC
2018Q3,2018,Q3,2018-11-07,2018-09-30,178800000.0,235800000.0,18400000.0,4.72,82200000.0,0.3486005089058524,528300000.0,371300000.0,490600000.0,143900000.0,157000000.0,91200000.0,206900000.0,1212348000.0000002,909548000.0000002,9.981182795698924,3.409312022237665,0.0,0.0,0.04001549693157874,9.981182795698924,0.4815513062213843,5.14142493638677,1.6951174496644297,3.2651440883382716,0.022930648769574943,1.6842105263157894,0.0033818672526370313,0.4463373083475298,2.7150799166087562,0.3384440658716638,-32.15777188328913,0.3486005089058524,8.833333333333334,16.330923248053395,-0.7037986132047029,-0.1279722232801412,-0.18694362017804153,8.824175824175825,-0.2727272727272727,18.312558722204823,-0.6637120991959701,0.28265286359691755,Industrial Distribution,Industrials,GIC
2018Q2,2018,Q2,2018-08-07,2018-06-30,18200000.0,363100000.0,25300000.0,0.48,101100000.0,0.2784356926466538,474400000.0,197300000.0,418500000.0,255300000.0,277100000.0,126400000.0,32200000.0,1277076074.4,1180176074.4,5.303763440860215,1.6392479435957696,0.0,0.0,0.0902179422199696,5.303763440860215,0.09224531170805879,3.5171469964197195,17.54225376923077,6.472762668018246,2.269230769230769,2.0727848101265822,0.03233949866252384,0.7653878583473862,1.1218174696435566,0.03836424957841484,-1277.0760744000002,0.2784356926466538,0.26315789473684204,3.9675656619072797,-0.5518145328091765,-0.5410681774746774,0.045501551189245086,0.2465753424657534,0.25870646766169153,1.639122368620324,-0.510643344957861,-0.34779707107751423,Industrial Distribution,Industrials,GIC
2018Q1,2018,Q1,2018-05-08,2018-03-31,14600000.0,355200000.0,20100000.0,0.38,96700000.0,0.27224099099099097,520300000.0,224000000.0,463700000.0,273400000.0,296300000.0,130900000.0,55300000.0,1062059962.8,921059962.8,6.021505376344086,1.6960497439648865,0.0,0.0,0.06370982142857143,6.021505376344086,0.06517857142857143,2.990033679054054,18.185958267123286,4.741339119642857,4.095890410958904,1.9747899159663866,0.056305672084977304,0.6826830674610801,1.1971470373079736,0.028060734191812417,66.7962240754717,0.27224099099099097,-0.5730337078651685,3.3050008533879502,-0.5988528186889461,-0.4864091772136211,0.09265536723163842,-0.5680473372781065,0.046875,1.5091172268591624,-0.5491917010812897,-0.3155703141471643,Industrial Distribution,Industrials,GIC
2017Q4,2017,Q4,2018-03-15,2017-12-31,33800000.0,330600000.0,19200000.0,0.89,88500000.0,0.2676950998185118,551400000.0,211800000.0,494100000.0,315800000.0,339600000.0,131500000.0,44800000.0,1234317000.0,1049817000.0,5.708894878706199,1.564597846738442,0.0,0.0,0.1570647316356365,5.708894878706199,0.15958451369216242,3.7335662431941925,9.129563609467457,5.827747875354109,0.11242603550295859,1.8410646387832699,0.0030786256690947295,0.5995647442872688,1.136162127929069,0.06129851287631483,112.21063636363637,0.2676950998185118,2.06896551724138,2.2451571689829417,-0.6474587725237976,-0.526710485072531,-0.012276785714285714,1.991150442477876,0.06666666666666667,2.3254901960784315,-0.6378573775879066,-0.41101223581757507,Industrial Distribution,Industrials,GIC
2017Q3,2017,Q3,2017-11-07,2017-09-30,11300000.0,319300000.0,18000000.0,0.29,89600000.0,0.28061384278108364,502700000.0,235500000.0,468500000.0,241900000.0,267200000.0,122900000.0,70500000.0,977910000.0,801910000.0,6.364864864864865,1.9367507234394379,0.0,0.0,0.06088740148979812,6.364864864864865,0.04798301486199576,3.0626683369871595,21.63517699115044,4.152484076433121,0.3274336283185841,1.86899918633035,0.0037835792659856224,0.6351700815595783,1.4076064489458453,0.022478615476427294,54.631843575419,0.28061384278108364,-0.21621621621621626,-0.18910204279683634,-0.6229739135039197,-0.5106495362879759,-0.020765027322404372,-0.18115942028985507,-0.17050691244239632,5.046621621621622,-0.6121117361606822,-0.39761100386100384,Industrial Distribution,Industrials,GIC
2017Q2,2017,Q2,2017-08-08,2017-06-30,13800000.0,313000000.0,21700000.0,0.37,91500000.0,0.29233226837060705,485000000.0,224400000.0,449200000.0,232600000.0,260600000.0,122600000.0,62900000.0,695599963.0,535799963.0,6.064864864864865,1.9312123817712812,0.0,0.0,0.08561260200493875,6.064864864864865,0.06149732620320856,2.2223640990415334,12.601448605072463,3.099821581996435,0.26811594202898553,1.8066884176182707,0.005319149219103682,0.6453608247422681,1.3826311263972484,0.02845360824742268,41.40475970238095,0.29233226837060705,1.74,7.160225789295557,-0.6322523985953606,-0.5149951943225411,0.2923728813559322,1.7459459459459459,0.75,3.2318221447253705,-0.622372824033274,-0.43874660392495257,Industrial Distribution,Industrials,GIC
2017Q1,2017,Q1,2017-05-11,2017-03-31,-18500000.0,302500000.0,12400000.0,-0.5,70800000.0,0.2340495867768595,455900000.0,209500000.0,419000000.0,221400000.0,246400000.0,117500000.0,52800000.0,412548000.0,268048000.0,5.631720430107527,1.8925022583559168,0.0,0.0,0.048384286093116645,5.631720430107527,-0.0883054892601432,1.363795041322314,-5.574972972972973,1.9692028639618138,-0.0972972972972973,1.9719148936170212,0.0043631286541202475,0.6635227023470059,1.3401084010840107,-0.04057907435841193,-142.25793103448277,0.2340495867768595,-7.333333333333334,-3.5863304383204375,-0.6721242698888974,-0.5555321105985781,-0.13341493268053856,-7.809523809523809,0.7714285714285715,-5.133512544802867,-0.6555144768559898,-0.48435125980208243,Industrial Distribution,Industrials,GIC
2016Q4,2016,Q4,2017-03-16,2016-12-31,-2100000.0,414700000.0,7000000.0,-0.06,81700000.0,0.1970098866650591,566100000.0,214400000.0,511200000.0,325000000.0,351700000.0,140700000.0,73100000.0,326244000.0,176744000.0,5.763440860215054,1.5729230769230769,0.0003532944709415298,0.0009328358208955224,0.004477093726586626,5.763440860215054,-0.009794776119402986,0.7866988184229563,-38.83857142857143,1.521660447761194,-0.8571428571428571,2.366737739872068,0.005517342847684555,0.7325560854972619,1.1206153846153846,-0.0037095919448860626,1087.48,0.1970098866650591,0.625,-1.1407900298058,-0.5837423967826197,-0.536341223005733,0.046094750320102434,0.6379310344827587,3.0,0.8945096122515477,-0.5280658694421889,-0.4750189270606672,Industrial Distribution,Industrials,GIC
2016Q3,2016,Q3,2016-11-07,2016-09-30,-5800000.0,414800000.0,-3500000.0,-0.16,78100000.0,0.18828351012536163,572500000.0,221800000.0,510600000.0,322100000.0,350700000.0,119500000.0,77000000.0,294624000.0,142524000.0,5.962365591397849,1.5852219807513195,0.0005240174672489083,0.001352569882777277,-0.02222376153038017,5.962365591397849,-0.026149684400360685,0.7102796528447445,-12.699310344827586,1.3283318304779081,0.0,2.817573221757322,0.0,0.7245414847161572,1.1809996895374106,-0.010131004366812227,-25.181538461538462,0.18828351012536163,0.20000000000000004,-1.536098238032083,-0.5477943375077885,-0.5047408996469943,-0.04171779141104295,0.21621621621621623,-4.181818181818182,0.5026881720430108,-0.4789468395136167,-0.47908494242805094,Industrial Distribution,Industrials,GIC
2016Q2,2016,Q2,2016-08-09,2016-06-30,-7400000.0,420800000.0,1100000.0,-0.2,81500000.0,0.1936787072243346,593200000.0,229000000.0,529500000.0,334700000.0,364200000.0,126400000.0,84700000.0,317316000.0,152416000.0,6.155913978494624,1.5820137436510309,0.0005057316250842886,0.0013100436681222707,-0.09594417793283908,6.155913978494624,-0.032314410480349345,0.7540779467680608,-10.720135135135134,1.385659388646288,0.0,2.6843354430379747,0.0,0.7093728927848955,1.1747833881087542,-0.012474713418745786,109.41931034482758,0.1936787072243346,0.5744680851063829,-1.4709168085131379,-0.5223136321489426,-0.48012046661540075,-0.022781774580335732,0.5722543352601156,3.2,-0.20659263176449838,-0.4805936530049613,-0.4673320458271724,Industrial Distribution,Industrials,GIC
2016Q1,2016,Q1,2016-05-10,2016-03-31,-17300000.0,429800000.0,-500000.0,-0.47,83400000.0,0.19404374127501164,620600000.0,238400000.0,552600000.0,347200000.0,382200000.0,133300000.0,92100000.0,325367000.0,163067000.0,6.425876010781671,1.5915898617511521,0.0014502094747019013,0.0037751677852348995,0.002872962808190556,6.425876010781671,-0.07256711409395973,0.7570195439739413,-4.701835260115606,1.3647944630872482,0.0,2.5986496624156037,0.0,0.6925555913631969,1.1745391705069124,-0.027876248791492104,-6.2330842911877395,0.19404374127501164,0.4597701149425288,-2.277206215157364,-0.5370732162528172,-0.44286513487551465,2.6578947368421053,0.4676923076923077,-1.0155763239875388,-1.7386300432122532,-0.5132945277234446,-0.4519192890757911,Industrial Distribution,Industrials,GIC
2015Q4,2015,Q4,2016-03-17,2015-12-31,-32500000.0,-370400000.0,32100000.0,-0.87,22800000.0,0.061555075593952485,710100000.0,253900000.0,640300000.0,426100000.0,456200000.0,144400000.0,109400000.0,319060000.0,104960000.0,6.84366576819407,1.5026988969725417,0.001408252358822701,0.003938558487593541,0.08246895751611452,6.84366576819407,-0.12800315084679006,-0.8613930885529157,-2.4543076923076925,1.2566364710515951,0.0,-2.7229916897506925,0.0,-0.5216166737079284,1.129781741375264,-0.045768201661737784,3.9783042394014965,-0.061555075593952485,-2.1071428571428568,-3.5501218952293985,-1.3676516304173874,-0.3804267520472485,-0.7733598409542743,-2.1553398058252426,4.914634146341464,-0.19726650863744388,-1.3949826698644447,-0.43263357960300114,Industrial Distribution,Industrials,GIC
2015Q3,2015,Q3,2015-11-05,2015-09-30,-10300000.0,699300000.0,-8200000.0,-0.28,100600000.0,0.14385814385814386,749100000.0,288700000.0,680800000.0,431200000.0,460400000.0,217700000.0,141900000.0,277879000.0,143479000.0,7.781671159029649,1.5788497217068647,0.0022693899345881726,0.005888465535157603,-0.030614760040597364,7.781671159029649,-0.03567717353654312,0.3973673673673674,-6.744635922330097,0.962518184967094,0.0,2.7501148369315573,0.0,0.933520224269123,1.0241187384044528,-0.013749833133093045,-43.41859375,0.14385814385814386,0.6363636363636364,-2.193072820047256,-0.19045879497276727,-0.27257698096873206,-0.09775784753363229,0.6373239436619719,0.712280701754386,-1.737144792810929,-0.17649958132739593,-0.401721093695759,Industrial Distribution,Industrials,GIC
2015Q2,2015,Q2,2015-08-06,2015-06-30,-28400000.0,740000000.0,-28500000.0,-0.77,111500000.0,0.15067567567567566,805300000.0,301700000.0,733600000.0,472800000.0,503600000.0,250200000.0,152200000.0,320544000.0,178944000.0,8.132075471698114,1.5516074450084603,0.002980255805289954,0.007954922108054359,-0.09749540167165949,8.132075471698114,-0.0941332449453099,0.4331675675675676,-2.8216901408450705,1.0624593967517402,0.0,2.511990407673861,0.0,0.9189122066310692,0.9822335025380711,-0.03526636036259779,29.40770642201835,0.15067567567567566,0.0,-3.994517320555056,-0.08503530968038377,-0.2128944543036424,0.03432282003710575,0.006993006993006993,-0.46153846153846156,-11.643394779858141,-0.13290826740102954,-0.34968119293895356,Industrial Distribution,Industrials,GIC
2015Q1,2015,Q1,2015-05-07,2015-03-31,-28600000.0,785800000.0,-19500000.0,-0.77,107800000.0,0.13718503435988802,820100000.0,326400000.0,744900000.0,477200000.0,493700000.0,272700000.0,180600000.0,453362000.0,323562000.0,8.797843665768195,1.5609807208717519,0.0037800268259968297,0.009497549019607842,-0.0629206130726402,8.797843665768195,-0.08762254901960784,0.5769432425553576,-3.962954545454546,1.3889767156862745,0.0,2.4862486248624864,0.0,0.9581758322155834,0.9534786253143336,-0.0348737958785514,-47.72231578947368,0.13718503435988802,-0.11594202898550736,-3.4131707779185394,-0.14871436228261403,-0.13737664394275892,-0.13413654618473897,-0.12156862745098039,-0.18181818181818182,-5.0091042178740866,-0.14598608608117222,-0.3056546300660387,Industrial Distribution,Industrials,GIC
2014Q4,2014,Q4,2015-03-13,2014-12-31,-25500000.0,912900000.0,-16500000.0,-0.69,124500000.0,0.13637857377587906,894900000.0,359600000.0,828000000.0,515900000.0,535300000.0,289900000.0,209200000.0,500850000.0,339450000.0,9.692722371967655,1.6049622019771272,0.004022795843110962,0.010011123470522803,-0.06592430338810965,9.692722371967655,-0.07091212458286986,0.5486362142622412,-4.910294117647059,1.392797552836485,0.0,2.719558468437392,0.0,1.020113979215555,1.0089164566776507,-0.02849480388870265,13.990223463687151,0.13637857377587906,-7.625,-2.371188682468415,-0.03742802350132393,-0.024495141784474695,0.059574468085106386,-8.107142857142858,-5.111111111111111,-2.71420128704636,-0.08120128054444929,-0.22023737039546834,Industrial Distribution,Industrials,GIC
2014Q3,2014,Q3,2014-11-06,2014-09-30,-2800000.0,825400000.0,-2700000.0,-0.08,117500000.0,0.14235522171068574,878100000.0,392000000.0,795900000.0,467300000.0,486100000.0,295800000.0,234700000.0,462637000.0,332537000.0,10.566037735849056,1.7031885298523433,0.003985878601526022,0.008928571428571428,-0.002986725663716814,10.566037735849056,-0.007142857142857143,0.5605003634601405,-41.306875000000005,1.1801964285714286,0.0,2.3931710615280597,0.0,0.9399840564855939,1.0136956986946286,-0.0031887028812208175,-23.603928571428572,0.14235522171068574,0.5294117647058824,-1.2198791662048782,0.0831532240683489,0.04435986841694095,-0.047039740470397405,0.5483870967741935,0.5,-1.259503636366864,-0.09774199613337141,-0.12234057721950645,Industrial Distribution,Industrials,GIC
2014Q2,2014,Q2,2014-08-05,2014-06-30,-6200000.0,831100000.0,-5400000.0,-0.17,123300000.0,0.14835759836361448,939500000.0,400900000.0,853300000.0,514500000.0,538600000.0,330900000.0,237500000.0,533127000.0,383927000.0,10.805929919137466,1.6585034013605442,0.004364023416711016,0.010226989274133201,-0.012338308457711443,10.805929919137466,-0.015465203292591668,0.6414715437372157,-21.497056451612902,1.3298253928660515,0.0,2.1390148080991236,0.0,0.8846194784459819,0.9813411078717201,-0.006599254922831293,-296.1816666666667,0.14835759836361448,-1.125,-1.9444327019663552,0.13880219568828264,0.11256603428608226,-0.03596559812353401,-1.0666666666666667,-3.1538461538461537,-1.3956154029120351,-0.05400371901411549,-0.08741710430436424,Industrial Distribution,Industrials,GIC
2014Q1,2014,Q1,2014-05-06,2014-03-31,-3000000.0,873400000.0,-1300000.0,-0.08,127900000.0,0.1464392031142661,954900000.0,404100000.0,871700000.0,525900000.0,550800000.0,326300000.0,243700000.0,551670000.0,396670000.0,10.921621621621622,1.6575394561703747,0.00492198135930464,0.011630784459292255,-0.004542913055633212,10.921621621621622,-0.007423904974016332,0.6316349896954431,-45.9725,1.3651818856718634,0.0,2.284707324547962,0.0,0.9146507487695047,1.001521201749382,-0.0031416902293433867,-25.540277777777778,0.1464392031142661,0.8518518518518519,-1.3413739101253472,0.14912976672057215,0.16720277297836783,-0.01082753286929621,0.8484848484848485,0.0,-1.2220794434416726,-0.05674032023004501,-0.05307600412871308,Industrial Distribution,Industrials,GIC
2013Q4,2013,Q4,2014-03-12,2013-12-31,-19800000.0,874000000.0,-1300000.0,-0.54,129300000.0,0.1479405034324943,942400000.0,406200000.0,856400000.0,510600000.0,536200000.0,321800000.0,246700000.0,416250000.0,240250000.0,10.978378378378379,1.6772424598511555,0.005730050933786078,0.013293943870014771,-0.02683766030653738,10.978378378378379,-0.04874446085672083,0.4762585812356979,-5.255681818181818,1.0247415066469718,0.0,2.3141702921068985,0.0,0.9274193548387096,1.008029768899334,-0.02101018675721562,57.02054794520548,0.1479405034324943,-0.7419354838709679,-2.963754826254826,0.06317788300537364,0.20249166116004458,0.09855564995751911,-0.7068965517241379,0.6578947368421053,-2.557811677170571,-0.13014044882552456,-0.0061014404359106805,Industrial Distribution,Industrials,GIC
2013Q3,2013,Q3,2013-11-05,2013-09-30,-11600000.0,791800000.0,-3800000.0,-0.31,117700000.0,0.14864864864864866,892000000.0,423500000.0,787800000.0,442500000.0,468500000.0,284600000.0,266500000.0,342990000.0,175690000.0,11.445945945945946,1.7803389830508474,0.006726457399103139,0.014167650531286895,-0.03207217694994179,11.445945945945946,-0.027390791027154665,0.4331775700934579,-7.392025862068965,0.8098937426210153,0.0,2.368587491215741,0.0,0.8876681614349776,1.0418079096045199,-0.013004484304932735,10.177744807121663,0.14864864864864866,-0.9375,-2.017298927597872,0.05857042593501639,0.23514997332156265,0.005123825789923143,-0.9016393442622951,0.4411764705882353,-2.3472863259919627,-0.08089926452263527,0.0699558469529229,Industrial Distribution,Industrials,GIC
2013Q2,2013,Q2,2013-08-09,2013-06-30,-6100000.0,805800000.0,-6800000.0,-0.16,117100000.0,0.14532141970712337,856800000.0,427600000.0,751900000.0,404700000.0,429200000.0,291700000.0,278100000.0,350390000.0,218590000.0,11.556756756756757,1.8579194465035829,0.007936507936507936,0.015902712815715623,-0.01344901823463803,11.556756756756757,-0.014265668849391955,0.4348349466368826,-14.360245901639344,0.8194340505144996,0.0,2.3609873157353447,0.0,0.9404761904761905,1.034593526068693,-0.007119514472455649,71.50816326530612,0.14532141970712337,0.058823529411764754,-1.445978878960195,0.05516543546264395,0.258409731388007,-0.044861337683523655,0.031746031746031744,0.21839080459770116,-1.644926926926927,-0.0009848754291751942,0.11858127302987469,Industrial Distribution,Industrials,GIC
2013Q1,2013,Q1,2013-05-07,2013-03-31,-6300000.0,880700000.0,-8700000.0,-0.17,122600000.0,0.1392074486204156,900800000.0,433800000.0,794100000.0,442500000.0,467000000.0,324800000.0,284200000.0,361120000.0,233820000.0,11.724324324324325,1.7945762711864406,0.008214920071047958,0.01705855232826187,-0.013503192873191688,11.724324324324325,-0.014522821576763486,0.41003747019416376,-14.330158730158729,0.8324573536191793,0.0,2.334051724137931,0.0,0.9776865008880995,0.9719774011299435,-0.006993783303730018,-28.2125,0.1392074486204156,0.7671232876712328,-1.3413324514370968,0.18912192154402777,0.32003285844244145,0.01794269298150931,0.7672872340425532,0.8140747547710128,-1.5330092666064072,-0.043327117545598696,0.14956304980774016,Industrial Distribution,Industrials,GIC
2012Q4,2012,Q4,2013-03-14,2012-12-31,-27072000.0,935235000.0,-46793000.0,-0.73,120439000.0,0.1287793976914893,962300000.0,446300000.0,852400000.0,491600000.0,516000000.0,367200000.0,290500000.0,357050000.0,214450000.0,12.062162162162162,1.7339300244100895,0.008417333471890264,0.01814922697736948,-0.05850598625626591,12.062162162162162,-0.06065874971991934,0.381775703432827,-3.29722591607565,0.8000224064530586,0.0,2.218943355119826,0.0,0.9718746752571963,0.911513425549227,-0.02813259898160657,12.96477850399419,0.1287793976914893,-2.921052631578947,-2.0910077124270674,0.18459419779649353,0.2949849085317395,0.012117952553425716,-2.944129263913824,-23.169938016528924,-2.4596528059747973,-0.011212554273093712,0.21397243604161903,Industrial Distribution,Industrials,GIC
2012Q3,2012,Q3,2012-11-06,2012-09-30,13925000.0,846273000.0,-1936000.0,0.38,118997000.0,0.1406130173123803,913196000.0,480899000.0,761381000.0,393113000.0,432297000.0,311238000.0,326706000.0,440348430.0,315706430.0,13.006761690963677,1.9367993426826384,0.009667147030867415,0.01835728500163236,0.025928436569422817,13.006761690963677,0.028956184146775102,0.5203385077864944,7.905716876122082,0.9156775747090345,0.0,2.3367198092777874,0.0,0.9267156229330834,1.0250843904933187,0.015248643226645759,-32.63532424219966,0.1406130173123803,7.333333333333334,-0.2303753592932028,0.20069916440793947,0.5070822790362033,0.008141583923548747,7.227638640429338,0.021728145528044467,0.09726233764067896,0.11435902873579959,0.2856039574813977,Industrial Distribution,Industrials,GIC
2012Q2,2012,Q2,2012-08-07,2012-06-30,-2236000.0,849540000.0,-1979000.0,-0.06,118036000.0,0.13894107399298444,958165000.0,461813000.0,821602000.0,456751000.0,496352000.0,354649000.0,312781000.0,436524420.0,300272420.0,12.50475210527741,1.7987962806868512,0.00994505121769215,0.02063389293934991,-0.002616226394180061,12.50475210527741,-0.004841786610597796,0.5138362172469807,-48.80639758497317,0.9452406493537427,0.0,2.0626140211871458,0.0,0.8866322606231704,0.9267916216932202,-0.0023336272980123466,12.109868227591756,0.13894107399298444,-1.3157894736842106,-1.1584068855752243,0.27995558515966834,0.5596179441706275,-0.09657568845959558,-1.3156854440208952,-1.1873343430518744,-1.3421637275234293,0.16939622583503758,0.28747479981894214,Industrial Distribution,Industrials,GIC
2012Q1,2012,Q1,2012-05-08,2012-03-31,7083000.0,913578000.0,10564000.0,0.19,130654000.0,0.14301351389810174,956759000.0,466738000.0,820982000.0,451919000.0,490021000.0,387222000.0,315017000.0,621054996.836,519216996.83599997,12.670702573569335,1.8166574098455697,0.00956249170376239,0.0196020036937211,0.014957411467917544,12.670702573569335,0.01517553745356067,0.6798051144357679,21.92061968219681,1.3306287399697474,0.0,2.0218995821518404,0.0,0.9548674222035016,0.8685693675194006,0.007403118235626735,48.49718857067,0.14301351389810174,-0.5261409853964788,-0.5057196343002065,0.31019287665004036,0.6648904089008674,-0.06607003724168495,-0.5166507438242118,-0.49604045415513787,-0.19042782422575852,0.20734330874368687,0.35412850690375636,Industrial Distribution,Industrials,GIC
2011Q4,2011,Q4,2012-03-08,2011-12-31,14654000.0,978770000.0,20962000.0,0.4009631433496593,139897000.0,0.14293143435127761,889662000.0,454292000.0,766216000.0,411512000.0,435370000.0,372244000.0,307934000.0,599736270.0,512167270.0,12.43034996032506,1.8619529928653356,0.010886156765153508,0.02131888741162072,0.03371454564222688,12.43034996032506,0.032256786384087764,0.6127448430172564,10.231613723215505,1.3201559129370537,0.0,2.2535568068256304,0.0,1.1001593863737014,0.8899716168665799,0.01647142397899427,-19.56023189067545,0.14293143435127761,0.3826315287919288,0.7497027296127172,0.4488016050007105,0.5051763014585466,0.0651677351566188,0.3786809671653025,0.09679782335705316,0.47139153497062486,0.20538321934844925,0.3615300600342272,Industrial Distribution,Industrials,GIC
2011Q3,2011,Q3,2011-11-10,2011-09-30,10629000.0,901180000.0,19112000.0,0.29,131338000.0,0.1457400297387869,874130000.0,439985000.0,749677000.0,413962000.0,434145000.0,340202000.0,293280000.0,464877840.0,346938840.0,12.0388814403371,1.810980234900788,0.009701074210929724,0.019273384319919998,0.026429229999090448,12.0388814403371,0.024157641737786516,0.5158545906478174,10.93418571831781,1.0565765651101742,0.0,2.262896749578192,0.0,1.0309450539393454,0.9206617998753509,0.012159518607072175,14.949282567450236,0.1457400297387869,-0.30952380952380953,-0.1812071849847973,0.5031370625241736,0.5233292544167342,0.01857409863272919,-0.31685840992351694,-0.1244273410298699,-0.05630208537990774,0.21973586750554475,0.2991345721950213,Industrial Distribution,Industrials,GIC
2011Q2,2011,Q2,2011-08-11,2011-06-30,15559000.0,872222000.0,21828000.0,0.42,128943000.0,0.14783277651790486,872589000.0,436141000.0,744878000.0,415150000.0,436448000.0,358469000.0,282651000.0,550285020.0,462576020.0,11.841039285423397,1.7942382271468145,0.013847298097959062,0.02770434332016481,0.033973260917916984,11.841039285423397,0.0356742429627116,0.6309001836688366,8.841908541680056,1.2617135742798773,0.0,2.0734819468350123,0.0,0.9995794125298394,0.8809032879682043,0.01783084590798188,-1044.1840986717268,0.14783277651790486,0.16666666666666666,1.0942074500016425,0.5244417622307613,0.5826958241750928,-0.011915891431286303,0.14691139613740234,0.17197315436241611,0.14269616107990254,0.14732104827401338,0.28936512034940676,Industrial Distribution,Industrials,GIC
2011Q1,2011,Q1,2011-05-12,2011-03-31,13566000.0,929867000.0,18625000.0,0.36,130498000.0,0.14034050030810857,921142000.0,428561000.0,791595000.0,471531000.0,492581000.0,373874000.0,267092000.0,502362640.0,414075640.0,11.533789057243588,1.6787761568168371,0.02605135798823634,0.055994362529488216,0.02847928973072796,11.533789057243588,0.03165477026607647,0.5402521435861257,9.257751732271856,1.1722080170617484,0.0,2.138070579927997,0.0,1.0094719380942352,0.8378940090895403,0.01472737102422862,83.53219820419022,0.14034050030810857,0.04798240100565684,-0.2771209868289638,0.51316607567618,0.5891806922451034,-0.052934858337203905,0.06583909490886235,-0.0865172396880671,-0.26810307126970356,0.25020233596067704,0.29858063601313967,Industrial Distribution,Industrials,GIC
2010Q4,2010,Q4,2011-03-17,2010-12-31,12728000.0,1006172000.0,20389000.0,0.3435172190435064,137792000.0,0.13694676456907964,894100000.0,409268000.0,765237000.0,464365000.0,484832000.0,370375000.0,253526000.0,522433200.0,440397200.0,11.045773507502968,1.6479213549686131,0.011230287439883682,0.024534046150688545,0.03350487395387202,11.045773507502968,0.03109942629279592,0.5192285215649014,10.26149434318039,1.2765063479187233,0.0,2.344596692541343,0.0,1.125346158147858,0.7933866678151885,0.014235544122581366,6.2831721749170155,0.13694676456907964,0.49355312627611475,2.499216064214461,0.6161595675979256,0.6458934034358728,0.1808178795461557,0.47622361401067037,0.6996498832944315,-0.4877786049374019,0.27265634160359453,0.18586616586424734,Industrial Distribution,Industrials,GIC
2010Q3,2010,Q3,2010-11-12,2010-09-30,8622000.0,862705000.0,11996000.0,0.23,116692000.0,0.13526292301539924,858344000.0,396367000.0,729374000.0,449833000.0,461977000.0,429365000.0,240798000.0,454998560.0,456970560.0,10.697587174781388,1.621432842855015,0.03777156944069045,0.08179540678209841,0.01754791464498229,10.697587174781388,0.021752567696099828,0.5274092070870112,13.192952911157503,1.1479224052456436,0.0,1.7374797666321196,0.0,1.0050807135600646,0.6074520988900325,0.010044923713569385,-23.7510340867568,0.13526292301539924,-0.07999999999999996,1.0834906130181472,0.6536789774205992,0.6155480896892994,0.012757980246827862,-0.08761904761904762,-0.2494994994994995,-0.5244843510109243,0.22140325711588935,0.23952021591651815,Industrial Distribution,Industrials,GIC
2010Q2,2010,Q2,2010-08-12,2010-06-30,9450000.0,805875000.0,15984000.0,0.25,115222000.0,0.142977508918877,797544000.0,381929000.0,676816000.0,405251000.0,415615000.0,380487000.0,232176000.0,557092690.0,538154690.0,10.331620093596992,1.670115558012195,0.017359543799464354,0.0362501930987173,0.025306015562512007,10.331620093596992,0.02474281869143218,0.691289207383279,14.737901851851852,1.4586289336499716,0.0,1.815181596217479,0.0,1.0104458186632963,0.662377144041594,0.01184887604947188,939.4480438448567,0.142977508918877,-0.1935483870967742,4.825989383506339,0.49399051133699806,0.5873221931266892,-0.08728543024849296,-0.1958131222874649,-0.21554770318021202,-0.33117742334375866,0.21298550395221924,0.2885805295994089,Industrial Distribution,Industrials,GIC
2010Q1,2010,Q1,2010-05-13,2010-03-31,11751000.0,915237000.0,20376000.0,0.31,126241000.0,0.1379325792117233,790257000.0,375168000.0,669817000.0,405099000.0,415089000.0,366967000.0,222726000.0,373364071.5,353421071.5,10.198939785238549,1.6534649554800185,0.02230666732468045,0.046986949846468784,0.032269064762882035,10.198939785238549,0.031321967758444216,0.40794250177822794,7.9432403944345165,0.9951916781281985,0.0,2.150046189439377,0.0,1.1581510824959476,0.6886440104764514,0.01486984613866122,-15.271763395778796,0.1379325792117233,-0.38156701815414723,3.1744162826365483,0.5944881142742992,0.5572183222827498,-0.049969521602034904,-0.36128927057288834,-0.32825635446543366,-0.17883080755328062,0.31439189973499176,0.34010856389456207,Industrial Distribution,Industrials,GIC
2009Q4,2009,Q4,2010-03-18,2009-12-31,18398000.0,938248000.0,30333000.0,0.5012669264092854,132881000.0,0.14162673408309956,816901000.0,364685000.0,692586000.0,442504000.0,452216000.0,365725000.0,210975000.0,362625640.0,320707640.0,9.936108764951094,1.5651519534286695,0.020064854860013637,0.04494563801637029,0.04945839200686546,9.936108764951094,0.05044901764536518,0.38649231333293543,4.927514403739537,0.9943530444081881,1.5007609522774215,2.2021108756579397,0.07614188560963311,1.1485455397900113,0.6783418906947734,0.02252170091602287,-24.83397068894672,0.14162673408309956,0.47431448943907456,1.5451042068712926,0.5963863600318258,0.5089097697538041,0.17840958470420262,0.4603905381806636,0.5660591667096907,1.187403316114912,0.3829169058731997,0.20315159987079226,Industrial Distribution,Industrials,GIC
2009Q3,2009,Q3,2009-11-12,2009-09-30,12598000.0,753880000.0,19369000.0,0.34,112763000.0,0.1495768557330079,783544000.0,371333000.0,659838000.0,402992000.0,412211000.0,315977000.0,220188000.0,361946634.5,279832634.5,10.11723837288505,1.6373476396553779,0.025528879041891713,0.05386809144352912,0.030513843731068177,10.11723837288505,0.033926421837003444,0.48011173462620044,7.182620941816161,0.9747225118694003,0.0,2.0289989461258258,0.0,0.9621412454182535,0.7823654067574543,0.016078229174111475,25.09336068358292,0.1495768557330079,1.0,3.3860219652397126,0.5350865384649895,0.5842553705861031,0.05332822687615596,0.9408411646895701,1.234283077632945,-0.033652361908984345,0.2521011943970623,0.2801758422244092,Industrial Distribution,Industrials,GIC
2009Q2,2009,Q2,2009-08-12,2009-06-30,6491000.0,721599000.0,8669000.0,0.17,107054000.0,0.14835663574921806,703002000.0,356288000.0,596045000.0,337157000.0,346714000.0,310014000.0,207590000.0,350689480.0,264659480.0,9.712618924297358,1.767855924687905,0.0026927377162511627,0.00531311747799533,0.01744137979524447,9.712618924297358,0.01821840758038441,0.4859894207170464,13.506758588815284,0.9842865322435783,0.0,1.9823137019618469,0.0,1.0264536942995894,0.7757572881476582,0.009233259649332434,16.728175920625834,0.14835663574921806,-0.2608695652173913,8.063927247473654,0.5687583522935462,0.5446480462286324,-0.004611808461180846,-0.2537364911473902,-0.42283621837549934,-0.12275303217602856,0.2663447990441089,0.2982071119561996,Industrial Distribution,Industrials,GIC
2009Q1,2009,Q1,2009-05-14,2009-03-31,8698000.0,752268000.0,15020000.0,0.23,107550000.0,0.14296766577868525,677372000.0,342666000.0,587574000.0,324925000.0,334706000.0,309871000.0,201099000.0,473143320.0,394480320.0,9.357090194150897,1.8083373086096792,0.002899440779955475,0.005731528660561596,0.026238103064950467,9.357090194150897,0.02538331786637717,0.6289557976678524,13.599198666360083,1.380771129904922,0.0,2.0806012824691567,0.0,1.1105684911688112,0.7746926213741633,0.012840802395138861,-13.567222572690257,0.14296766577868525,-0.15598214285714282,2.378075285352,0.45077318709561964,0.4877271211350772,-0.08036050210349899,-0.12740770465489568,-0.07261052111632502,-0.5297339247110517,0.24207777860839638,0.2892646985598969,Industrial Distribution,Industrials,GIC
2008Q4,2008,Q4,2009-03-18,2008-12-31,9968000.0,812710000.0,16196000.0,0.2725060827250608,116948000.0,0.14389880769278093,703263000.0,333955000.0,612183000.0,361619000.0,369308000.0,282217000.0,192401000.0,393955830.0,280172830.0,9.129691899723886,1.6928950082821976,0.0031055238225244325,0.006539803266907218,0.031204737077341754,9.129691899723886,0.02984833285921756,0.4847434263144295,9.880513392857143,1.179667410279828,0.0,2.465344043767739,0.0,1.1556274110823406,0.8486169144873472,0.014173929241265358,8.351299048184343,0.14389880769278093,-0.09164639091646387,16.464418911454693,0.7346941930284063,0.4670709757668775,0.004112682344658235,-0.11576332830657322,-0.1284038316650522,1.7758656900017573,0.3222922133435317,0.3603845545946187,Industrial Distribution,Industrials,GIC
2008Q3,2008,Q3,2008-11-06,2008-09-30,11273000.0,739479000.0,18582000.0,0.3,116469000.0,0.15750143006089423,681302000.0,338972000.0,583580000.0,336141000.0,342330000.0,275974000.0,182433000.0,292632000.0,220280000.0,9.26684709806173,1.7361166891274793,0.0014986012076876334,0.0030120481927710845,0.0330533954189337,9.26684709806173,0.03325643415975361,0.3957272620317818,6.489665572607114,0.8632925433369127,0.0,2.2574952712936724,0.0,1.0853909132807478,0.8354202551905302,0.01654625995520342,28.284554417166053,0.15750143006089423,-0.16666666666666666,4.520293055725134,0.7050312622385064,0.4963116696337555,0.00362780918240728,-0.16749132264973046,-0.11749620060790274,1.7593250490101406,0.435802028049509,0.39947792732265325,Industrial Distribution,Industrials,GIC
2008Q2,2008,Q2,2008-08-07,2008-06-30,13541000.0,756035000.0,21056000.0,0.36,116048000.0,0.15349553922768125,699879000.0,336396000.0,598053000.0,357279000.0,363483000.0,290697000.0,171160000.0,646519500.0,581843500.0,9.183619983619984,1.6739103053915847,0.0029990898426728047,0.006239669912840818,0.039150111350739605,9.183619983619984,0.04025315402085637,0.8551449337662939,11.936332250203085,1.9219000820461596,0.0,2.2015603876200993,0.0,1.0802367266341752,0.7931168638514998,0.019347630090344188,137.2070246179966,0.15349553922768125,-0.25,7.7643203289126035,0.8106612806019696,0.5089186344233578,0.011928845483083362,-0.2502629976191795,-0.2352449787527694,7.424922359942072,0.41448825618189145,0.41094655835013366,Industrial Distribution,Industrials,GIC
2008Q1,2008,Q1,2008-05-08,2008-03-31,18061000.0,724737000.0,27533000.0,0.48,114680000.0,0.15823671207624282,710013000.0,321576000.0,609269000.0,382466000.0,388437000.0,269238000.0,157619000.0,436644360.0,340370360.0,8.881842788488095,1.5930017308728097,0.0034605000190137364,0.007640495559370102,0.054302342006227945,8.881842788488095,0.056164017215215065,0.6024866399811242,6.0440224793754505,1.3578263303231586,0.0,2.2658651453360967,0.0,1.0207376484655915,0.8219946348172125,0.025437562410829097,141.12616677440207,0.15823671207624282,-0.28426799007444176,2.37933119766342,0.6009934419278004,0.4586680902910128,-0.041585879521294375,-0.25306038047973534,-0.019898903602449097,5.518579033285943,0.28279826709560646,0.3561182453382894,Industrial Distribution,Industrials,GIC
2007Q4,2007,Q4,2008-03-13,2007-12-31,24180000.0,769334000.0,28092000.0,0.6706420746082374,119656000.0,0.15553192761531404,673871000.0,335835000.0,605589000.0,332136000.0,338036000.0,250222000.0,176684000.0,368482100.0,245017100.0,9.314519484121481,1.8233163523375966,0.006760937924320827,0.013566185775752974,0.06696449891941283,9.314519484121481,0.07199964268167404,0.47896245323877534,3.8097818444995863,1.0972117259963972,0.0,2.596406391124681,0.0,1.1416636121750305,0.9797733458583231,0.03588223858869131,13.26572704035713,0.15553192761531404,0.4268980310813563,21.848728583855475,0.804163592907254,0.5732324295947294,0.0813624574119093,0.37043754250736793,0.08858405022087887,2.4050799593282304,0.33251268178194926,0.41451445255211483,Industrial Distribution,Industrials,GIC
2007Q3,2007,Q3,2007-11-09,2007-09-30,17644000.0,687317000.0,25806000.0,0.47,110653000.0,0.160992671503833,613544000.0,311170000.0,548651000.0,295742000.0,302374000.0,234877000.0,152504000.0,374972000.0,277941000.0,8.630425738455138,1.8551676799372425,0.0012272958418630122,0.0024198990905292925,0.05422648080078603,8.630425738455138,0.05670212424076871,0.545559036077967,5.313024257537974,1.2050390461805445,0.0,2.4551744104361006,0.0,1.1202407651284993,0.943535243556884,0.02875751372354713,23.186495176848876,0.160992671503833,0.27027027027027023,23.956329938385053,0.7469952304117574,0.47953874071568103,0.11412835538371695,0.28208109286440924,0.28586376999352237,5.253199884689955,0.424701203046773,0.35143581901126325,Industrial Distribution,Industrials,GIC
2007Q2,2007,Q2,2007-08-09,2007-06-30,13762000.0,647102000.0,20069000.0,0.37,99318000.0,0.15348121316268531,602313000.0,288690000.0,538022000.0,307227000.0,313623000.0,248703000.0,134860000.0,365820960.0,284935960.0,8.017830361606398,1.7512197821155042,0.0015573298268508234,0.003249159998614431,0.04535558122225817,8.017830361606398,0.04767051162146247,0.5653219430630719,6.6454904810347335,1.267175724825938,0.0,2.2025628963060355,0.0,1.0743616690989568,0.8358282312426968,0.022848585370065067,15.421168535536633,0.15348121316268531,0.0,2.4767224230801608,0.6849038034269378,0.3710737165102645,0.027349649336946853,-0.009571788413098237,-0.06816176811997957,18.578360635870176,0.4332529329058087,0.2751170512894269,Industrial Distribution,Industrials,GIC
2007Q1,2007,Q1,2007-05-10,2007-03-31,13895000.0,676122000.0,21537000.0,0.37,96674000.0,0.1429830711025525,625184000.0,271833000.0,562172000.0,347281000.0,353351000.0,247007000.0,121098000.0,348611251.8,255092251.8,7.61053250461952,1.6187813326960012,0.019877348108716792,0.04571556801418518,0.04725331855207461,7.61053250461952,0.051115942508819755,0.5156040652426633,6.272242745591939,1.2824463983401573,0.0,2.3458768374985324,0.0,1.0814768132261863,0.8293600859246547,0.02222545682551057,19.96399334555034,0.1429830711025525,0.6145873272749905,21.678841810708096,0.5659289574475141,0.018988432225854616,0.16094245364588336,0.7297398232291796,0.9081243908921769,4.532883659701381,0.33688812629112336,0.21003382231798284,Industrial Distribution,Industrials,GIC
