Quarters,Year,Quarter,FillingDate,Date,NetIncome,Revenue,OperatingIncome,EPSDiluted,GrossProfit,GrossProfitRatio,TotalAssets,CommonStockEquity,CurrentAssets,CurrentLiability,TotalLiability,Inventory,RetainedEarnings,MarketCap,EnterpriseValue,bookValuePerShare,currentRatio,debtToAssets,debtToEquity,roic,shareholdersEquityPerShare,roe,priceToSalesRatio,peRatio,pbRatio,payoutRatio,inventoryTurnover,dividendYield,assetTurnover,quickRatio,returnOnAssets,priceToFreeCashFlowsRatio,grossProfitMargin,epsdilutedGrowth,fiveYNetIncomeGrowthPerShare,fiveYRevenueGrowthPerShare,fiveYShareholdersEquityGrowthPerShare,grossProfitGrowth,netIncomeGrowth,operatingIncomeGrowth,threeYNetIncomeGrowthPerShare,threeYRevenueGrowthPerShare,threeYShareholdersEquityGrowthPerShare,Industry,Sector,Symbol
2023Q1,2023,Q1,2023-03-31,2023-03-31,94564000.0,117530000.0,111189000.0,0.68,117530000.0,1.0,3251819000.0,1499006000.0,102614000.0,33368000.0,1752813000.0,0.0,89699000.0,1743398280.0,3391714280.0,11.083059769910982,3.0752217693598656,0.5287640548259297,1.1470567829615093,0.028473700838232,11.083059769910982,0.0630844706425458,14.833644856632349,4.609043293430904,1.1630362253386577,0.6750348970009729,0.0,0.036614697130480135,0.03614284804904578,3.0752217693598656,0.02908033934238037,-21.53194200177848,1.0,0.4468085106382981,8.947342285381175,2.8293186241422097,0.13134723365650544,1.2696637892744722,0.5122255449122863,-0.2567182737044762,3.652158684450542,0.43010516563157863,0.10069892553929621,Asset Management,Financial Services,HTGC
2022Q4,2022,Q4,2023-02-16,2022-12-31,62533000.0,84667000.0,149592000.0,0.47,51783000.0,0.6116078283,3028855000.0,1401459000.0,2934976000.0,5506000.0,1627396000.0,0.0,59909000.0,1725989980.0,3290049980.0,10.734296371755299,533.0504903741373,0.5234199062021787,1.1312232466308325,0.06270705710480141,10.734296371755299,0.04461992823193543,20.38562816681824,6.90031655286009,1.2315665174650132,1.058545088193434,0.0,0.0383513234532219,0.027953467564475684,533.0504903741373,0.02064575557430118,-26.575770332276043,0.6116078283156365,0.14634146341463414,1.1866452250672792,0.5882878223496502,0.0701913519758558,-0.1642781059358962,0.17538814330288335,0.09200008759827431,0.13413359758419327,0.13378409715974476,0.0007569513180800763,Asset Management,Financial Services,HTGC
2022Q3,2022,Q3,2022-11-02,2022-09-30,53202000.0,72930000.0,136989000.0,0.41,61962000.0,0.8496092143,2924522000.0,1362718000.0,2827972000.0,6092000.0,1561804000.0,0.0,74246000.0,1476264720.0,2946511720.0,10.689325719305952,464.2107682206172,0.5243263685484328,1.125254087786321,0.06006526360799242,10.689325719305952,0.039041092874681334,20.24221472645002,6.937073418292545,1.0833237104081697,1.1841848050825157,0.0,0.04267595042168318,0.024937408574802995,464.2107682206172,0.018191690813062784,-27.756641221374046,0.8496092143150966,3.1578947368421053,0.04098556959411714,0.030901381385062685,0.05445831145862389,30.618546845124282,3.3115224191866526,56.55840336134454,1.2589708400748234,0.6678805064305403,0.02704783733314033,Asset Management,Financial Services,HTGC
2022Q2,2022,Q2,2022-07-28,2022-06-30,-23016000.0,8968000.0,2380000.0,-0.19,-2092000.0,-0.2332738626,2869723000.0,1327740000.0,137421000.0,36711000.0,1541983000.0,0.0,84994000.0,1676199950.0,3066162950.0,10.685606213029656,3.7433194410394703,0.526856424818702,1.138725955382831,0.0018652013752867408,10.685606213029656,-0.017334719146820915,186.90900423728814,-18.206899005039972,1.2624459231476044,-2.5665623913799096,0.0,0.035241618996588085,0.0031250402913451927,3.7433194410394703,-0.008020286278501444,-14.19197478600276,-0.23327386262265834,-0.4615384615384615,-1.4598362036100114,-0.8738240183417026,0.0757096223292117,-1.115752780390638,-0.5361409597543884,-0.7136325351943208,-1.3780108667704813,-0.8966790211851433,-0.04988910940829063,Asset Management,Financial Services,HTGC
2022Q1,2022,Q1,2022-05-05,2022-03-31,-14983000.0,18073000.0,8311000.0,-0.13,18073000.0,1.0,2691547000.0,1333448000.0,78978000.0,27228000.0,1358099000.0,0.0,155305000.0,2137608720.0,3409149720.0,11.272130925813215,2.900617011899515,0.4944632213370229,0.9980674162022066,0.014010053637841921,11.272130925813215,-0.011236283679603554,118.27636363636364,-35.66723486618167,1.6030686760938557,-3.7947674030567975,0.0,0.02659841320258087,0.006714725769232341,2.900617011899515,-0.005566687113396125,-11.329761278833107,1.0,-0.8005540166204986,-0.8454548322761597,0.46481001727115734,0.13600871891891028,-0.3569013984272142,-0.7781865653928317,-0.4756466876971609,-1.1978837351340017,-0.8134331883665572,0.09515119762820574,Asset Management,Financial Services,HTGC
2021Q4,2021,Q4,2022-02-22,2021-12-31,-8426000.0,28103000.0,15850000.0,-0.0722,28103000.0,1.0,2600013000.0,1308547000.0,150480000.0,47781000.0,1291466000.0,0.0,216523000.0,1911068460.0,3021638460.0,11.359506571522822,3.1493689960444526,0.47833799292542,0.9504320440916528,-0.014096867062052841,11.359506571522822,-0.006439203177264554,68.00229370529837,-56.70153275575599,1.4604507595065368,-5.389864704486114,0.0,0.023764193146696585,0.010808792109885605,3.1493689960444526,-0.003240753027004096,19.140160447088515,1.0,-1.361,-1.4217520874688228,0.0049284266946240446,0.1738029924123899,0.0,-1.3578071255679647,0.0,0.5887416512720863,-0.5563872914140288,0.14561185659465595,Asset Management,Financial Services,HTGC
2021Q3,2021,Q3,2021-10-28,2021-09-30,23549000.0,42584000.0,0.0,0.2,0.0,0.0,2791208000.0,1337532000.0,0.0,0.0,1453676000.0,0.0,170691000.0,1906911050.0,3087638050.0,11.650468185183572,0.0,0.5075143092166546,1.0590983991411047,0.0,11.650468185183572,0.01760630773693639,44.77998896299079,20.24407671238694,1.4256937777937275,1.878763429444987,0.0,0.023201396834949383,0.015256476765615461,0.0,0.008436848848240619,46.66253242304116,0.0,-0.6923076923076923,-0.5065548249459317,-0.36681158797385655,0.14592437366014732,0.0,-0.7153545829253847,0.0,-0.4504218426286961,-0.2843594447137826,0.10752424162762038,Asset Management,Financial Services,HTGC
2021Q2,2021,Q2,2021-07-29,2021-06-30,82731000.0,100836000.0,0.0,0.65,0.0,0.0,2578572000.0,1356358000.0,0.0,0.0,1222214000.0,0.0,192332000.0,1955997239.9999998,3122878240.0,11.830010291834563,0.0,0.45968388705066215,0.8739049719911705,0.0,11.830010291834563,0.06099495855813878,19.39780673568963,5.910714363418791,1.442095110582899,0.5329078579976066,0.0,0.02253990910539322,0.03910536529520991,0.0,0.032084037211293694,51.158582413558605,0.0,0.18181818181818177,4.539989768459267,1.8966684284441762,0.198929957285572,0.0,0.28938796502657294,0.0,0.2075849459337416,0.11098696607641644,0.0695162967987721,Asset Management,Financial Services,HTGC
2021Q1,2021,Q1,2021-04-29,2021-03-31,64163000.0,83612000.0,0.0,0.55,0.0,0.0,2583851000.0,1315394000.0,0.0,0.0,1268457000.0,0.0,154759000.0,1832293120.0000002,2997463120.0,11.50785624300112,0.0,0.4799645954817054,0.9428026887761386,0.0,11.50785624300112,0.04877854087824637,21.914236234033396,7.139212318626,1.3929614396903134,0.6507644592678024,0.0,0.0227883844261774,0.03235945106741836,0.0,0.02483231424722246,-36.332674743709234,0.0,-0.5801526717557252,1.7947839688776763,0.9932409826641068,0.14011685253887313,0.0,-0.5755629349350408,0.0,6.986346645518889,2.2234701061155215,0.17471001655895912,Asset Management,Financial Services,HTGC
2020Q4,2020,Q4,2021-02-23,2020-12-31,151172000.0,169152000.0,0.0,1.31,0.0,0.0,2623997000.0,1291704000.0,0.0,0.0,1332293000.0,0.0,133391000.0,1642409160.0,2740077160.0,11.340883948796291,0.0,0.49388394880024633,1.003287130797768,0.0,11.340883948796291,0.11703300446541932,9.709664443813848,2.716126597518059,1.2715058248639006,0.25158759558648425,0.0,0.02315683626606174,0.06446348833478087,0.0,0.05761134635443562,7.08561081990552,0.0,2.447368421052632,5.669540302207773,3.0951030464099665,0.12604846733530953,0.0,2.5117894394499034,0.0,5.0594211364367805,2.6373315392810133,0.1306671164491917,Asset Management,Financial Services,HTGC
2020Q3,2020,Q3,2020-10-29,2020-09-30,43047000.0,59865000.0,0.0,0.38,0.0,0.0,2504001000.0,1173080000.0,0.0,0.0,1330921000.0,0.0,-52858000.0,1313067730.0,2587652730.0,10.336508384072465,0.0,0.5200233546232609,1.1100172196269649,0.0,10.336508384072465,0.0366957070276537,21.933813246471228,7.625779554905104,1.1193334896170766,0.8277928775524427,0.0,0.027137975586377403,0.023907738056015152,0.0,0.017191287064182482,-116.25212306330235,0.0,-0.30909090909090914,5.6517615831203765,0.9039306640349565,0.021962805592453834,0.0,-0.3030518902290941,0.0,-0.05384660273015339,-0.04942627167665253,0.019654322756912805,Asset Management,Financial Services,HTGC
2020Q2,2020,Q2,2020-07-30,2020-06-30,61765000.0,78973000.0,0.0,0.55,0.0,0.0,2468501000.0,1164030000.0,0.0,0.0,1304471000.0,0.0,-59348000.0,1168012260.0,2407437260.0,10.43430323239929,0.0,0.5166329687531016,1.0955980515966084,0.0,10.43430323239929,0.05306134721613704,14.790020133463335,4.727646158827816,1.003421097394397,0.572476321541326,0.0,0.030272798677644017,0.031992290057812414,0.0,0.025021257840284448,98.18529421654337,0.0,3.037037037037037,13.358095012209729,2.0571285045992553,0.0013236049513475835,0.0,3.1503673014657245,0.0,0.37444989308598264,0.23757886171011222,0.05041119480018059,Asset Management,Financial Services,HTGC
2020Q1,2020,Q1,2020-05-04,2020-03-31,-28723000.0,66204000.0,0.0,-0.27,0.0,0.0,2396751000.0,1097080000.0,0.0,0.0,1299671000.0,0.0,-85111000.0,832416200.0,2146480200.0,10.06911110091322,0.0,0.5625724157411429,1.2290316111860575,0.0,10.06911110091322,-0.02618131767965873,12.573503111594466,-7.245205932527939,0.7587561526962482,-1.51084496744769,0.0,0.05213257502677147,0.027622393815627908,0.0,-0.011984140196457622,-33.658816869515995,0.0,-1.6428571428571428,-1.7671262407769146,0.15462888240667547,-0.15863194316773177,0.0,-1.6438546546815809,0.0,-2.8411152122031824,4.825834962395834,0.014768021919101431,Asset Management,Financial Services,HTGC
2019Q4,2019,Q4,2020-02-20,2019-12-31,44611000.0,60420000.0,0.0,0.42,0.0,0.0,2461968000.0,1133049000.0,0.0,0.0,1328919000.0,0.0,-12165000.0,1480988680.0,2819127680.0,10.726177177802601,0.0,0.569679215976812,1.2378387872016126,0.0,10.726177177802601,0.039372524930519334,24.51156372062231,8.299459102015197,1.307082641615676,0.8110107372621103,0.0,0.024429626295320504,0.024541342535727515,0.0,0.018120056800088383,-105.61140126934322,0.0,1.3333333333333333,0.2915092797084836,0.06956108998254273,0.027337069266545392,0.0,1.3149291681801671,0.0,1.435027544127325,1.35607603910563,0.10835966238297108,Asset Management,Financial Services,HTGC
2019Q3,2019,Q3,2019-10-30,2019-09-30,19271000.0,35779000.0,0.0,0.18,0.0,0.0,2316929000.0,1085681000.0,0.0,0.0,1231248000.0,0.0,-61478000.0,1394678180.0,2591015180.0,10.407816783940794,0.0,0.5254291348591174,1.1213072716571442,0.0,10.407816783940794,0.017750149445371153,38.98035663377959,18.09296585543044,1.2846113913755515,1.8167713144102537,0.0,0.025103282249672825,0.01544242400177131,0.0,0.008317475416812513,56.85833829344857,0.0,-0.6326530612244898,-0.24097869450421056,-0.19914295049883965,-0.010984758595100615,0.0,-0.599613554673703,0.0,-0.5555848123356555,-0.41449190063460056,0.023698853963180944,Asset Management,Financial Services,HTGC
2019Q2,2019,Q2,2019-08-01,2019-06-30,48131000.0,68613000.0,0.0,0.49,0.0,0.0,2311567000.0,1104684000.0,0.0,0.0,1206883000.0,0.0,-45194000.0,1260201090.0,2519970090.0,11.246693747900187,0.0,0.5507216533200205,1.1523929014994334,0.0,11.246693747900187,0.04356992587925597,18.36679769139959,6.545683083667491,1.1407797071379688,0.65641686231327,0.0,0.02507060202590366,0.029682462156623624,0.0,0.020821806160063714,-11.444305005630426,0.0,-0.23437500000000003,1.2693265074293323,0.9303071476459113,0.04270737592820019,0.0,-0.21846228789477956,0.0,2.762197495940864,1.3007297124513921,0.13981287607847226,Asset Management,Financial Services,HTGC
2019Q1,2019,Q1,2019-05-02,2019-03-31,61585000.0,78792000.0,0.0,0.64,0.0,0.0,2138631000.0,990349000.0,0.0,0.0,1148282000.0,0.0,-61174000.0,1224855140.0,2382682140.0,10.292762269014114,0.0,0.549085840427825,1.1857355336351125,0.0,10.292762269014114,0.06218514887176137,15.545425170068027,4.97221376958675,1.2367914139358953,0.47524559551838924,0.0,0.023895070563201455,0.03684226030577505,0.0,0.028796459043191648,-8.647114628412485,0.0,4.555555555555556,0.7561535627675328,0.5335772346440572,-0.040994150768114725,0.0,4.593476485004085,0.0,2.1867179804203367,1.2314051124624856,0.01973395168333261,Asset Management,Financial Services,HTGC
2018Q4,2018,Q4,2019-02-21,2018-12-31,-17138000.0,52991000.0,0.0,-0.18,0.0,0.0,1945191000.0,955444000.0,0.0,0.0,989747000.0,0.0,-92859000.0,1064744850.0000001,2047274850.0,9.9156677771205,0.0,0.5226952006255426,1.0641565596727804,0.0,9.9156677771205,-0.017937210344091334,20.092937479949427,-15.531929775936517,1.1143979657625147,-1.8255922511378224,0.0,0.02938450465386144,0.0272420548933241,0.0,-0.008810445863670972,-7.9600545001906395,0.0,-1.4864864864864866,-1.4348436683704877,0.056064115520185295,-0.07144584967034993,0.0,-1.481012658227848,0.0,-1.8937529924390428,0.5164309532874012,-0.015462766972608753,Asset Management,Financial Services,HTGC
2018Q3,2018,Q3,2018-11-01,2018-09-30,35629000.0,49478000.0,0.0,0.37,0.0,0.0,1823054000.0,1004180000.0,0.0,0.0,818874000.0,0.0,27848000.0,1261981200.0,2097064200.0,10.51937984496124,0.0,0.48177124758783885,0.8746390089426198,0.0,10.51937984496124,0.03548069071282041,25.505905655038603,8.855014173847147,1.2567280766396465,0.8193044991439558,0.0,0.023131089433028003,0.027140172479805866,0.0,0.019543579071163004,-58.16117614526684,0.0,-0.37288135593220334,-0.38917497188960287,-0.35791139920007264,-0.010448156324227057,0.0,-0.31561659623511334,0.0,5.545303009386902,0.8707795642456425,0.040043169317660936,Asset Management,Financial Services,HTGC
2018Q2,2018,Q2,2018-08-02,2018-06-30,52060000.0,68970000.0,0.0,0.59,0.0,0.0,1792597000.0,963697000.0,0.0,0.0,828900000.0,0.0,28255000.0,1102131250.0,1904778250.0,11.061084648493544,0.0,0.4809268340848501,0.8945840860768478,0.0,11.061084648493544,0.05402112904782312,15.979864433811802,5.292601085286209,1.1436491449075799,0.5042258932001537,0.0,0.0238174899768063,0.03847490540260862,0.0,0.029041664133098517,-7.023120328301334,0.0,7.428571428571428,0.7268308020325902,0.5803875605426873,0.07329021389015183,0.0,7.755465859401278,0.0,14.49588802509092,2.4186387642549607,0.06147242496371117,Asset Management,Financial Services,HTGC
2018Q1,2018,Q1,2018-05-03,2018-03-31,5946000.0,19197000.0,0.0,0.07,0.0,0.0,1619712000.0,828731000.0,0.0,0.0,790981000.0,0.0,32159000.0,1023611600.0,1677575600.0,9.796337888316232,0.0,0.4767464833254307,0.9317764147835667,0.0,9.796337888316232,0.007174825124195909,53.32143564098557,43.03782374705684,1.235155436444395,4.371510258997645,0.0,0.02539342070761996,0.011852107041251779,0.0,0.0036710229966808914,16.262516880352063,0.0,-0.6818181818181818,-0.7739141149516794,-0.5123955773211045,-0.14574370293987082,0.0,-0.6762319629730466,0.0,-0.7954689339949229,-0.568789935967501,-0.1814246867911295,Asset Management,Financial Services,HTGC
2017Q4,2017,Q4,2018-02-22,2017-12-31,18365000.0,34233000.0,0.0,0.22,0.0,0.0,1654715000.0,840967000.0,0.0,0.0,813748000.0,0.0,32515000.0,1100020160.0,1795563160.0,10.030258936345312,0.0,0.47552116225452723,0.9356514583806499,0.0,10.030258936345312,0.02183795559159872,32.13332632255426,14.97441001905799,1.3080420040263172,1.397658589708685,0.0,0.023334117803804615,0.020688154757767953,0.0,0.011098587974364166,-11.557747331259982,0.0,-0.45,-0.5430646156042551,0.08473923781827612,0.008181299919259649,0.0,-0.444696419932269,0.0,-0.33014096254956726,-0.2365040279858714,-0.039316930082580075,Asset Management,Financial Services,HTGC
2017Q3,2017,Q3,2017-11-02,2017-09-30,33072000.0,45779000.0,0.0,0.4,0.0,0.0,1582997000.0,836284000.0,0.0,0.0,746713000.0,0.0,5231000.0,1064198400.0,1651286400.0,10.137267261442979,0.0,0.4596698540805826,0.870106327515533,0.0,10.137267261442979,0.03954637419823888,23.24643177002556,8.04455732946299,1.2725322976405145,0.7561985970004838,0.0,0.02350031723407966,0.028919195677566036,0.0,0.02089201685157963,118.468039630413,0.0,0.0,3.118755114403222,0.42434259521810674,0.05345101327674174,0.0,-0.002322845334700896,0.0,0.6470996776439871,0.2956950930707307,-0.0366940506454783,Asset Management,Financial Services,HTGC
2017Q2,2017,Q2,2017-08-03,2017-06-30,33149000.0,47072000.0,0.0,0.4,0.0,0.0,1588709000.0,817451000.0,0.0,0.0,771258000.0,0.0,31379000.0,1089546080.0,1678199080.0,9.93354153502163,0.0,0.47149289139798417,0.9163423862714707,0.0,9.93354153502163,0.04055166609374752,23.14637321549966,8.217035808018341,1.3328579694685063,0.7520287188150472,0.0,0.02288017042840446,0.029629088775855114,0.0,0.02086536930300011,19.507736159851035,0.0,6.714285714285714,406.99120408626186,0.4370796649130415,0.017161713014235233,0.0,6.93217609162491,0.0,0.8655122700737139,0.5806591816198838,-0.07903804799610213,Asset Management,Financial Services,HTGC
2017Q1,2017,Q1,2017-05-04,2017-03-31,-5588000.0,8492000.0,0.0,-0.07,0.0,0.0,1586248000.0,807896000.0,0.0,0.0,778352000.0,0.0,37480000.0,1231884600.0,1845583600.0,9.922574306067306,0.0,0.48027735889974327,0.9429914246388149,0.0,9.922574306067306,-0.006916731856575599,145.06413094677345,-55.112947387258416,1.5248059156129008,-4.523801002147459,0.0,0.02052059097093997,0.005353513448086301,0.0,-0.003522778279310675,105.58709179737721,0.0,-1.4036116422349691,-1.1886541540391176,-0.7345072715246128,-0.03894843572486272,0.0,-1.3957226825295659,0.0,-1.1883081722681363,-0.8046745914571323,-0.07548561306973359,Asset Management,Financial Services,HTGC
2016Q4,2016,Q4,2017-02-23,2016-12-31,14121000.0,19766000.0,0.0,0.1734340456890199,0.0,0.0,1464204000.0,787944000.0,0.0,0.0,676260000.0,0.0,37232000.0,1148836200.0,1795605200.0,9.677523949889462,0.0,0.45062914730461057,0.8373856517722071,0.0,9.677523949889462,0.01792132435807621,58.121835475058184,20.339143828340767,1.458017574853035,1.66199277671553,0.0,0.020428499728681947,0.013499485044433698,0.0,0.009644147946597605,-14.37698603393903,0.0,-0.5769901324658051,-0.5359630137024789,-0.5263551462760125,0.055625383840290574,0.0,-0.5417045307023237,0.0,-0.5759758058765859,-0.5338141003063501,-0.09374686298798082,Asset Management,Financial Services,HTGC
2016Q3,2016,Q3,2016-11-03,2016-09-30,30812000.0,43421000.0,0.0,0.41,0.0,0.0,1419424000.0,753589000.0,0.0,0.0,665835000.0,0.0,-11549000.0,1005094320.0,1585268320.0,10.166873532824262,0.0,0.45735875960953176,0.8614589650326637,0.0,10.166873532824262,0.04088700870102934,23.147654821399783,8.155055822406855,1.3337433534725163,0.7417889134103596,0.0,0.022740154376755407,0.030590577586401244,0.0,0.021707396803210318,43.10564480850881,0.0,2.1538461538461537,1.8771195902392888,0.6516879387166903,0.037548655212116484,0.0,2.2519261213720316,0.0,-0.3196891764350442,-0.2743002965751715,-0.04360821672926883,Asset Management,Financial Services,HTGC
2016Q2,2016,Q2,2016-08-04,2016-06-30,9475000.0,22087000.0,0.0,0.13,0.0,0.0,1395171000.0,717795000.0,0.0,0.0,677376000.0,0.0,-12123000.0,903505320.0,1504485320.0,9.867140461331207,0.0,0.47355843835630185,0.9204508250963018,0.0,9.867140461331207,0.013200147674475303,40.906656404219675,23.839190501319262,1.2587233402294526,2.357150395778364,0.0,0.024719278908064427,0.015831034331992278,0.0,0.006791282215585043,2081.8094930875577,0.0,-0.35000000000000003,-0.76983697007886,-0.2611828520892378,0.00023565116351058783,0.0,-0.33718083245890174,0.0,-0.6235922866534123,-0.393858833178474,-0.04256177104035807,Asset Management,Financial Services,HTGC
2016Q1,2016,Q1,2016-05-05,2016-03-31,14295000.0,26119000.0,0.0,0.2,0.0,0.0,1331815000.0,718380000.0,0.0,0.0,613435000.0,0.0,-12642000.0,854775720.0,1503649720.0,10.09357612544259,0.0,0.4973303349188889,0.922007850998079,0.0,10.09357612544259,0.01989893928004677,32.72620391286037,14.94885834207765,1.1898656978200952,1.5302553340328786,0.0,0.025591508378361518,0.019611582689787996,0.0,0.010733472742085049,-10.363430164888458,0.0,0.0,8.28674769040342,1.6421502806950488,0.06984542151559854,0.0,0.008821453775582216,0.0,-0.3539392419014362,-0.21144593464341452,-0.1198240543235157,Asset Management,Financial Services,HTGC
2015Q4,2015,Q4,2016-02-25,2015-12-31,14170000.0,25823000.0,0.0,0.2,0.0,0.0,1334761000.0,717134000.0,0.0,0.0,617627000.0,0.0,-10368000.0,867988950.0,1423178950.0,10.07139948037357,0.0,0.48726775804807004,0.9069239500567536,0.0,10.07139948037357,0.01975920818145563,33.61301746505054,15.313848800282285,1.2103581060164488,1.5062103034580099,0.0,0.024589022705876616,0.019346534697972147,0.0,0.01061613277583028,-24.19279084675846,0.0,3.0000000000000004,-0.2743356620899182,-0.3274224440359809,0.043367406553023305,0.0,2.4773006134969324,0.0,-0.5848643533532715,-0.0365184473023226,0.01231649995955961,Asset Management,Financial Services,HTGC
2015Q3,2015,Q3,2015-11-05,2015-09-30,4075000.0,19799000.0,0.0,0.05,0.0,0.0,1332731000.0,722793000.0,0.0,0.0,609938000.0,0.0,-7311000.0,722480820.0,1165501820.0,10.11436847555344,0.0,0.44294384988418517,0.8167276108097339,0.0,10.11436847555344,0.005637852054460959,36.49077327137734,44.32397668711656,0.999568092109359,5.418895705521472,0.0,0.030564133176573468,0.014855961180463274,0.0,0.0030576312849329686,7.098525432554849,0.0,0.6666666666666669,1.2566377102459676,-0.27781153954116944,0.05186157775472835,0.0,0.48074127906976744,0.0,-0.41414404360129314,-0.2888697699332975,0.05107140262073273,Asset Management,Financial Services,HTGC
2015Q2,2015,Q2,2015-08-06,2015-06-30,2752000.0,16526000.0,0.0,0.03,0.0,0.0,1396553000.0,743691000.0,0.0,0.0,652862000.0,0.0,-8429000.0,824300400.0,1397820400.0,10.420510592982849,0.0,0.4937206106749977,0.9271417833481916,0.0,10.420510592982849,0.0037004616164509185,49.87900278349268,74.88194040697674,1.1083909849655302,7.944404069767442,0.0,0.026523097647411065,0.01183342128798549,0.0,0.001970566100964303,-12.42314323607427,0.0,-0.9090909090909092,1.293660964022329,-0.3430832403243789,0.04180582423472426,0.0,-0.8744468269537844,0.0,38.0555617830587,-0.4182451234175495,0.0670257297331911,Asset Management,Financial Services,HTGC
2015Q1,2015,Q1,2015-05-07,2015-03-31,21919000.0,33566000.0,0.0,0.33,0.0,0.0,1387088000.0,763326000.0,0.0,0.0,623762000.0,0.0,-2710000.0,859794840.0,1302480840.0,11.967546211372936,0.0,0.4429726160128269,0.8049535847069273,0.0,11.967546211372936,0.028715123027382796,25.615052136090092,9.806501665221953,1.1263796071403307,0.8989461198047356,0.0,0.022917094966515502,0.024198897258140797,0.0,0.015802169725352682,-7.535648088906807,0.0,0.03125000000000003,1.1158444580899851,0.7642566701220467,0.14906237585644366,0.0,0.062224376060092075,0.0,-0.05538058482905196,0.3395791872015554,0.15911744797337848,Asset Management,Financial Services,HTGC
2014Q4,2014,Q4,2015-03-02,2014-12-31,20635000.0,33747000.0,0.0,0.32,0.0,0.0,1299223000.0,658864000.0,0.0,0.0,640359000.0,0.0,4563000.0,939002400.0,1338144400.0,10.440757467712542,0.0,0.48202502572691525,0.9505117899900435,0.0,10.440757467712542,0.03131905825784988,27.824766645924083,11.376331475648172,1.4251839529857453,0.9569178580082385,0.0,0.021028700246133552,0.02597475568089543,0.0,0.015882569812880467,125.45122244488978,0.0,0.3913043478260869,0.35997165595213065,0.5804714756320111,0.0021862365021756798,0.0,0.35962311392238255,0.0,-0.1250989358873627,0.043365639753211525,0.1388789804610426,Asset Management,Financial Services,HTGC
2014Q3,2014,Q3,2014-11-06,2014-09-30,15177000.0,26706000.0,0.0,0.23,0.0,0.0,1199338000.0,656198000.0,0.0,0.0,543140000.0,0.0,2361000.0,901667760.0,1274567760.0,10.523413945730963,0.0,0.44318365631706824,0.8100100884184347,0.0,10.523413945730963,0.02312868981618353,33.7627409570883,14.85253607432299,1.3740787993867707,1.2808196613296436,0.0,0.021558938738144524,0.02226728411840532,0.0,0.01265448105538222,69.51948804934464,0.0,0.15,-0.37807722930813015,-0.04153545201577996,-0.0016339051219757678,0.0,0.15055719808960655,0.0,0.6845846531195275,0.20755216720029945,0.07393427806321125,Asset Management,Financial Services,HTGC
2014Q2,2014,Q2,2014-08-07,2014-06-30,13191000.0,22107000.0,0.0,0.2,0.0,0.0,1149473000.0,658909000.0,0.0,0.0,490564000.0,0.0,3293000.0,987198240.0,1351361240.0,10.786049861677226,0.0,0.417731429968342,0.7287364416027099,0.0,10.786049861677226,0.020019456404450388,44.65545935676482,18.709692972481236,1.4982315312129595,1.4529603517549845,0.0,0.019414540285241998,0.019232291667572878,0.0,0.01147569364395684,-11.891232609402667,0.0,-0.4285714285714285,1.5726408890220718,-0.27865246693430556,0.025559130582911756,0.0,-0.4054090601757945,0.0,-0.618424774049646,-0.11940513387214877,0.09338583444278753,Asset Management,Financial Services,HTGC
2014Q1,2014,Q1,2014-05-01,2014-03-31,22185000.0,32503000.0,0.0,0.35,0.0,0.0,1159399000.0,653302000.0,0.0,0.0,506097000.0,0.0,4132000.0,856440900.0,1129037900.0,10.732741908986364,0.0,0.4287868110978188,0.7609574132636974,0.0,10.732741908986364,0.03395826126355039,26.349595421961048,9.651125760649087,1.310941800270013,0.8440387649312598,0.0,0.021863738642094274,0.028034352280793755,0.0,0.019134913864855843,23.894230393661246,0.0,-0.14429449331244734,1.6651826626367472,0.012145003800796242,-0.08950625587678374,0.0,-0.10892878660079527,0.0,14.22253951824186,2.8444152084753105,0.1375923308979016,Asset Management,Financial Services,HTGC
2013Q4,2013,Q4,2014-02-27,2013-12-31,24897000.0,31698000.0,0.0,0.4090192212912765,0.0,0.0,1221715000.0,650007000.0,0.0,0.0,571708000.0,0.0,4993000.0,998267999.9999999,1287340000.0,10.678610152784623,0.0,0.4562766275276967,0.8575907644071525,0.0,10.678610152784623,0.038302664432844566,31.493091046753733,10.023978792625616,1.5357803839035578,0.7584849580270715,0.0,0.018916763834962155,0.025945494653008272,0.0,0.020378729900181303,10.097284175390683,0.0,-0.30674708255715843,2.2255992848620942,-0.2937661694970656,-0.08488919631040259,0.0,-0.32676239149833697,0.0,0.4914892884236589,-0.03422774303068966,0.10627264884228445,Asset Management,Financial Services,HTGC
2013Q3,2013,Q3,2013-11-07,2013-09-30,36981000.0,48855000.0,0.0,0.59,0.0,0.0,1227513000.0,643376000.0,0.0,0.0,584137000.0,0.0,3180000.0,922960500.0,1288053500.0,10.63044843197515,0.0,0.46442359469920075,0.88608527517346,0.0,10.63044843197515,0.05747960757006789,18.891832975130487,6.23942362294151,1.434558485240357,0.44733782212487494,0.0,0.017923843978155076,0.03979998582499737,0.0,0.0301267685148752,9.401846833998858,0.0,0.7352941176470587,0.5904038675929684,0.4745619907809614,-0.13850839571611645,0.0,0.7712055175056277,0.0,3.7500045019299755,1.104157294923519,0.10553222249358607,Asset Management,Financial Services,HTGC
2013Q2,2013,Q2,2013-08-01,2013-06-30,20879000.0,30224000.0,0.0,0.34,0.0,0.0,1210853000.0,621840000.0,0.0,0.0,589013000.0,0.0,-1104000.0,841729050.0,1285396050.0,10.305772386018992,0.0,0.4770281776565776,0.9288739868776534,0.0,10.305772386018992,0.0335761610703718,27.84969064319746,10.078656185641075,1.3536103338479353,0.7630154700895637,0.0,0.018926517981053406,0.024960915982369453,0.0,0.017243216145973128,-18.293685342954014,0.0,0.13333333333333347,0.35927258655502364,-0.08721458344358378,-0.15638418333962745,0.0,0.25106357480975494,0.0,3.6351958804962186,0.42101922059211166,0.030334703773727874,Asset Management,Financial Services,HTGC
2013Q1,2013,Q1,2013-05-02,2013-03-31,16689000.0,24983000.0,0.0,0.3,0.0,0.0,1211186000.0,615608000.0,0.0,0.0,595578000.0,0.0,-2081000.0,655457220.0,1035651220.0,11.467680041727208,0.0,0.48474965859909214,0.9537270470819093,0.0,11.467680041727208,0.027109784148354146,26.23612936797022,9.818701240337948,1.0647314849709557,0.7726047096890167,0.0,0.01967176439066458,0.02062688967673008,0.0,0.013779056230834901,-13.730303322300893,0.0,-0.36170212765957444,-0.08091781447933359,-0.03806092702216577,-0.07021043927322977,0.0,-0.32870761433570655,0.0,0.9141218056208499,0.5602098674853112,0.10106779130597496,Asset Management,Financial Services,HTGC
2012Q4,2012,Q4,2013-02-28,2012-12-31,24861000.0,19521000.0,0.0,0.47,0.0,0.0,1123643000.0,515968000.0,0.0,0.0,607675000.0,0.0,-3730000.0,577224060.0,990330060.0,9.948864293702519,0.0,0.5305065754870542,1.1553042049119324,0.0,9.948864293702519,0.04818322066484743,29.569389887813124,5.804513696150598,1.1187206570950137,0.48409154901250956,0.0,0.02084978924821671,0.01737295564516488,0.0,0.02212535476125424,-5.4795764232350175,0.0,4.222222222222222,-0.2418184794060936,-0.5121978794753749,-0.18993880515345604,0.0,4.239409905163329,0.0,0.9936939346920243,0.11241814019308059,-0.04502954935883037,Asset Management,Financial Services,HTGC
2012Q3,2012,Q3,2012-11-01,2012-09-30,4745000.0,18993000.0,0.0,0.09,0.0,0.0,909513000.0,469117000.0,0.0,0.0,440396000.0,0.0,-7030000.0,538687500.0,862499500.0,9.62291282051282,0.0,0.4737755260232674,0.9185448406261124,,9.62291282051282,0.010114747493695602,28.362422997946613,28.381849315068497,1.1483009569041414,2.4305584826132773,0.0,0.021409444251073207,0.020882604206866752,0.0,0.005217077710818867,-11.720789817232376,0.0,90.288125,-0.5602986743879106,0.07783230924031584,-0.1991272457082709,0.0,97.85416666666667,0.0,-0.7512916484051619,-0.12810456144840382,-0.08706528665401314,Asset Management,Financial Services,HTGC
2012Q2,2012,Q2,2012-08-02,2012-06-30,48000.0,19351000.0,0.0,0.0009858894571446177,0.0,0.0,801872000.0,474781000.0,0.0,0.0,327091000.0,0.0,-6430000.0,551305440.0,812939440.0,9.765941253908178,0.0,0.39629018097651497,0.6693064802508947,,9.765941253908178,0.00010109924365128344,28.489764870032555,2871.3824999999997,1.1611783959341255,236.83333333333334,0.0,0.020620148424437823,0.024132280463714906,0.0,5.9859927769020494e-05,-22.032828710734552,0.0,-0.9972614181745982,-0.9969925608046145,-0.20052743085621774,-0.3692592946065009,0.0,-0.9971938029815843,0.0,1.0026183618522098,-0.20658218947928889,-0.07143483016270347,Asset Management,Financial Services,HTGC
2012Q1,2012,Q1,2012-05-08,2012-03-31,17105000.0,18471000.0,0.0,0.36,0.0,0.0,763366000.0,485447000.0,0.0,0.0,277919000.0,0.0,-6811000.0,520959440.0,743900440.0,10.324705431962228,0.0,0.3554965770023816,0.5590188012285584,,10.324705431962228,0.03523556639550764,28.204181690217098,7.614139725226542,1.0731541033315686,0.628003507746273,0.0,0.020619647471979776,0.024196781098450807,0.0,0.02240733802658227,-29.434399683597942,0.0,-0.03679053092812836,0.31421416018302517,-0.1102983592178783,-0.1241582663420304,0.0,-0.02663176463893473,0.0,1.66029485816563,-0.25535573984527915,-0.12412133027762154,Asset Management,Financial Services,HTGC
2011Q4,2011,Q4,2012-03-09,2011-12-31,17573000.0,24099000.0,0.0,0.37375047854013355,0.0,0.0,747394000.0,431041000.0,0.0,0.0,316353000.0,0.0,-6774000.0,443849920.0,684915920.0,9.167574120549578,0.0,0.40880713519241524,0.7088420823077155,,9.167574120549578,0.04076874357659712,18.417773351591354,6.314373186137825,1.029716245090374,0.5255790132589768,0.0,0.020808835563156124,0.032244037281540926,0.0,0.023512364295137506,-6.621561963867464,0.0,1.6696462752866679,1.1697781611285918,0.49880384971368263,-0.17908746291879826,0.0,1.8238791579623976,0.0,2.119918809119846,-0.3048879322164814,-0.21437846299198232,Asset Management,Financial Services,HTGC
2011Q3,2011,Q3,2011-11-04,2011-09-30,6223000.0,15276000.0,0.0,0.14,0.0,0.0,688637000.0,422050000.0,0.0,0.0,266587000.0,0.0,-6085000.0,366964920.0,529487920.0,9.798936639502218,0.0,0.37586130283443964,0.6132733088496624,,9.798936639502218,0.014744698495438928,24.022317360565594,14.74228346456693,0.8694820992773368,1.4576570785794634,0.0,0.024718984038038298,0.02218294979793418,0.0,0.009036691319229144,-3.949766650880441,0.0,-0.75,0.2550346210120766,0.1442325695870517,-0.11524139466183203,0.0,-0.7440884977587696,0.0,-0.6239402183233278,-0.35212386413459307,-0.20589411633386628,Asset Management,Financial Services,HTGC
2011Q2,2011,Q2,2011-08-05,2011-06-30,24317000.0,17659000.0,0.0,0.56,0.0,0.0,691253000.0,423901000.0,0.0,0.0,267352000.0,0.0,-5028000.0,452054920.0,512371920.0,9.864815806008703,0.0,0.37404828622805253,0.6099584572812992,,9.864815806008703,0.05736480923611881,25.599123393170622,4.647519430850845,1.0664162622876567,0.39667722169675534,0.0,0.021338115289177697,0.025546362909094067,0.0,0.0351781475089439,-98.85303301989941,0.0,19.66666666666667,1.161701048063202,-0.04902556275363756,-0.17265311049882628,0.0,21.642614601018675,0.0,1.2229490387538777,-0.2511315972920458,-0.1924802595407479,Asset Management,Financial Services,HTGC
2011Q1,2011,Q1,2011-05-10,2011-03-31,-1178000.0,5936000.0,0.0,-0.03,0.0,0.0,574406000.0,403207000.0,0.0,0.0,171199000.0,0.0,-5742000.0,470107000.0,519422000.0,9.43461169478438,0.0,0.2850771057405389,0.4061189413874263,,9.43461169478438,-0.0029215762623168743,79.195923180593,-99.768039049236,1.1659197384966034,-7.546689303904923,0.0,0.01891058844050397,0.010334153891150163,0.0,-0.0020508142324418615,18.95745624647149,0.0,-1.1093950511945392,-1.1090740862472999,-0.8041301949815107,-0.21436749911564262,0.0,-1.1005119453924914,0.0,-1.081488060072997,-0.7129077130228667,-0.2350498591343686,Asset Management,Financial Services,HTGC
2010Q4,2010,Q4,2011-03-29,2010-12-31,11720000.0,23044000.0,0.0,0.27423544001684724,0.0,0.0,591247000.0,412531000.0,0.0,0.0,178716000.0,0.0,-5990000.0,442755320.0,505741320.0,9.652783302524744,0.0,0.28752788597658846,0.4120902429150779,,9.652783302524744,0.02840998615861596,19.21347509113001,9.44443941979522,1.0732655727690767,0.5664675767918089,0.0,0.014994737951426536,0.03897525061437944,0.0,0.01982251072732716,-9.29494310786413,0.0,2.192328000073249,14.624350211171588,0.9915240061357564,-0.16325157956387715,0.0,2.49814649111594,0.0,-0.5662620313768922,-0.30121316073558,-0.21404645346429232,Asset Management,Financial Services,HTGC
2010Q3,2010,Q3,2010-11-04,2010-09-30,-7823000.0,13507000.0,0.0,-0.23,0.0,0.0,504282000.0,338549000.0,0.0,0.0,165733000.0,0.0,-5356000.0,355952880.0,432941880.0,9.615683935469212,0.0,0.3172827901848569,0.4726051472608101,,9.615683935469212,-0.023107437918883235,26.353215369808247,-11.375203885977246,1.0514072704394342,-0.9201073756870766,0.0,0.020221777668999335,0.026784616543917887,0.0,-0.015513145422600846,23.83825877310474,0.0,-0.6428571428571428,-2.3943980754418637,0.0024176592134860396,-0.17876517228361125,0.0,-0.6896328293736501,0.0,-2.0037559967292347,0.061328420501791325,-0.19972887404922307,Asset Management,Financial Services,HTGC
2010Q2,2010,Q2,2010-08-09,2010-06-30,-4630000.0,12429000.0,0.0,-0.14,0.0,0.0,497441000.0,352683000.0,0.0,0.0,144758000.0,0.0,-6306000.0,324744600.00000006,409093600.00000006,10.002353942144072,0.0,0.2756105749224531,0.3887343591837429,,10.002353942144072,-0.013127936418823703,26.127974897417335,-17.534805615550756,0.9207832529495327,-1.4129589632829374,0.0,0.020145061688477652,0.024985877722182127,0.0,-0.00930763648352267,-6.670184447274372,0.0,-1.8750000000000002,-1.9473719527648201,-0.2813317790424975,-0.5474208588370583,0.0,-1.8102905145257262,0.0,-1.3999756239145098,-0.292000000086836,-0.3539904022524528,Asset Management,Financial Services,HTGC
2010Q1,2010,Q1,2010-05-07,2010-03-31,5714000.0,10494000.0,0.0,0.16,0.0,0.0,500957000.0,366412000.0,0.0,0.0,134545000.0,0.0,-5917000.0,372566790.0,397028790.0,10.415053580057418,0.0,0.26070101825106745,0.35642937458380186,,10.415053580057418,0.015594467430106,35.502838765008576,16.300612093104654,1.0167974575068501,1.1393069653482675,0.0,0.01747337705542676,0.02094790570847398,0.0,0.0114061685933124,-30.775383281017678,0.0,-0.33455964061945853,13.510676009164206,10.00745360073001,0.0,0.0,-0.32450644284194347,0.0,-0.413268680192998,-0.3244600850916112,-0.11649405943734592,Asset Management,Financial Services,HTGC
2009Q4,2009,Q4,2010-03-12,2009-12-31,8459000.0,11904000.0,0.0,0.24044228418748756,0.0,0.0,508967000.0,366515000.0,0.0,0.0,142452000.0,0.0,-4399000.0,365530590.0,371302590.0,10.417981296722663,0.0,0.25659816844707023,0.356329208900045,,10.417981296722663,0.02307954653970506,30.706534778225805,10.803008334318479,0.9973141344828997,1.3177680576900344,0.0,0.030495395747863398,0.023388549748804933,0.0,0.016619938031345843,6.190502311717784,0.0,-0.36725714687503275,1.9066314989186748,13.742431078254182,-0.14464830815148944,0.0,-0.38210372534696857,0.0,0.3958682254526234,-0.010548142353693417,-0.06711946420080654,Asset Management,Financial Services,HTGC
2009Q3,2009,Q3,2009-11-09,2009-09-30,13690000.0,15631000.0,0.0,0.38,0.0,0.0,505120000.0,368722000.0,0.0,0.0,136398000.0,0.0,-4041000.0,343513420.0,396866420.0,10.54063634544467,0.0,0.2585524231865695,0.35419638643747864,,10.54063634544467,0.03712824295810936,21.976419934745056,6.273071950328707,0.9316325578620208,0.7094959824689554,0.0,0.028275460097017462,0.030945121951219512,0.0,0.027102470700031675,6.842760502778829,0.0,2.0,3.399480016128536,17.6176869782825,0.0,0.0,2.0483191668581053,0.0,2.3994768503790773,0.4415979413030518,-0.04827237327190406,Asset Management,Financial Services,HTGC
2009Q2,2009,Q2,2009-08-07,2009-06-30,-13059000.0,17374000.0,0.0,-0.38,0.0,0.0,501895000.0,364233000.0,0.0,0.0,137662000.0,0.0,-3754000.0,290908800.0,384558800.0,10.517238392238392,0.0,0.26104464081132506,0.3597065614592857,,10.517238392238392,-0.035853423495399925,16.743916196615633,-5.569124741557546,0.7986887514310895,-0.7350486254690252,0.0,0.0329965954965955,0.034616802319210195,0.0,-0.026019386525069986,4.275555555555556,0.0,-3.714285714285714,0.9305101287268979,31.53241656856115,0.0,0.0,-3.9136546184738954,0.0,-2.440434278558898,0.1609150497804552,-0.11793543426723747,Asset Management,Financial Services,HTGC
2009Q1,2009,Q1,2009-05-11,2009-03-31,4482000.0,17291000.0,0.0,0.14,0.0,0.0,550272000.0,386346000.0,0.0,0.0,163926000.0,0.0,-4977000.0,163875000.0,315942000.0,11.787826086956521,0.0,0.2906762473831124,0.4140097218555388,,11.787826086956521,0.011601000139771086,9.477473830316349,9.140729585006692,0.4241664207730894,0.23650156180276663,0.0,0.00646834477498093,0.031422641893463596,0.0,0.00814506280530356,3.3784480270482002,0.0,1.4195008228195283,11.217567329695477,18.468450798082984,0.0,0.0,1.4097641250685682,0.0,-0.458860198950043,-0.2560306532497829,-0.01841224755385439,Asset Management,Financial Services,HTGC
2008Q4,2008,Q4,2009-03-16,2008-12-31,-10938000.0,24167000.0,0.0,-0.3337299771167048,0.0,0.0,608672000.0,382458000.0,0.0,0.0,226214000.0,0.0,-5944000.0,259578000.0,548700000.0,11.669199084668191,0.0,0.503331843751643,0.8010395912753818,,11.669199084668191,-0.02859921873774375,10.74101046882112,-5.932940208447613,0.6787098191173934,-0.8930334613274822,0.0,0.03763030765319095,0.03970447137374481,0.0,-0.017970269701908417,4.732161738432931,0.0,-1.8782367818860652,-0.2583897645535619,28.768191557002286,-0.04191907286990598,0.0,-1.8723879406603925,0.0,-15.58011117718752,1.7234020109806967,0.01154077490757284,Asset Management,Financial Services,HTGC
2008Q3,2008,Q3,2008-11-10,2008-09-30,12538000.0,17865000.0,0.0,0.38,0.0,0.0,675003000.0,402690000.0,0.0,0.0,272313000.0,0.0,-6832000.0,316549800.0,561160800.0,12.339584482441625,0.0,0.3927389952340953,0.658322779309146,,12.339584482441625,0.031135613002557797,17.718992443324936,6.311808103365768,0.7860880578112195,0.8911309618758972,0.0,0.03529618404434311,0.026466549037559833,0.0,0.018574732260449214,-9.976671184090264,0.0,0.2666666666666667,3.3556125852360985,21.80887645821186,0.0,0.0,0.500119645848289,0.0,1.4110863052359017,0.4304209951031704,0.053871633524660206,Asset Management,Financial Services,HTGC
2008Q2,2008,Q2,2008-08-11,2008-06-30,8358000.0,18017000.0,0.0,0.3,0.0,0.0,622566000.0,401082000.0,0.0,0.0,221484000.0,0.0,-5651000.0,293189760.0,493288760.0,12.216191520467836,0.0,0.3436583430511785,0.5334320662607647,,12.216191520467836,0.020838631501787663,16.27295110173725,8.769734386216797,0.7309970529717115,1.3357262502991145,0.0,0.038077728226251835,0.028939903560425723,0.0,0.013425082641840383,-5.0212324028087005,0.0,-0.11764705882352951,1.0469131058220893,34.58600371558474,0.0,0.0,-0.24272900244631693,0.0,0.8366519651152059,0.11881865845545105,-0.44725076730985885,Asset Management,Financial Services,HTGC
2008Q1,2008,Q1,2008-05-12,2008-03-31,11037000.0,15786000.0,0.0,0.34,0.0,0.0,548944000.0,402434000.0,0.0,0.0,146510000.0,0.0,-4459000.0,354350940.0,483496940.0,12.333629593306568,0.0,0.26040907633565535,0.355213525696139,,12.333629593306568,0.027425615131922255,22.447164576206767,8.026432454471324,0.8805193895148024,0.8845700824499411,0.0,0.027551782422250665,0.028757031682648867,0.0,0.020105876009210412,49.684652271452606,0.0,-0.46224707746454285,29.22058505867535,16.853456841690654,0.0,0.0,-0.4650032535092529,0.0,29.22058505867535,16.853456841690654,0.0,Asset Management,Financial Services,HTGC
2007Q4,2007,Q4,2008-03-12,2007-12-31,20630032.0,25177516.0,0.0,0.6322606270495571,0.0,0.0,541943000.0,400737000.0,0.0,0.0,141206000.0,0.0,-3696000.0,405252180.0,610846180.0,12.281620644212204,0.0,0.3938606089570305,0.5326436041593364,,12.281620644212204,0.05148022768049868,16.09579674182314,4.910949483742924,1.0112671902020527,0.4732287860726537,0.0,0.02409049347988702,0.046457867340292246,0.0,0.0380667930022161,-4.3858223710910655,0.0,1.8739119411343506,3.384054044180601,30.0587328041237,0.008362819769435285,0.0,1.874016838396917,0.0,3.384054044180601,30.0587328041237,0.008362819769435285,Asset Management,Financial Services,HTGC
2007Q3,2007,Q3,2007-11-08,2007-09-30,7178118.0,11721266.0,0.0,0.22,0.0,0.0,446084472.0,389627681.0,0.0,0.0,56456791.0,0.0,-3774185.0,433873260.0,459637617.0,12.015532765904956,0.0,0.11645776363181724,0.13333241587627342,,12.015532765904956,0.018423018563714418,37.01590425471105,15.110968501771636,1.1135586128953707,1.142031657880241,0.0,0.018894084415342856,0.02627588884107134,0.0,0.016091387283258762,39.48284028611763,0.0,-0.33333333333333337,2.357218376963828,14.060484097185,0.0,0.0,-0.1320049123506246,0.0,2.357218376963828,14.060484097185,0.0,Asset Management,Financial Services,HTGC
2007Q2,2007,Q2,2007-08-09,2007-06-30,8269768.0,12541480.0,0.0,0.33,0.0,0.0,427736808.0,390024075.0,0.0,0.0,37712733.0,0.0,-4093986.0,340316900.0,366551072.0,15.483289996030171,0.0,0.07878676646411033,0.08640492256792097,,15.483289996030171,0.021203224441978356,27.135306199906232,10.287982081238553,0.8725535724942107,0.7177550809164175,0.0,0.017441590470529084,0.02932055358677479,0.0,0.01933377685840869,-5.208144490719419,0.0,0.2222222222222222,1.0604998526106992,31.286034219309574,0.0,0.0,0.3062171679343278,0.0,1.0604998526106992,31.286034219309574,0.0,Asset Management,Financial Services,HTGC
2007Q1,2007,Q1,2007-05-08,2007-03-31,6331082.0,10098736.0,0.0,0.27,0.0,0.0,386272034.0,269610740.0,0.0,0.0,116661294.0,0.0,-4403024.0,313332700.0,384844372.0,11.78832320405754,0.0,0.29253994608369704,0.4191227693674221,,11.78832320405754,0.023482306379931303,31.02692257724135,12.37279425538952,1.1621669819236429,0.9655488587890664,0.0,0.01950951496604089,0.02614410340666806,0.0,0.016390215813552787,-5.745408374948358,0.0,0.5674631529383097,23.731381331300526,15.29430527761302,0.0,0.0,0.6070387945969066,0.0,23.731381331300526,15.29430527761302,0.0,Asset Management,Financial Services,HTGC
