Quarters,Year,Quarter,FillingDate,Date,NetIncome,Revenue,OperatingIncome,EPSDiluted,GrossProfit,GrossProfitRatio,TotalAssets,CommonStockEquity,CurrentAssets,CurrentLiability,TotalLiability,Inventory,RetainedEarnings,MarketCap,EnterpriseValue,bookValuePerShare,currentRatio,debtToAssets,debtToEquity,roic,shareholdersEquityPerShare,roe,priceToSalesRatio,peRatio,pbRatio,payoutRatio,inventoryTurnover,dividendYield,assetTurnover,quickRatio,returnOnAssets,priceToFreeCashFlowsRatio,grossProfitMargin,epsdilutedGrowth,fiveYNetIncomeGrowthPerShare,fiveYRevenueGrowthPerShare,fiveYShareholdersEquityGrowthPerShare,grossProfitGrowth,netIncomeGrowth,operatingIncomeGrowth,threeYNetIncomeGrowthPerShare,threeYRevenueGrowthPerShare,threeYShareholdersEquityGrowthPerShare,Industry,Sector,Symbol
2023Q1,2023,Q1,2023-05-11,2023-04-01,-2090000.0,13706000.0,-2344000.0,-0.13,5938000.0,0.4332409164,40980000.0,15884000.0,34698000.0,13162000.0,25096000.0,11241000.0,-71562000.0,32482029.999999996,22952029.999999996,0.9926879570026873,2.636225497644735,0.037042459736456805,0.09556786703601108,-0.12460550171229043,0.9926879570026873,-0.13157894736842105,2.3699131767109294,-3.8854102870813394,2.044952782674389,0.0,0.6910417222667022,0.0,0.33445583211322594,1.6568150736970064,-0.05100048804294778,-11.255034650034649,0.4332409163869838,-0.8105849582172702,0.5784589025217565,0.04745115014074374,-0.5764822761318199,-0.10894357743097238,-0.8205574912891986,-0.6624113475177305,-0.09066245140417664,0.30902274765681037,-0.3529152122918792,Medical Devices,Healthcare,IRIX
2022Q4,2022,Q4,2023-03-09,2022-12-31,-1148000.0,15195000.0,-1410000.0,-0.0718,6664000.0,0.4385653175,42290000.0,17231000.0,35766000.0,12453000.0,25059000.0,10608000.0,-69716000.0,32139899.999999996,19986899.999999996,1.0776110068792997,2.872079017104312,0.04183021991014424,0.10266380360977308,-0.06872778696169327,1.0776110068792997,-0.06662410771284313,2.1151628825271467,-6.9991071428571425,1.8652370727177756,0.0,0.8042043740573153,0.0,0.35930480018917,1.9023528467036055,-0.027145897375266022,-19.210938433950982,0.438565317538664,0.34727272727272723,0.8386391106468701,0.07487655963831251,-0.5909442000621333,0.031578947368421054,0.3503112620260328,0.168141592920354,0.3660802575600783,0.1135630754172897,-0.34583957243702323,Medical Devices,Healthcare,IRIX
2022Q3,2022,Q3,2022-11-10,2022-10-01,-1767000.0,14635000.0,-1695000.0,-0.11,6460000.0,0.4414075846,44959000.0,18075000.0,38349000.0,13633000.0,26884000.0,10765000.0,-68568000.0,38526260.0,24643260.0,1.1306768422369573,2.812953861952615,0.04388442803443137,0.10915629322268326,-0.07758670333169762,1.1306768422369573,-0.09775933609958506,2.6324742056713357,-5.4508007923033395,2.131466666666667,0.0,0.7594054807245704,0.0,0.32551880602326566,1.8777965231423752,-0.03930247558886986,-17.811493296347667,0.44140758455756746,0.21428571428571436,0.5869604775302422,-0.02519217085313201,-0.627348857961388,0.030796234242859422,0.21151271753681392,0.2152777777777778,0.1474313133235278,0.181962339702904,-0.3510439067901272,Medical Devices,Healthcare,IRIX
2022Q2,2022,Q2,2022-08-15,2022-07-02,-2241000.0,13755000.0,-2160000.0,-0.14,6267000.0,0.4556161396,45646000.0,19432000.0,39444000.0,12352000.0,26214000.0,10176000.0,-66801000.0,39258180.0,23508180.0,1.2225997231659747,3.1933290155440415,0.0485475178547956,0.11403869905310828,-0.09120477670830147,1.2225997231659747,-0.11532523672293125,2.854102508178844,-4.379538152610443,2.020285096747633,0.0,0.7358490566037735,0.0,0.30134075274941946,2.202315414507772,-0.04909521097138851,-14.594118959107806,0.45561613958560526,0.06666666666666654,0.4080193555029343,-0.0009848162492831066,-0.6244709655846143,0.048519324075623226,0.06273525721455459,0.05138339920948617,0.20449705216863295,0.13286635604849129,-0.34893905256665414,Medical Devices,Healthcare,IRIX
2022Q1,2022,Q1,2022-05-12,2022-04-02,-2391000.0,13387000.0,-2277000.0,-0.15,5977000.0,0.4464779263,48024000.0,21326000.0,41929000.0,12588000.0,26698000.0,9091000.0,-64560000.0,74005460.0,55801460.0,1.3428625401423084,3.330870670479822,0.05032900216558388,0.11333583419300385,-0.08777550021475086,1.3428625401423084,-0.11211666510362937,5.528158661387914,-7.737919280635718,3.470198818343806,0.0,0.8150918490815092,0.0,0.27875645510578045,2.4683825865904034,-0.04978760619690155,-22.56952119548643,0.4464779263464555,0.0,0.07067597410078301,-0.07381678516230993,-0.6118087858307623,-0.0041652782405864714,0.02128530495292673,0.05006257822277847,0.32674029333324084,0.08442697589275874,-0.33304608016107334,Medical Devices,Healthcare,IRIX
2021Q4,2021,Q4,2022-03-15,2022-01-01,-2443000.0,15254000.0,-2397000.0,-0.15,6002000.0,0.3934705651,48687000.0,23299000.0,42253000.0,12646000.0,25388000.0,7614000.0,-62169000.0,96947370.0,75751370.0,1.4683935211445138,3.3412146133164637,0.05455254996200218,0.11399630885445727,-0.08433127905243079,1.4683935211445138,-0.1048542855916563,6.355537563917661,-9.920934302087597,4.161009914588609,0.0,1.215130023640662,0.0,0.3133074537350833,2.654436185355053,-0.05017766549592294,-54.61823661971831,0.3934705650976793,-0.07142857142857129,0.8513286108250561,-0.19875906823434691,-0.6084158952678203,0.03804911795226565,-0.12840646651270207,-0.11126564673157163,0.26687603572342145,0.14010823235345343,-0.3335107808803363,Medical Devices,Healthcare,IRIX
2021Q3,2021,Q3,2021-11-12,2021-09-30,-2165000.0,13264000.0,-2157000.0,-0.14,5782000.0,0.4359167671893848,50542000.0,25322000.0,43906000.0,12967000.0,25220000.0,8791000.0,-59726000.0,121211840.0,98535840.0,1.6002275025278059,3.3859797948638852,0.05721973803965019,0.11420898823157728,-0.06960072011830515,1.6002275025278059,-0.08549877576810679,9.138407720144754,-13.996748267898383,4.786819366558723,0.0,0.8510977135706973,0.0,0.26243520240591983,2.6289812601218476,-0.04283566143009774,-174.4055251798561,0.4359167671893848,-2.555555555555556,-1.0653120427534477,-0.13266577980422303,-0.5308895469696647,-0.05337262606417813,-2.554199569274946,-0.8954305799648506,0.469242486314982,-0.11698069220792681,-0.4148022641711158,Medical Devices,Healthcare,IRIX
2021Q2,2021,Q2,2021-08-12,2021-07-03,1393000.0,13426000.0,-1138000.0,0.09,6108000.0,0.45493817965142264,50520000.0,26880000.0,43731000.0,10922000.0,23640000.0,7962000.0,-57561000.0,111406640.0,88137640.0,1.717901195117275,4.003937007874016,0.05918448139350752,0.11123511904761904,-0.034434016568462754,1.717901195117275,0.05182291666666667,8.297828094741547,19.994012921751615,4.144592261904762,0.0,0.9191158000502386,0.0,0.26575613618368965,3.1915400109869987,0.027573238321456847,-86.83292283710054,0.45493817965142264,1.6428571428571428,3.7372980794261195,-0.2733042222536561,-0.4980578991552405,0.23668758858068434,1.6930348258706467,0.38185768604019554,1.3160446091902602,-0.030356909645132667,-0.18130227495823073,Medical Devices,Healthcare,IRIX
2021Q1,2021,Q1,2021-05-12,2021-04-03,-2010000.0,11959000.0,-1841000.0,-0.14,4939000.0,0.41299439752487666,49559000.0,25649000.0,44221000.0,12747000.0,23910000.0,7042000.0,-58954000.0,103004280.0,78948280.0,1.787885124773456,3.4691299913705187,0.07944066668011865,0.15349526297321534,-0.05957444218902352,1.787885124773456,-0.07836562828960193,8.613118153691781,-12.811477611940298,4.015917969511482,0.0,0.9968758875319511,0.0,0.241308339554874,2.8381579979603044,-0.04055771908230594,8.761102322020923,0.41299439752487666,-13.0,-14.919317904186908,-0.2989301500029276,-0.4752803725766516,-0.11519168756718022,-10.22905027932961,-5.136666666666667,0.5478255782247541,0.019375555588689468,-0.23722149217150076,Medical Devices,Healthcare,IRIX
2020Q4,2020,Q4,2021-03-23,2021-01-02,-179000.0,12304000.0,-300000.0,-0.01,5582000.0,0.4536736020806242,27969000.0,17366000.0,25359000.0,8681000.0,10603000.0,5714000.0,-56944000.0,34883980.0,27445980.0,1.2495323068067348,2.9212072341896094,0.14973720905287996,0.24116088909363123,-0.013353608271777014,1.2495323068067348,-0.010307497408729702,2.8351739271781535,-48.720642458100556,2.008751583554071,0.0,1.1764088204410221,0.0,0.43991562086595876,2.178896440502246,-0.00639994279380743,-160.01825688073396,0.4536736020806242,0.9166666666666667,-1.293465568778662,-0.27058810866451527,-0.6298286505007359,0.5276409414340448,0.89586969168121,0.8374864572047671,0.9710528655568581,0.001383351039730252,-0.5256837262740702,Medical Devices,Healthcare,IRIX
2020Q3,2020,Q3,2020-11-10,2020-09-26,-1719000.0,8803000.0,-1846000.0,-0.12,3654000.0,0.4150857662160627,28459000.0,17252000.0,25561000.0,9213000.0,11207000.0,7004000.0,-56765000.0,26396700.0,18964700.0,1.241776434175484,2.7744491479431237,0.15812221089989106,0.26083932297704615,-0.07807329866633632,1.241776434175484,-0.09964062137723162,2.9986027490628193,-3.838961605584642,1.5300660792951541,0.0,0.7351513420902341,0.0,0.3093221827892758,1.9553891240638228,-0.06040268456375839,65.6634328358209,0.4150857662160627,0.4000000000000001,-3.791514200484439,-0.3562360811704066,-0.622699737915968,0.5187032418952618,0.3816546762589928,0.3369252873563218,0.537645903324244,-0.3253154632726642,-0.5907323922575302,Medical Devices,Healthcare,IRIX
2020Q2,2020,Q2,2020-08-07,2020-06-27,-2780000.0,6219000.0,-2784000.0,-0.2,2406000.0,0.3868789194404245,29275000.0,18794000.0,25763000.0,7575000.0,10481000.0,7847000.0,-55046000.0,26894400.0,20280400.0,1.3626740139211138,3.4010561056105613,0.17113578138343297,0.2665744386506332,-0.10597774124011917,1.3626740139211138,-0.1479195487921677,4.324553786782441,-2.4185611510791367,1.4310098967755667,0.0,0.4859181852937428,0.0,0.21243381725021349,2.298085808580858,-0.09496157130657558,-13.467401101652479,0.3868789194404245,-0.6666666666666669,-2.0998520525813844,-0.4994674640394347,-0.5888317433243957,-0.3855975485188968,-0.6838279830405815,-0.6842105263157895,0.15371546087323348,-0.4794792926565499,-0.5814462845242571,Medical Devices,Healthcare,IRIX
2020Q1,2020,Q1,2020-05-12,2020-03-28,-1651000.0,9021000.0,-1653000.0,-0.12,3916000.0,0.4340982152754683,30896000.0,21149000.0,26975000.0,7835000.0,9747000.0,8158000.0,-52266000.0,24539080.0,16266080.0,1.5340925576671987,3.4428844926611357,0.09276281719316416,0.13551468154522672,-0.0617550805836049,1.5340925576671987,-0.07806515674499977,2.7202172708125487,-3.7157904300423987,1.1602950494113196,0.0,0.6257661191468498,0.0,0.2919795442775764,2.3134652201659223,-0.05343733816675298,-16.13351742274819,0.4340982152754683,-0.09090909090909087,-5.803998164745901,-0.401887782693452,-0.5548831120535161,-0.19257731958762886,-0.057655349135169766,-0.022263450834879406,0.260779105633828,-0.2810347548390263,-0.5565285092056321,Medical Devices,Healthcare,IRIX
2019Q4,2019,Q4,2020-03-13,2019-12-28,-1561000.0,11762000.0,-1617000.0,-0.11,4850000.0,0.412344839313042,34813000.0,22705000.0,30551000.0,9778000.0,12108000.0,8174000.0,-50615000.0,32390050.0,22946050.0,1.6473191612856417,3.124463080384537,0.09217820928963319,0.1413345078176613,-0.05646358290977692,1.6473191612856417,-0.06875137634882185,2.753787621152865,-5.187387892376681,1.4265602290244441,0.0,0.8456080254465378,0.0,0.3378622928216471,2.247494375127838,-0.04483957142446787,-168.69817708333332,0.412344839313042,0.15384615384615388,-1.1268373272719392,-0.28885825533870224,-0.5207363775190131,0.1323838431006304,0.12549019607843137,0.1273610361575823,0.8906401511923018,-0.28876744713507435,-0.5607008681995415,Medical Devices,Healthcare,IRIX
2019Q3,2019,Q3,2019-11-08,2019-09-28,-1785000.0,10664000.0,-1853000.0,-0.13,4283000.0,0.40163165791447863,35958000.0,23988000.0,31218000.0,9299000.0,11970000.0,8896000.0,-49054000.0,24369360.0,14960360.0,1.742300987797792,3.3571351758253574,0.09842037933144224,0.14753209938302483,-0.05988203423648204,1.742300987797792,-0.07441220610305152,2.285198799699925,-3.4130756302521013,1.0158979489744873,0.0,0.7172886690647482,0.0,0.2965682184771122,2.3370254866114637,-0.04964124812280994,-9.456484284051223,0.40163165791447863,0.27777777777777773,-3.6112258238565618,-0.24451168254113373,-0.3288798856962488,-0.05847438997581886,0.2620917734601075,0.2491896272285251,-0.9570927769613722,-0.1985479913211174,-0.48924037087856465,Medical Devices,Healthcare,IRIX
2019Q2,2019,Q2,2019-08-07,2019-06-29,-2419000.0,10426000.0,-2468000.0,-0.18,4549000.0,0.4363130634951084,38485000.0,25629000.0,33283000.0,9768000.0,12856000.0,8974000.0,-47269000.0,62098400.0,50344400.0,1.8778575615474795,3.407350532350532,0.1007925165648954,0.15135198408053377,-0.07419704068980061,1.8778575615474795,-0.09438526669007764,5.956109725685786,-6.417775940471269,2.4229739747941785,0.0,0.6548919099621128,0.0,0.27091074444588803,2.4279279279279278,-0.06285565804859036,-44.10397727272727,0.4363130634951084,0.18181818181818185,-6.9211986018844165,-0.2841978785966149,-0.27555104297701727,0.06859290580220813,0.20636482939632547,0.18708827404479578,-4.449653795427902,-0.35302755622334736,-0.4513213145148241,Medical Devices,Healthcare,IRIX
2019Q1,2019,Q1,2019-05-07,2019-03-30,-3048000.0,10595000.0,-3036000.0,-0.22,4257000.0,0.40179329872581404,40667000.0,27443000.0,35059000.0,9647000.0,13224000.0,8701000.0,-44850000.0,62152799.99999999,49179799.99999999,2.013426265590609,3.6341867938219137,0.10332702190965648,0.153117370549867,-0.08486032766146326,2.013426265590609,-0.11106657435411581,5.866238791882963,-5.097834645669291,2.2647961228728635,0.0,0.7284220204574187,0.0,0.2605306513881034,2.6528454441795377,-0.07495020532618585,-16.08509316770186,0.40179329872581404,-0.047619047619047665,-5.574885994025138,-0.25021463690510315,-0.24496515040352157,-0.09521785334750266,-0.06722689075630252,-0.04365761430044689,-23.216305034758797,-0.3462640680366005,-0.4090871581813984,Medical Devices,Healthcare,IRIX
2018Q4,2018,Q4,2019-03-29,2018-12-29,-2856000.0,11467000.0,-2909000.0,-0.21,4705000.0,0.4103078398883753,41672000.0,29961000.0,39618000.0,11088000.0,11711000.0,8794000.0,-41802000.0,60515550.0,39321550.0,2.203176704169424,3.573051948051948,0.0,0.0,-0.09788114594861069,2.203176704169424,-0.09532392109742666,5.277365483561525,-5.297229516806723,2.0198107539801744,0.0,0.7689333636570389,0.0,0.2751727778844308,2.7306096681096683,-0.06853522749088117,-28.816928571428573,0.4103078398883753,0.19230769230769237,-6.019980766718284,-0.2164495516103757,-0.16079197870114922,0.02819055944055944,0.07091737150292778,0.04934640522875817,-5.785283365920338,-0.30526102623585494,-0.34731347935137574,Medical Devices,Healthcare,IRIX
2018Q3,2018,Q3,2018-11-06,2018-09-29,-3074000.0,11320000.0,-3060000.0,-0.26,4576000.0,0.4042402826855124,43537000.0,32609000.0,41372000.0,10390000.0,10928000.0,8725000.0,-38946000.0,75723750.0,51998750.0,2.7345073375262055,3.981905678537055,0.0,0.0,-0.09402264266394009,2.7345073375262055,-0.09426845349443405,6.689377208480566,-6.158405172413793,2.322173326382287,0.0,0.7729512893982808,0.0,0.2600087282081907,3.094802694898941,-0.07060661046925604,-25.773910823689583,0.4042402826855124,0.07142857142857148,-5.764511530398323,-0.023828242774602038,0.06815670621288406,0.07216494845360824,0.06280487804878049,0.06764168190127971,-6.815746606334841,-0.03554936129720582,-0.1691496901337196,Medical Devices,Healthcare,IRIX
2018Q2,2018,Q2,2018-08-08,2018-06-30,-3280000.0,10304000.0,-3282000.0,-0.28,4268000.0,0.4142080745341615,35143000.0,24433000.0,32933000.0,10035000.0,10710000.0,9093000.0,-35872000.0,81042240.0,64997240.0,2.09833390587427,3.28181365221724,0.0,0.0,-0.13449053845239334,2.09833390587427,-0.13424466909507632,7.865124223602485,-6.177,3.316917284001146,0.0,0.6638073243154075,0.0,0.293202060154227,2.310612855007474,-0.09333295393108158,-33.40570486397362,0.4142080745341615,0.09677419354838701,-6.9894790429322935,-0.1521685500839043,-0.23570963487845462,0.08822029576746558,0.08964751595892312,0.0926181918717169,-3.3320660157262596,-0.017703361273559263,-0.36685642700486576,Medical Devices,Healthcare,IRIX
2018Q1,2018,Q1,2018-05-08,2018-03-31,-3603000.0,9509000.0,-3617000.0,-0.31,3922000.0,0.41245136186770426,37212000.0,27255000.0,34909000.0,9255000.0,9957000.0,9306000.0,-32592000.0,66512160.0,47990160.0,2.34391124871001,3.7719070772555376,0.0,0.0,-0.13285709064601356,2.34391124871001,-0.1321959273527793,6.9946534861709955,-4.615054121565362,2.4403654375343975,0.0,0.6003653556845047,0.0,0.2555358486509728,2.6928146947595892,-0.09682360528861658,-22.16333222259247,0.41245136186770426,0.29545454545454547,-4.017368810706265,-0.22138731023052594,-0.1374139041911663,0.8073732718894009,0.30106692531522794,0.3068225373706401,-13.42948895433227,-0.2525260027634488,-0.31991425456423467,Medical Devices,Healthcare,IRIX
2017Q4,2017,Q4,2018-03-14,2017-12-30,-5155000.0,10243000.0,-5218000.0,-0.44,2170000.0,0.21185199648540468,41646000.0,30522000.0,39451000.0,10392000.0,11124000.0,9381000.0,-28989000.0,88285320.0,66578320.0,2.6343863283272917,3.7962856043110085,0.0,0.0,-0.1660934517631681,2.6343863283272917,-0.1688945678526964,8.61908815776628,-4.281538312318138,2.89251425201494,0.0,0.8605692356891589,0.0,0.24595399318061759,2.8454580446497304,-0.12378139557220381,-91.58228215767635,0.21185199648540468,-0.6296296296296295,-17.21617283897779,-0.15500401026574154,0.06072985235547642,-0.5037731534415733,-0.6650516795865633,-0.6991208075545425,-1.4982910428811178,-0.26326313366706944,-0.23356349856140712,Medical Devices,Healthcare,IRIX
2017Q3,2017,Q3,2017-11-07,2017-09-30,-3096000.0,10865000.0,-3071000.0,-0.27,4373000.0,0.4024850437183617,43610000.0,35102000.0,41481000.0,7712000.0,8508000.0,10669000.0,-23834000.0,108401529.99999999,85650529.99999999,3.0341429682772927,5.378760373443983,0.0,0.0,-0.08774295916955385,3.0341429682772927,-0.08820010255825879,9.977131155085134,-8.753353520671833,3.0881867130078056,0.0,0.6084918923985378,0.0,0.2491401054803944,3.9083246887966805,-0.07099289153863793,-54.44577096936212,0.4024850437183617,-0.1250000000000001,-2.2346893253841413,0.07309037430087,0.14988668108821274,-0.0271412680756396,-0.12581818181818183,-0.12039401678219627,-6.389918519054263,-0.08396433366421437,0.16872709706602407,Medical Devices,Healthcare,IRIX
2017Q2,2017,Q2,2017-08-08,2017-07-01,-2750000.0,10002000.0,-2741000.0,-0.24,4495000.0,0.44941011797640473,45786000.0,37590000.0,43519000.0,7754000.0,8196000.0,11388000.0,-20738000.0,114189940.0,89595940.0,3.255672960332583,5.6124580861490845,0.0,0.0,-0.07313107428628865,3.255672960332583,-0.07315775472200053,11.416710657868427,-10.380903636363637,3.037774408087257,0.0,0.4835792061819459,0.0,0.21845105490761368,4.080861490843436,-0.06006202769405495,146.77370179948585,0.44941011797640473,-0.4999999999999999,-7.3677098026115,-0.07853882177675892,0.1808337789262967,0.006718924972004479,-0.4737406216505895,-0.47524219590958017,-8.956900257264019,-0.18829247631497695,0.2559892341234064,Medical Devices,Healthcare,IRIX
2017Q1,2017,Q1,2017-05-09,2017-04-01,-1866000.0,10483000.0,-1858000.0,-0.16,4465000.0,0.42592769245445006,47428000.0,39844000.0,45020000.0,7169000.0,7584000.0,11728000.0,-17988000.0,136718660.0,112860660.0,3.4592811251953464,6.27981587390152,0.0,0.0,-0.04678228963927057,3.4592811251953464,-0.04683264732456581,13.04194028426977,-18.317076634512325,3.4313487601646417,0.0,0.513130968622101,0.0,0.22102977144302943,4.564653368670665,-0.03934384751623513,-69.64781456953642,0.42592769245445006,0.8461538461538461,-1.9016891886409406,-0.021037155779206555,0.2737215403886908,-0.19737551680747797,0.8274618585298197,-0.7267657992565055,-4.314329896282329,-0.12210946943997099,0.29723042194825494,Medical Devices,Healthcare,IRIX
2016Q4,2016,Q4,2017-03-15,2016-12-31,-10815000.0,12530000.0,-1076000.0,-1.04,5563000.0,0.443974461292897,48144000.0,39160000.0,45865000.0,8461000.0,8984000.0,11643000.0,-16122000.0,146828580.0,123081580.0,3.74988030259504,5.420754047984872,0.0,0.0,-0.27413647859665524,3.74988030259504,-0.27617466802860063,11.718162809257782,-3.394095700416089,3.749453013278856,0.0,0.59838529588594,0.0,0.2602608840146228,3.9914903675688453,-0.22463858424725822,-241.09783251231528,0.443974461292897,-13.857142857142856,-12.809515925419928,29.208502120123473,0.49871475752070554,0.3104829210836278,-15.1177347242921,0.13712910986367283,-25.754380925021543,0.11493594655063404,0.4283600688464435,Medical Devices,Healthcare,IRIX
2016Q3,2016,Q3,2016-11-07,2016-10-01,-671000.0,9789000.0,-1247000.0,-0.07,4245000.0,0.4336500153233221,42714000.0,34552000.0,31406000.0,7543000.0,8162000.0,12678000.0,-5307000.0,146769210.0,137192210.0,3.411195577055978,4.163595386451014,0.0,0.0,-0.018656969009618513,3.411195577055978,-0.01942000463070155,14.993279190928593,-54.68301415797318,4.24777755267423,0.0,0.43729294841457644,0.0,0.2291754459896053,2.320429537319369,-0.015709135178161727,-71.31642857142857,0.4336500153233221,-1.3333333333333337,-2.7016914468117728,-0.19725081334505798,0.4169192581340334,-0.259679107080572,-1.045731707317073,-2.16497461928934,-2.2244156047366332,-0.006174910109306455,0.3324855200909306,Medical Devices,Healthcare,IRIX
2016Q2,2016,Q2,2016-08-08,2016-07-02,-328000.0,11908000.0,-394000.0,-0.03,5734000.0,0.48152502519314744,43745000.0,34516000.0,32672000.0,8663000.0,9229000.0,12141000.0,-4636000.0,156418350.0,144897350.0,3.422508676251859,3.771441763823156,0.0,0.0,-0.009021972697837357,3.422508676251859,-0.009502839262950516,13.135568525361101,-119.22130335365853,4.5317635299571215,0.0,0.508524833209785,0.0,0.27221396731054975,2.3053214821655317,-0.007497999771402446,152.752294921875,0.48152502519314744,-4.0,-1.3206199449890454,-0.020112815838479,0.448568876246595,0.08249952803473665,-4.247524752475248,-3.5921052631578947,-1.6915368763103977,0.13127657043253954,0.2466035069448693,Medical Devices,Healthcare,IRIX
2016Q1,2016,Q1,2016-05-09,2016-04-02,101000.0,11931000.0,152000.0,0.01,5297000.0,0.4439694912413042,42363000.0,34189000.0,31378000.0,7535000.0,8174000.0,11142000.0,-4308000.0,100741359.99999999,90227359.99999999,3.407315128562886,4.164299933642999,0.0,0.0,0.0031846334383606855,3.407315128562886,0.0029541665447951095,8.443664403654344,249.35980198019803,2.946601538506537,0.0,0.595404774726261,0.0,0.28163727781318604,2.629197080291971,0.002384155985175743,230.5294279176201,0.4439694912413042,-0.75,-0.8405837114939946,-0.049348127888546846,0.5341389729488027,-0.034275296262534186,-0.769406392694064,-0.689161554192229,-0.90197960800555,0.13212505604894573,0.25393086259345027,Medical Devices,Healthcare,IRIX
2015Q4,2015,Q4,2016-03-31,2016-01-02,438000.0,12113000.0,489000.0,0.04,5485000.0,0.45281928506563196,41823000.0,33688000.0,30769000.0,7431000.0,8135000.0,11106000.0,-4409000.0,92714199.99999999,82719199.99999999,3.3755511022044087,4.14062710267797,0.0,0.0,0.01775925382975421,3.3755511022044087,0.01300166231298979,7.654107157599272,52.91906392694064,2.752143196390406,0.0,0.5967945254817216,0.0,0.28962532577768213,2.594132687390661,0.010472706405566315,-242.0736292428198,0.45281928506563196,0.0,-0.5310772081798004,-0.1123352445814102,0.5538968192213942,0.13303036562693657,-0.00904977375565611,2.4195804195804196,0.5995461998376919,0.16006460254709678,0.3591582159983055,Medical Devices,Healthcare,IRIX
2015Q3,2015,Q3,2015-11-10,2015-10-03,442000.0,9815000.0,143000.0,0.04,4841000.0,0.4932246561385634,40651000.0,32820000.0,31424000.0,7145000.0,7831000.0,11184000.0,-4847000.0,73493640.0,63280640.0,3.2912154031287604,4.398040587823653,0.0,0.0,0.006273087634258129,3.2912154031287604,0.013467397928092626,7.487889964340296,41.56880090497737,2.239294332723949,0.0,0.4447424892703863,0.0,0.24144547489606652,2.512106368089573,0.010873041253597697,-83.32612244897959,0.4932246561385634,1.5714285714285714,-0.5628961091054954,-0.18351704610216804,0.6034401209379746,0.14797249229309936,1.677914110429448,1.1914323962516733,1.5357564940221884,0.12463196658803512,0.24731260069755018,Medical Devices,Healthcare,IRIX
2015Q2,2015,Q2,2015-08-10,2015-07-04,-652000.0,9033000.0,-747000.0,-0.07,4217000.0,0.46684379497398426,41167000.0,33231000.0,31933000.0,7055000.0,7936000.0,10171000.0,-5289000.0,82421940.0,70218940.0,3.3141517901665503,4.526293408929837,0.0,0.0,-0.019034175177535296,3.3141517901665503,-0.019620234118744546,9.124536698771172,-31.603504601226998,2.4802726369955765,0.0,0.47350309704060567,0.0,0.21942332450749386,2.767115520907158,-0.015837928437826415,-194.8509219858156,0.46684379497398426,-4.5,-1.7161474828773122,-0.183389428926126,0.7104007137668024,-0.22051756007393716,-3.6504065040650406,-2.8535980148883375,-2.738435984745948,-0.041741365807878204,0.20204407199362537,Medical Devices,Healthcare,IRIX
2015Q1,2015,Q1,2015-05-12,2015-04-04,246000.0,10796000.0,403000.0,0.02,5410000.0,0.5011115227862171,42250000.0,34010000.0,33210000.0,7214000.0,8240000.0,9854000.0,-4637000.0,105587600.0,92465600.0,3.4464937170652616,4.603548655392292,0.0,0.0,0.007361025723272122,3.4464937170652616,0.007233166715671861,9.780251945164876,107.30447154471544,3.104604528079976,0.0,0.5465800690075097,0.0,0.25552662721893493,2.930690324369282,0.0058224852071005915,479.94363636363636,0.5011115227862171,-0.9767441860465116,-0.5451088387331331,-0.09999387339541176,0.9491002234026177,-0.08320623623114726,-0.9719306252852579,-0.5904471544715447,-0.8612515105940471,0.17676957756900408,0.26901316411293763,Medical Devices,Healthcare,IRIX
2014Q4,2014,Q4,2015-04-02,2015-01-03,8764000.0,11778000.0,984000.0,0.86,5901000.0,0.5010188487009679,41818000.0,33736000.0,32894000.0,7039000.0,8082000.0,9119000.0,-4883000.0,84507150.0,71204150.0,3.4371879775853285,4.6731069754226455,0.0,0.0,8.81466641590279,3.4371879775853285,0.2597818354280294,7.175,2.410632987220447,2.5049546478539244,0.0,0.6444785612457506,0.0,0.2816490506480463,3.0743003267509588,0.20957482423836626,67.17579491255962,0.5010188487009679,16.2,14.267705944893489,-0.08259102309089342,1.0221443978340412,0.14604777626723636,16.885714285714286,0.6237623762376238,9.182230293508795,29.212359550561793,0.3737410078969633,Medical Devices,Healthcare,IRIX
2014Q3,2014,Q3,2014-11-03,2014-09-27,490000.0,10118000.0,606000.0,0.05,5149000.0,0.508895038545167,32579000.0,25621000.0,30772000.0,6513000.0,6958000.0,9604000.0,-13647000.0,70365970.0,57323970.0,2.5961090282703414,4.7247044372792875,0.0,0.0,0.023460954584477847,2.5961090282703414,0.019124936575465438,6.954533504645187,35.90100510204081,2.746417782287967,0.0,0.5173885880882966,0.0,0.31056815740200744,3.16597574082604,0.01504036342429172,63.44992786293958,0.508895038545167,0.6666666666666669,-0.3201889018589341,-0.12806115887355127,0.6029727298465041,-0.028490566037735848,0.6498316498316499,0.515,0.2754040683672443,-0.1484117844814039,0.07835414161347412,Medical Devices,Healthcare,IRIX
2014Q2,2014,Q2,2014-08-04,2014-06-28,297000.0,10589000.0,400000.0,0.03,5300000.0,0.5005194069317216,32264000.0,25719000.0,30460000.0,6200000.0,6545000.0,9753000.0,-14137000.0,82104550.0,69242550.0,2.59211852449103,4.912903225806452,0.0,0.0,0.014948715712798932,2.59211852449103,0.011547882888137176,7.753758617433185,69.11157407407407,3.1923694544888996,0.0,0.5422946785604429,0.0,0.3281986114554922,3.245322580645161,0.009205306223654848,151.48440959409595,0.5005194069317216,-0.4000000000000001,-0.7790219471476851,-0.10220373339902462,0.6893659713042496,0.04846686449060336,-0.39014373716632444,-0.32998324958123953,-0.7049131742442536,-0.11433622895741805,0.09710816635009066,Medical Devices,Healthcare,IRIX
2014Q1,2014,Q1,2014-05-05,2014-03-29,487000.0,10329000.0,597000.0,0.05,5055000.0,0.48939878013360444,32981000.0,26568000.0,31289000.0,6071000.0,6413000.0,9858000.0,-14434000.0,85482540.0,71513540.0,2.6666666666666665,5.153846153846154,0.0,0.0,0.021886404697380308,2.6666666666666665,0.01833032219211081,8.275974440894569,43.882207392197124,3.2175000000000002,0.0,0.5349969567863664,0.0,0.3131803159394803,3.4098171635644867,0.014766077438525212,159.18536312849162,0.48939878013360444,0.25000000000000006,0.9257749207783085,-0.147802298833553,0.9391342562074269,-0.018446601941747572,0.1820388349514563,0.0737410071942446,-0.22585155180173708,-0.17112907482981357,0.20066301672610373,Medical Devices,Healthcare,IRIX
2013Q4,2013,Q4,2014-03-27,2013-12-28,412000.0,10598000.0,556000.0,0.04,5150000.0,0.48594074353651634,33677000.0,25854000.0,31970000.0,7362000.0,7823000.0,10605000.0,-14921000.0,95230160.0,81786160.0,2.6253046303818035,4.342569953816898,0.0,0.0,0.023013545594190752,2.6253046303818035,0.01593563858590547,8.985672768446877,57.78529126213592,3.6833820685387173,0.0,0.5137199434229137,0.0,0.3146954895032218,2.823825047541429,0.012233868812542684,-129.56484353741496,0.48594074353651634,-0.20000000000000004,1.0567676506987402,-0.2181132464175936,0.9722193136803197,0.09017781541066892,-0.22264150943396227,-0.16390977443609023,-0.5530005910630108,-0.21294754856747,0.20852933080272137,Medical Devices,Healthcare,IRIX
2013Q3,2013,Q3,2013-11-04,2013-09-28,530000.0,9526000.0,665000.0,0.05,4724000.0,0.49590594163342433,32038000.0,25078000.0,30364000.0,6519000.0,6960000.0,9998000.0,-15333000.0,59559680.0,45470680.0,2.5600244997958352,4.65776959656389,0.0,0.0,0.024231294911599945,2.5600244997958352,0.021134061727410478,6.2523283644761705,28.09418867924528,2.3749772709147456,0.0,0.4802960592118424,0.0,0.2973344153817342,3.042184384107992,0.016542855359260877,112.80242424242424,0.49590594163342433,0.25000000000000006,2.9173140089963776,-0.2841586279514799,0.24221370284291718,0.053993752788933515,0.27710843373493976,0.2912621359223301,-0.4664541257027986,-0.19332074448156336,0.24721280462366035,Medical Devices,Healthcare,IRIX
2013Q2,2013,Q2,2013-08-05,2013-06-29,415000.0,9210000.0,515000.0,0.04,4482000.0,0.4866449511400652,31370000.0,24226000.0,29688000.0,6683000.0,7144000.0,8940000.0,-15863000.0,52149840.0,38644840.0,2.7454669084315504,4.442316325003741,0.0,0.0,0.02110558192649204,2.7454669084315504,0.017130355816065385,5.662306188925082,31.415566265060242,2.1526393131346486,0.0,0.5288590604026846,0.0,0.29359260439910745,2.9407451743229087,0.01322919987248964,51.22774066797643,0.4866449511400652,-0.5555555555555556,0.5090909090909091,-0.287262033740907,0.3152722731961561,0.05932403687071614,-0.5251716247139588,-0.4258639910813824,-0.4820253730611845,-0.053875839126126354,0.4169081131822492,Medical Devices,Healthcare,IRIX
2013Q1,2013,Q1,2013-05-06,2013-03-30,874000.0,8939000.0,897000.0,0.09,4231000.0,0.4733191632173621,29152000.0,23127000.0,27392000.0,5483000.0,6025000.0,8147000.0,-16278000.0,37873950.0,26292950.0,2.717307014451886,4.995805216122561,0.0,0.0,0.0385652099676353,2.717307014451886,0.03779132615557573,4.236933661483388,10.833509725400457,1.6376507977688417,0.0,0.577881428746778,0.0,0.30663419319429197,3.21211015867226,0.0299807903402854,-89.32535377358491,0.4733191632173621,3.4999999999999996,2.0158544495042814,-0.19228341458552323,0.3387781739544077,-0.02466574458275703,2.6115702479338845,1.9409836065573771,0.873839433989004,-0.13598739677657387,0.5367222875518685,Medical Devices,Healthcare,IRIX
2012Q4,2012,Q4,2013-03-28,2012-12-29,242000.0,9228000.0,305000.0,0.02,4338000.0,0.47009102730819247,28912000.0,21905000.0,27055000.0,6367000.0,7007000.0,8035000.0,-17152000.0,33163199.999999996,21262199.999999996,2.483560090702948,4.249253965760955,0.0,0.0,0.012274256828067352,2.483560090702948,0.011047706003195618,3.593758127438231,34.259504132231406,1.5139557178726317,0.0,0.6085874299937772,0.0,0.3191754288876591,2.729857075545783,0.008370226895406752,70.41019108280254,0.47009102730819247,1.25,1.0144277701358055,-0.38646430712010443,0.09495820479529764,0.10917923804653541,1.3248322147651006,1.5267702936096719,-0.53085347614223,-0.20012754734342067,0.46111215239012787,Medical Devices,Healthcare,IRIX
2012Q3,2012,Q3,2012-11-05,2012-09-29,-745000.0,7881000.0,-579000.0,-0.08,3911000.0,0.4962568202004822,30439000.0,23761000.0,28613000.0,5972000.0,6678000.0,7542000.0,-17394000.0,33318500.0,19584500.0,2.638645197112715,4.791192230408574,0.0,0.0,-0.01943110922128263,2.638645197112715,-0.0313538992466647,4.227699530516432,-11.180704697986577,1.4022347544295275,0.0,0.526385574118271,0.0,0.25891126515325735,3.2200267916945746,-0.024475179867932587,77.30510440835266,0.4962568202004822,-3.666666666666667,0.450815782651713,-0.4701854157144128,-0.3704269015511921,-0.048649963512527365,-3.2172619047619047,-0.6542857142857142,-2.13275992181846,-0.25567585315850166,0.6292367726675019,Medical Devices,Healthcare,IRIX
2012Q2,2012,Q2,2012-08-07,2012-06-30,336000.0,8445000.0,-350000.0,0.03,4111000.0,0.4867969212551806,31292000.0,24767000.0,29034000.0,5876000.0,6525000.0,7539000.0,-16649000.0,37459110.0,23674110.0,2.7570967382834244,4.941116405718176,0.0,0.0,-0.013955940007637347,2.7570967382834244,0.013566439213469537,4.43565541740675,27.871361607142855,1.5124605321597286,0.0,0.5748773046823186,0.0,0.2698772849290553,3.3541524846834583,0.01073756870765691,-411.6385714285714,0.4867969212551806,-0.8333333333333334,1.893769864619565,-0.4947121685180189,-0.25794151888312933,0.03135975915704967,-0.7906542056074767,-0.4830508474576271,-0.7238724156573249,-0.20913870105574459,0.7968875131450703,Medical Devices,Healthcare,IRIX
2012Q1,2012,Q1,2012-05-07,2012-03-31,1605000.0,8305000.0,-236000.0,0.18,3986000.0,0.47995183624322696,30919000.0,24261000.0,28606000.0,5939000.0,6658000.0,7038000.0,-16985000.0,39394530.0,25538530.0,2.715884921079145,4.816635797272268,0.0,0.0,-0.009801520003548232,2.715884921079145,0.06615555830344998,4.743471402769416,6.1362196261682245,1.623780140966984,0.0,0.6136686558681443,0.0,0.2686050648468579,3.19885502609867,0.051909828907791326,-23.90444781553398,0.47995183624322696,1.0525954198473284,1.2950692554054166,-0.40219903991443257,-0.2750462450505619,2.1287284144427003,1.0419847328244274,-1.6361185983827493,6.078551538436936,-0.2357868366142853,0.9749245573931653,Medical Devices,Healthcare,IRIX
2011Q4,2011,Q4,2012-03-30,2011-12-31,786000.0,356000.0,371000.0,0.08769385250474171,1274000.0,3.5786516853932584,32149000.0,22426000.0,29506000.0,8913000.0,9723000.0,6659000.0,-18590000.0,33521620.000000004,22732620.000000004,2.5020640410576815,3.3104454168069113,0.0,0.0,0.017082167598044498,2.5020640410576815,0.035048604298582,94.16185393258428,10.662092875318068,1.4947658967270134,0.0,-0.1378585373179156,0.0,0.011073439298267443,1.8332772354987097,0.02444866092257924,16.456367206676486,3.5786516853932584,1.9231284168247238,1.179269198083507,-0.9660928118617885,-0.3998687704488013,-0.7400530503978779,1.2521489971346704,-0.2810077519379845,1.1189928578351285,-0.971142109455335,0.8796367357647695,Medical Devices,Healthcare,IRIX
2011Q3,2011,Q3,2011-11-04,2011-10-01,349000.0,10793000.0,516000.0,0.03,4901000.0,0.4540906142870379,30866000.0,21583000.0,28020000.0,8507000.0,9283000.0,10176000.0,-19376000.0,33170500.0,23635500.0,2.407473508087005,3.2937580815798753,0.0,0.0,0.021672179463033375,2.407473508087005,0.016170133901681878,3.073334568701936,23.761103151862468,1.5368808784691657,0.0,0.5790094339622641,0.0,0.3496727791097,2.0304455154578585,0.011306939674722996,41.6714824120603,0.4540906142870379,-0.6666666666666666,1.2642279029120245,0.012783320953567285,-0.4691871916177177,0.004921058027475908,-0.6160616061606161,0.18620689655172415,2.3795621974792645,-0.11376912272176627,0.16819060958810722,Medical Devices,Healthcare,IRIX
2011Q2,2011,Q2,2011-08-04,2011-07-02,909000.0,10798000.0,435000.0,0.09,4877000.0,0.451657714391554,29876000.0,21172000.0,27154000.0,8094000.0,8704000.0,10169000.0,-19725000.0,35395950.0,26520950.0,2.362682736301752,3.3548307388188783,0.0,0.0,0.01726092216099595,2.362682736301752,0.042934063857925565,3.27800981663271,9.734859735973599,1.6718283582089553,0.0,0.5822598092241125,0.0,0.3614272325612532,2.0191499876451693,0.030425759807203107,146.2642561983471,0.451657714391554,0.5,2.4615656609352135,0.0530742511304349,-0.49001315828010433,-0.06891943489881634,0.6060070671378092,-0.28921568627450983,2.254919195300849,-0.17714633366024132,0.13189165889172366,Medical Devices,Healthcare,IRIX
2011Q1,2011,Q1,2011-05-05,2011-04-02,566000.0,11212000.0,612000.0,0.06,5238000.0,0.4671780235462005,29304000.0,19909000.0,26486000.0,8790000.0,9395000.0,9197000.0,-20634000.0,41682600.0,33113600.0,2.220995091477019,3.013196814562002,0.0,0.0,0.026202958400481226,2.220995091477019,0.02842935355869205,3.71767748840528,18.411042402826855,2.093656135416144,0.0,0.6495596390127215,0.0,0.3826098826098826,1.8985210466439135,0.019314769314769314,-181.2286956521739,0.4671780235462005,-0.35890586601132607,2.8145993063161736,0.053238035382373136,-0.5264132610371788,-0.11114882063465129,-0.3237753882915173,-0.4787052810902896,1.6246190541938559,-0.038095635889285544,0.09425241134523829,Medical Devices,Healthcare,IRIX
2010Q4,2010,Q4,2011-03-25,2011-01-01,837000.0,12228000.0,1174000.0,0.09359,5893000.0,0.4819267255479228,29220000.0,19427000.0,26372000.0,9197000.0,9793000.0,9212000.0,-21200000.0,35056560.0,26042560.0,2.1723135413172314,2.867456779384582,0.0,0.0,0.044175586896461345,2.1723135413172314,0.04308436711792866,2.866908734052993,10.470896057347671,1.804527719153755,0.0,0.6876899696048632,0.0,0.4184804928131417,1.798412525823638,0.02864476386036961,18.558263631551085,0.4819267255479228,0.039888888888889,0.8064381571945181,-0.03213349163236076,-0.5359832042143886,0.12269003619737093,-0.08021978021978023,0.32655367231638416,1.0492146794641377,-0.19818711358710758,-0.042264954909952114,Medical Devices,Healthcare,IRIX
2010Q3,2010,Q3,2010-11-04,2010-10-02,910000.0,10818000.0,885000.0,0.09,5249000.0,0.4852098354594195,28200000.0,18420000.0,25252000.0,9195000.0,9780000.0,9782000.0,-22037000.0,31498739.999999996,24406739.999999996,2.0525963895698687,2.746275149537792,0.0,0.0,0.0461197240203961,2.0525963895698687,0.0494028230184582,2.9116971713810313,8.6535,1.710029315960912,0.0,0.5693109793498262,0.0,0.38361702127659575,1.6363240891789015,0.03226950354609929,318.16909090909087,0.4852098354594195,0.12499999999999993,-0.14158409339786568,-0.012223838804890126,-0.548312245377968,0.15718694885361553,0.11793611793611794,5.555555555555555,1.6731329026989836,-0.2702279759698674,-0.5102564489305468,Medical Devices,Healthcare,IRIX
2010Q2,2010,Q2,2010-08-05,2010-07-03,814000.0,9890000.0,135000.0,0.08,4536000.0,0.45864509605662285,26648000.0,17371000.0,23647000.0,8704000.0,9277000.0,9479000.0,-22947000.0,34156650.0,27156650.0,1.9376464026770774,2.716796875,0.0,0.0,0.007148091159140161,1.9376464026770774,0.04685970870991883,3.453655207280081,10.490371621621621,1.9663030337919523,0.0,0.564827513450786,0.0,0.37113479435604924,1.5643382352941178,0.03054638246772741,43.40108005082592,0.45864509605662285,0.6,0.5545384505635611,-0.13480302379713588,-0.5609162516464958,-0.13186602870813396,0.6783505154639176,-0.7761194029850746,3.169611332701354,-0.40706568783075453,-0.478492384200009,Medical Devices,Healthcare,IRIX
2010Q1,2010,Q1,2010-05-06,2010-04-03,485000.0,10758000.0,603000.0,0.05,5225000.0,0.48568507157464214,25428000.0,15649000.0,23596000.0,9597000.0,9779000.0,9034000.0,-23761000.0,37612500.0,31247500.0,1.7682485875706215,2.4586850057309575,0.0,0.0,0.03454420442732311,1.7682485875706215,0.03099239568023516,3.4962353597322924,19.387886597938145,2.403508211387309,0.0,0.6124640247952181,0.0,0.4230769230769231,1.4604563926226946,0.019073462324996068,73.60567514677103,0.48568507157464214,-0.14500683994528035,21.049406779661016,0.09201910291225762,-0.5932511265599599,-0.009290860826697004,-0.061895551257253385,-0.2337992376111817,1.090000459326627,-0.2183675616473832,-0.5279997163009374,Medical Devices,Healthcare,IRIX
2009Q4,2009,Q4,2010-03-31,2010-01-02,517000.0,11563000.0,787000.0,0.05848,5274000.0,0.45611000605379226,28291000.0,15026000.0,26329000.0,13116000.0,13265000.0,8999000.0,-24246000.0,27138800.0,21280800.0,1.6997737556561086,2.0073955474229948,0.12442119401929942,0.2342606149341142,0.0293693556352734,1.6997737556561086,0.034407027818448024,2.347037965925798,13.123210831721469,1.806122720617596,0.0,0.6988554283809312,0.0,0.4087165529673748,1.2854528819762123,0.018274362871584602,18.742265193370166,0.45611000605379226,-0.1645714285714287,1.0845840240132611,0.031412556598252435,-0.6149397149191712,0.02967590784849668,-0.1996904024767802,-0.18782249742002063,1.1195569436565835,0.11664065336662106,-0.592301676854944,Medical Devices,Healthcare,IRIX
2009Q3,2009,Q3,2009-11-12,2009-10-03,646000.0,10400000.0,969000.0,0.07,5122000.0,0.4925,27324000.0,14325000.0,25187000.0,12999000.0,12999000.0,9666000.0,-24763000.0,21228000.0,16844000.0,1.619559072922555,1.9376105854296484,0.12809251939686722,0.2443280977312391,0.03880415023285007,1.619559072922555,0.04509598603839442,2.041153846153846,8.21517027863777,1.4818848167539267,0.0,0.5460376577695013,0.0,0.38061777192211976,1.1563966458958381,0.023642219294393207,9.306444541867602,0.4925,-0.4615384615384615,1.7348194208906476,0.04151813777149758,-0.6252088961361215,0.06067508800993995,-0.4607679465776294,1.4285714285714286,1.4957220370065387,-0.010854545849082386,-0.6429108370450412,Medical Devices,Healthcare,IRIX
2009Q2,2009,Q2,2009-08-13,2009-07-04,1198000.0,10513000.0,399000.0,0.13,4829000.0,0.4593360601160468,26917000.0,13570000.0,24675000.0,13347000.0,13347000.0,10105000.0,-25409000.0,17422680.0,15282680.0,1.5343735866123926,1.8487300516970107,0.16636326485120928,0.3299926308032424,0.021979286218769312,1.5343735866123926,0.08828297715549005,1.6572510225435175,3.6357846410684473,1.2839115696389092,0.0,0.5624938149430975,0.0,0.39057101460043836,1.0468270023226194,0.0445071887654642,8.77274924471299,0.4593360601160468,3.3333333333333335,6.324974580277016,0.05429053791569728,-0.652980665568669,-0.04338351822503962,4.348214285714286,0.09917355371900827,2.9517267255821675,0.03884338478603636,-0.668804309850028,Medical Devices,Healthcare,IRIX
2009Q1,2009,Q1,2009-05-15,2009-04-04,224000.0,10736000.0,363000.0,0.03,5048000.0,0.470193740685544,27565000.0,12136000.0,25151000.0,15429000.0,15429000.0,11164000.0,-26607000.0,11031250.0,10846250.0,1.3751841359773371,1.6301121265150043,0.19869399600943224,0.45130191166776534,0.02060977686935786,1.3751841359773371,0.01845748187211602,1.0275009314456036,12.311662946428571,0.9089691825972314,0.0,0.5094948047294876,0.0,0.38947941229820426,0.8730961177004343,0.00812624705242155,12.962690951821386,0.470193740685544,1.0407072201039391,11.565065822362941,0.1645379738297586,-0.691242449988081,0.1087195255875247,1.0344456404736275,1.0575186182855332,1.729456605717229,0.02440828415389903,-0.7067670374733691,Medical Devices,Healthcare,IRIX
2008Q4,2008,Q4,2009-04-01,2009-01-03,-6503000.0,12145000.0,-6311000.0,-0.73697,4553000.0,0.3748867846850556,28225000.0,11746000.0,25690000.0,16479000.0,16479000.0,11644000.0,-26831000.0,7941600.0,8634600.0,1.3311423390752493,1.5589538200133504,0.21257750221434898,0.510812191384301,-0.36180510526301685,1.3311423390752493,-0.5536352800953516,0.6538987237546315,-0.30530524373366136,0.6761110165162609,0.0,0.6520096186877362,0.0,0.43029229406554476,0.8195885672674312,-0.2303985828166519,3.016179263197873,0.3748867846850556,-23.56566666666667,-11.620735339464856,0.110377704569776,-0.6945202311961969,-0.0875751503006012,-25.116465863453815,-26.43913043478261,-15.224241775168151,-0.02573907975804013,-0.7156614866297241,Medical Devices,Healthcare,IRIX
2008Q3,2008,Q3,2008-11-04,2008-09-27,-249000.0,11987000.0,-230000.0,-0.03,4990000.0,0.41628430800033367,35756000.0,18185000.0,26980000.0,17571000.0,17571000.0,13527000.0,-20328000.0,28678000.0,31704000.0,2.060856754306437,1.5354846053155768,0.1678040049222508,0.3299422601044817,-0.008338016521706215,2.060856754306437,-0.01369260379433599,2.392425127221156,-28.793172690763054,1.5770140225460543,0.0,0.5172617727507947,0.0,0.3352444345005034,0.6936998463377155,-0.006963866204273409,-26.261904761904763,0.41628430800033367,-2.0,-1.749574045706068,0.1392479833033961,-0.5263568296225377,-0.0639654848996436,-1.9054545454545455,0.1015625,-1.23887806757246,0.1131216627665406,-0.5464944961023778,Medical Devices,Healthcare,IRIX
2008Q2,2008,Q2,2008-08-12,2008-06-28,275000.0,12922000.0,-256000.0,0.03,5331000.0,0.41255223649589845,38879000.0,18419000.0,29333000.0,20460000.0,20460000.0,15197000.0,-20078000.0,21883520.0,23791520.0,2.0873753399818678,1.4336754643206255,0.1543249569176162,0.32575058363646237,-0.008843561171440221,2.0873753399818678,0.014930235083337857,1.6935087447763504,19.89410909090909,1.188094902003366,0.0,0.4995064815424097,0.0,0.3323645155482394,0.6428641251221896,0.007073227192057409,-32.22904270986745,0.41255223649589845,1.3,1.7211727972055537,0.36278264755716044,-0.515902997340801,0.10946930280957336,1.3082959641255605,0.6531165311653117,-0.46642613169158115,0.1485059051884122,-0.5269866642161257,Medical Devices,Healthcare,IRIX
2008Q1,2008,Q1,2008-04-10,2008-03-29,-892000.0,11474000.0,-738000.0,-0.1,4805000.0,0.41877287781070244,39921000.0,17910000.0,29561000.0,22011000.0,22011000.0,16013000.0,-20353000.0,14736080.0,16004080.0,2.0296917497733453,1.3430103130253055,0.13228626537411386,0.2948632049134562,-0.03182268983657453,2.0296917497733453,-0.049804578447794526,1.2843018999477078,-4.130067264573991,0.8227850362925739,0.0,0.41647411478173985,0.0,0.28741764985847046,0.5657625732588252,-0.02234412965607074,-15.382129436325679,0.41877287781070244,0.9474160233893527,-7.522206620524955,0.24399302634111383,-0.5343866246496388,-0.23802727561052966,0.9434404920423562,0.9530444741362856,-35.983023572076156,0.16813036269741483,-0.5331115554374055,Medical Devices,Healthcare,IRIX
2007Q4,2007,Q4,2008-04-10,2007-12-29,-15771000.0,14142000.0,-15717000.0,-1.90172,6306000.0,0.44590581247348327,46654000.0,18810000.0,35503000.0,27844000.0,27844000.0,15967000.0,-19461000.0,19571480.0,23641480.0,2.2681779814301217,1.2750682373222237,0.2117503322330347,0.5251993620414673,-0.5478406357837499,2.2681779814301217,-0.8384370015948963,1.3839258944986566,-0.3102447530277091,1.0404827219564061,0.0,0.4907621970313772,0.0,0.30312513396493335,0.5274026720298808,-0.3380417541904231,0.6728600405679513,0.44590581247348327,-11.678133333333335,-22.98431505476473,0.2381782168727837,-0.48076315035345285,0.01956345998383185,-11.739095315024233,-13.911764705882353,-68.7842341089288,0.34466258592804816,-0.4861755823460065,Medical Devices,Healthcare,IRIX
2007Q3,2007,Q3,2007-11-19,2007-09-29,-1238000.0,13575000.0,-1054000.0,-0.15,6185000.0,0.45561694290976057,60550000.0,34443000.0,33414000.0,26107000.0,26107000.0,13250000.0,-3690000.0,35337400.0,39963400.0,4.191165733755172,1.2798866204466235,0.17210569777043766,0.30255784920012774,-0.023493223965763196,4.191165733755172,-0.03594344278953634,2.603123388581952,-7.135985460420032,1.025967540574282,0.0,0.5577358490566038,0.0,0.22419488026424442,0.548167158233424,-0.020445912469033857,-1.1449019925481938,0.45561694290976057,-2.7499999999999996,-6.0275915761518055,0.6907175297180418,-0.02621613992677237,-0.06060145808019441,-2.60932944606414,0.5866666666666667,-0.5156553365241611,0.46320452911285576,-0.030099205337428794,Medical Devices,Healthcare,IRIX
2007Q2,2007,Q2,2007-07-09,2007-06-30,-343000.0,15249000.0,-2550000.0,-0.04,6584000.0,0.4317660174437668,62967000.0,30452000.0,35684000.0,32515000.0,32515000.0,13973000.0,-2452000.0,43110960.0,48930960.0,3.7154709614446073,1.0974627095186837,0.1488239871678816,0.3077301983449363,-0.06403334756296612,3.7154709614446073,-0.011263628004728753,2.827133582530002,-31.42198250728863,1.4157020885327727,0.0,0.6201245258713233,0.0,0.24217447234265568,0.4231585422112871,-0.005447297790906348,-65.91889908256881,0.4317660174437668,0.9344262295081966,0.35764950000163775,0.7173653697777254,-0.129674077621323,0.2639662123248224,0.9302845528455285,0.46808510638297873,-3.2630294623821636,0.6501438038497072,-0.159696001424226,Medical Devices,Healthcare,IRIX
2007Q1,2007,Q1,2007-07-09,2007-03-31,-4920000.0,12566000.0,-4794000.0,-0.61,5209000.0,0.4145312748686933,64423000.0,30270000.0,34718000.0,34153000.0,34153000.0,13244000.0,-2109000.0,71104000.0,72673000.0,3.746287128712871,1.0165432026469123,0.17287304223646835,0.3679220350181698,-0.11577752553916004,3.746287128712871,-0.16253716551040634,5.658443418749005,-3.613008130081301,2.3489924017178727,0.0,0.5554968287526427,0.0,0.1950545612591776,0.5638157702105232,-0.07637024044207814,73.83592938733126,0.4145312748686933,-13.215800512701003,-19.114650595494332,0.5272790549197099,-0.13834135936297973,0.03930566640063847,-0.3040021203286509,-1.4559426229508197,-252.4502038439138,0.48871498757018544,-0.1588803235571685,Medical Devices,Healthcare,IRIX
