Quarters,Year,Quarter,FillingDate,Date,NetIncome,Revenue,OperatingIncome,EPSDiluted,GrossProfit,GrossProfitRatio,TotalAssets,CommonStockEquity,CurrentAssets,CurrentLiability,TotalLiability,Inventory,RetainedEarnings,MarketCap,EnterpriseValue,bookValuePerShare,currentRatio,debtToAssets,debtToEquity,roic,shareholdersEquityPerShare,roe,priceToSalesRatio,peRatio,pbRatio,payoutRatio,inventoryTurnover,dividendYield,assetTurnover,quickRatio,returnOnAssets,priceToFreeCashFlowsRatio,grossProfitMargin,epsdilutedGrowth,fiveYNetIncomeGrowthPerShare,fiveYRevenueGrowthPerShare,fiveYShareholdersEquityGrowthPerShare,grossProfitGrowth,netIncomeGrowth,operatingIncomeGrowth,threeYNetIncomeGrowthPerShare,threeYRevenueGrowthPerShare,threeYShareholdersEquityGrowthPerShare,Industry,Sector,Symbol
2023Q1,2023,Q1,2023-02-16,2023-03-31,-3726000.0,1717000.0,-2797000.0,-0.0337,-1981000.0,-1.1537565521,166404000.0,118282000.0,36958000.0,9252000.0,48122000.0,0.0,-58191000.0,297781632.041439,329641632.041439,1.0688371730728794,3.9945957630782534,0.24608182495613087,0.34619806902149103,-0.01795602335949379,1.0688371730728794,-0.03150098916149541,173.43135238289983,-19.979980679108895,2.517556619277988,0.0,0.0,0.0,0.010318261580250475,3.5248594898400345,-0.02239128867094541,-100.63590133201724,-1.1537565521258009,-4.336633663366337,-0.3957324251138566,1.1093707630349918,1.073775451051653,-1.280652121227363,-4.387976700552434,0.2906623985468065,-2.3148463447739323,2.7449341784160346,-0.13349392044387884,Other Industrial Metals & Mining,Basic Materials,EMX
2022Q4,2022,Q4,2022-12-31,2022-12-31,1099771.435675,11471022.03893,-3943115.3716790006,0.0101,7058560.581465,0.6153384204,168830000.0,123201000.0,38821000.0,7259000.0,45629000.0,0.0,-81558000.0,278287100.463708,303268100.463708,1.132758868653023,5.34798181567709,0.2398211218385358,0.3286418129722973,-0.01464399116217444,1.132758868653023,0.008926643742136834,24.260009223176958,63.260212857980214,2.258805532939732,0.0,0.0,0.0,0.06794421630592905,5.164760986361758,0.006514075908754369,60.96692831738952,0.6153384203700312,1.0918181818181818,3.444246577055105,9.22746786698882,1.0852959773109996,10.454599686574516,1.0920118328643342,-6.848726377444571,1.435345177915008,140.4350938269939,-0.05922676733808403,Other Industrial Metals & Mining,Basic Materials,EMX
2022Q3,2022,Q3,2022-09-30,2022-09-30,-11952500.036561001,3569078.225771,674183.5943780001,-0.11,-746574.2406299994,-0.209178447,173004138.697554,126889103.379693,39198438.116966,8034630.515217,46115035.317861,-681629.5061349943,-64984132.555317,280013576.223696,309747851.36664903,1.1525761806526735,4.878685839097024,0.2322979581313346,0.3167215079726355,0.004216492879422373,1.1525761806526735,-0.09419642599881313,78.45543261053261,-5.8567993174476936,2.206758253983444,0.0,-6.331375663110305,0.0,0.020630016441459047,4.647888605751574,-0.06908794278879289,-537.6472249940895,-0.20917844703970387,-2.741496598639456,-1.9776405506813757,1.5773417553018347,1.210824521725381,0.7389461855416644,-2.7336133023295375,-0.7801857826761214,-2.734308508775369,3.2320085256249365,-0.05300584133981132,Other Industrial Metals & Mining,Basic Materials,EMX
2022Q2,2022,Q2,2022-06-30,2022-06-30,-3201322.437196,935950.268911,3067060.9143749997,-0.0294,-2859848.043895,-3.0555555556,177481315.91814,132434634.816419,39621118.639069,7578403.29678,45046681.101721,-745435.783412002,-56285069.032153,257567632.1388593,289524202.8046563,1.216222468043654,5.228161802355343,0.22317985045257668,0.2990928589008817,0.016816093106318007,1.216222468043654,-0.024172849055941262,275.1937156218196,-20.114158850901294,1.9448661031602479,0.0,-5.092052725765197,0.0,0.005273514364422956,4.887250384024553,-0.01803751803751867,-59.671391972806404,-3.0555555555558525,-1.1633333333333333,0.0877843519909687,0.11216443630432987,1.1621079295351704,-0.41011291030113844,-1.169733851868255,1.8649430470207657,0.6435387263912488,0.7921484026888773,-0.025755000511998912,Other Industrial Metals & Mining,Basic Materials,EMX
2022Q1,2022,Q1,2022-03-31,2022-03-31,18860836.55063,637585.505343,-3545968.633356,0.18,-2028098.6174960001,-3.1809045226,185400413.309197,130642551.6236,66037358.025087,17572849.750893,54757861.685597,-516041.1867420003,-54787498.19778,285852979.9055448,297271847.9509768,1.2396958616260743,3.7579196864032354,0.2558745382671254,0.36312246324386166,-0.016231682446565015,1.2396958616260743,0.14436978087331595,448.33669760382224,3.7889753609046117,2.188054170352768,0.0,-5.165642183850984,0.0,0.003438964854299879,3.6397283376635436,0.1017302831961615,18.07058642426867,-3.1809045226097945,2.5,9.109809571509853,0.0066862430167431725,0.9756927201896612,0.08106088921794284,2.7333734537845786,0.715228988647928,6.186379514815176,0.37255181334778786,-0.05622843107261749,Other Industrial Metals & Mining,Basic Materials,EMX
2021Q4,2021,Q4,2021-12-31,2021-12-31,-10881000.0,2183000.0,-12452000.0,-0.12,-2207000.0,-1.0109940449,209823000.0,139015000.0,56495000.0,70808000.0,70808000.0,0.0,-91947000.0,257864820.58819038,297064820.5881904,1.5596057149814189,0.7978618235227658,0.3070111474909805,0.463388842930619,-0.04645778784178505,1.5596057149814189,-0.07827212890695248,118.12405890434741,-5.924658133172281,1.8549424205171412,0.0,0.0,0.0,0.010404007187010003,0.7427691786238843,-0.05185799459544473,-6.41359052350869,-1.01099404489235,0.07692307692307698,-2.486521009285526,1.5411238393199493,1.7320506256498671,-0.12258392675483215,-0.0013804527885146328,-1.8572739788893988,-1.1336956790329769,2.698426054690401,0.14959272500702267,Other Industrial Metals & Mining,Basic Materials,EMX
2021Q3,2021,Q3,2021-09-30,2021-09-30,-10866000.0,883000.0,-4358000.0,-0.13,-1966000.0,-2.2265005662514157,145630000.0,86265000.0,73254000.0,59365000.0,59365000.0,0.0,-81066000.0,277445305.3515264,284844305.3515264,1.003138294286041,1.2339594036890424,0.3717228593009682,0.6275314438068742,-0.03104010712327011,1.003138294286041,-0.12596070248652408,314.2075938295882,-6.383335757213474,3.216197824743829,0.0,0.0,0.0,0.006063311130948294,1.1572306914848816,-0.07461374716747923,-54.99411404391009,-2.2265005662514157,-2.25,-2.9745976300549204,0.010656452907373366,0.7493539678180355,0.4635743519781719,-2.0368921185019566,-1.137322216772928,-0.9100379230357031,0.4653950698014209,1.3284013200621962,Other Industrial Metals & Mining,Basic Materials,EMX
2021Q2,2021,Q2,2021-06-30,2021-06-30,-3578000.0,284000.0,-2039000.0,-0.04,-3665000.0,-12.904929577464788,98329000.0,93577000.0,65812000.0,4752000.0,4752000.0,0.0,-70200000.0,317167592.26716,275188592.26716,1.0935713635453697,13.849326599326599,0.0,0.0,-0.02119711320195098,1.0935713635453697,-0.038235891298075385,1116.787296715352,-22.160955300947457,3.3893755117941375,0.0,0.0,0.0,0.0028882628726011653,13.360479797979798,-0.03638804421889778,-64.50428966181818,-12.904929577464788,0.20000000000000004,-0.5001100654123471,-0.34586361205958216,1.167440671878583,-2.1567614125753662,0.19122965641952983,0.22998489425981872,0.09829745376549082,-0.41923049805428425,1.3041344321578623,Other Industrial Metals & Mining,Basic Materials,EMX
2021Q1,2021,Q1,2021-03-31,2021-03-31,-4424000.0,392000.0,-2648000.0,-0.05,-1161000.0,-2.961734693877551,100620000.0,93786000.0,70286000.0,6834000.0,6834000.0,0.0,-66622000.0,315254250.69681597,266054250.69681597,1.1047755562571313,10.28475270705297,0.0,0.0,-0.02823449128867848,1.1047755562571313,-0.04717121958501269,804.2200272877958,-17.81500060447649,3.361421221683577,0.0,0.0,0.0,0.0038958457563108726,10.121890547263682,-0.04396740210693699,-194.00261581342522,-2.961734693877551,-0.0638297872340426,-0.3795987227753304,-0.13074711719637527,1.0796297217944735,0.10416666666666667,-0.12484108822781592,-3.0990712074303404,-1.1603175237373118,-0.3722136814482174,1.143503692804064,Other Industrial Metals & Mining,Basic Materials,EMX
2020Q4,2020,Q4,2020-12-31,2020-12-31,-3933000.0,487000.0,-646000.0,-0.047,-1296000.0,-2.6611909650924024,102943000.0,97760000.0,74178000.0,5183000.0,5183000.0,0.0,-61351000.0,357438647.3565085,305020647.3565085,1.1682573437659256,14.311788539455913,0.0,0.0,-0.0197787985113109,1.1682573437659256,-0.040231178396072015,733.9602615123378,-22.72048355940176,3.6562873092932535,0.0,0.0,0.0,0.004730773340586538,13.997491800115762,-0.03820560892921326,-260.7138200995686,-2.6611909650924024,-3.6999999999999997,-12.000666705587104,-0.07941324411564198,0.981598941864547,0.3952403173121792,-3.307776560788609,0.7433452522844657,-10.361106086986762,-0.43564931121839034,1.1506451256620818,Other Industrial Metals & Mining,Basic Materials,EMX
2020Q3,2020,Q3,2020-09-30,2020-09-30,-913000.0,352000.0,-2517000.0,-0.01,-2143000.0,-6.088068181818182,104865000.0,100921000.0,73003000.0,3944000.0,3944000.0,0.0,-57418000.0,291217547.65572757,235590547.65572757,1.212082575634098,18.509888438133874,0.0,0.0,-0.02494029983848753,1.212082575634098,-0.009046680076495476,827.3225785674078,-79.74193528360559,2.885599108765545,0.0,0.0,0.0,0.003356696705287751,18.046399594320487,-0.008706432079340104,-109.93489907728485,-6.088068181818182,0.75,0.6068805018509547,-0.15925883962736986,1.0700149288436345,0.30512321660181585,0.7217311795184395,0.3598677517802645,0.6992610733394808,-0.6639035248165659,1.3249672564380761,Other Industrial Metals & Mining,Basic Materials,EMX
2020Q2,2020,Q2,2020-06-30,2020-06-30,-3281000.0,296000.0,-3932000.0,-0.04,-3084000.0,-10.41891891891892,107361000.0,101256000.0,74625000.0,6105000.0,6105000.0,0.0,-56505000.0,244645812.39679202,186451812.39679202,1.2161059965557834,12.223587223587224,0.0,0.0,-0.0388322667298728,1.2161059965557834,-0.032403018092755,826.5061229621352,-18.641101218896072,2.4161117602590667,0.0,0.0,0.0,0.002757053306135375,11.52956592956593,-0.030560445599426236,-50.38010963690116,-10.41891891891892,-3.0,-0.16671386917741132,-0.36720064914699135,1.0908105933582048,-0.8634441087613293,-2.547641509433962,-0.555379746835443,-0.222682084611347,-0.5400113029506747,1.1619008753702407,Other Industrial Metals & Mining,Basic Materials,EMX
2020Q1,2020,Q1,2020-03-31,2020-03-31,2120000.0,343000.0,-2528000.0,0.02,-1655000.0,-4.825072886297376,109328000.0,102121000.0,78635000.0,7207000.0,7207000.0,0.0,-53224000.0,159597044.2298144,93230044.22981441,1.233502220342649,10.910919938948245,0.0,0.0,-0.024754947562205618,1.233502220342649,0.0207596870379256,465.2975050431907,18.82040615917623,1.5628229671645832,0.0,0.0,0.0,0.0031373481633250404,10.144026640765922,0.019391189814137275,-29.720119968308083,-4.825072886297376,1.8620689655172415,1.706685555237958,-0.1621375991478273,0.9943031020628356,-0.36326194398682043,2.1157894736842104,-0.5092537313432836,2.1603257905771653,-0.3106429875299514,0.9658219669074174,Other Industrial Metals & Mining,Basic Materials,EMX
2019Q4,2019,Q4,2019-12-31,2019-12-31,-1900000.0,61000.0,-1675000.0,-0.0232,-1214000.0,-19.901639344262296,102227000.0,98495000.0,78910000.0,3732000.0,3732000.0,0.0,-55344000.0,175384875.0970512,106390875.0970512,1.204072170982038,21.144158628081456,0.0,0.0,-0.01446342203974653,1.204072170982038,-0.019290319305548503,2875.161886836905,-23.076957249612,1.7806474957820317,0.0,0.0,0.0,0.000596711240670273,20.589764201500536,-0.018586087824156043,-41.20885223145,-19.901639344262296,0.22666666666666668,0.8474783905766785,-0.8831527363715775,0.9536491176593687,0.2013157894736842,0.205353408615642,0.26983435047951176,0.3366201776702919,-0.9226274143743063,1.1092421606689626,Other Industrial Metals & Mining,Basic Materials,EMX
2019Q3,2019,Q3,2019-09-30,2019-09-30,-2391000.0,630000.0,-2294000.0,-0.03,-1520000.0,-2.4126984126984126,105293000.0,100094000.0,86477000.0,5199000.0,5199000.0,0.0,-53444000.0,147832271.99738812,73743271.99738812,1.2170890074795637,16.633391036737834,0.0,0.0,-0.022918456650748296,1.2170890074795637,-0.023887545707035388,234.65439999585416,-15.457159347280232,1.476934401636343,0.0,0.0,0.0,0.005983303733391583,15.809194075783804,-0.02270806226434806,-62.56126618594504,-2.4126984126984126,0.625,-0.5796660708797677,0.003443684183023488,0.6514678893565994,0.6250616674888998,0.6453048509123276,0.5869643500180051,-1.454335423115036,-0.24599971330631615,1.1224585847731374,Other Industrial Metals & Mining,Basic Materials,EMX
2019Q2,2019,Q2,2019-06-30,2019-06-30,-6741000.0,392000.0,-5554000.0,-0.08,-4054000.0,-10.341836734693878,107740000.0,102033000.0,88864000.0,5707000.0,5707000.0,0.0,-51053000.0,133095972.51885,57580972.51885,1.2483743500688433,15.571053092693184,0.0,0.0,-0.054433369596111066,1.2483743500688433,-0.06606686072153127,339.53054213992345,-4.936061879500445,1.304440450823263,0.0,0.0,0.0,0.003638388713569705,14.6845978622744,-0.06256729162799332,-173.0766872806892,-10.341836734693878,-1.6666666666666667,-1.1565636717187953,-0.38260001922808007,0.6898194008935933,-2.8137347130761996,-1.418729817007535,-4.264454976303318,-1.9589204232389934,-0.05471622219976952,1.4742576756006534,Other Industrial Metals & Mining,Basic Materials,EMX
2019Q1,2019,Q1,2019-03-31,2019-03-31,-2787000.0,356000.0,-1055000.0,-0.03,-1063000.0,-2.985955056179775,109443000.0,106086000.0,88258000.0,3357000.0,3357000.0,0.0,-44312000.0,125836124.92285769,48086124.92285769,1.3135549983085593,26.290735775990466,0.0,0.0,-0.009663895093559917,1.3135549983085593,-0.026271138510265257,353.47226101926316,-11.28777582731052,1.1861708889283948,0.0,0.0,0.0,0.003252834808987327,26.253500148942507,-0.025465310709684493,-18.37828609943883,-2.985955056179775,-1.032967032967033,-0.16206819790822927,-0.5085781306807068,0.6791012619016286,-7.7151827565730455,-1.0381640686594464,0.4535023763581502,0.08645745552713559,-0.1702176092499247,1.472636184085138,Other Industrial Metals & Mining,Basic Materials,EMX
2018Q4,2018,Q4,2018-12-31,2018-12-31,73026805.0,529624.0,-1930475.0,0.91,158298.0,0.29888751265048413,114851522.0,108504692.0,95249806.0,6346830.0,6346830.0,0.0,-41524458.0,123111047.56551999,36935716.56551999,1.356659346441055,15.007461362601488,0.0,0.0,-0.018472981421242714,1.356659346441055,0.6730290059714653,232.44990326254094,0.42145842052627114,1.1346149673004002,0.0,0.0,0.0,0.00461137989969345,15.002400095795855,0.6358366326220736,-79.74215835431099,0.29888751265048413,13.999999999999998,31.932920482299497,-0.5127735377038612,0.6966756939201969,6.514649015850897,14.811472061326148,0.5359844456029961,212.7087609775216,0.047486378696253634,1.3011665535199808,Other Industrial Metals & Mining,Basic Materials,EMX
2018Q3,2018,Q3,2018-09-30,2018-09-30,-5287402.0,560042.0,-4160367.0,-0.07,-28705.0,-0.051255084440095564,66332647.0,34434312.0,31443683.0,30940361.0,31898335.0,0.0,-114551263.0,124841797.605756,149822802.60575598,0.4308270595978038,1.0162674895745398,0.4480606208885347,0.8631230093983001,-0.06021623251179791,0.4308270595978038,-0.15355038892602238,222.9150628091393,-5.902794870039955,3.6255057921806597,0.0,0.0,0.0,0.008442931577869944,1.0137562066583514,-0.07971040263175386,-73.49250845543506,-0.051255084440095564,-0.4000000000000001,0.27700365262398985,-0.15570049380253415,-0.4661738162673038,-2.0052882258177487,-0.4297176961636076,-1.175688615301586,-1.3716851700183403,0.39348129677394467,-0.26422632991757394,Other Industrial Metals & Mining,Basic Materials,EMX
2018Q2,2018,Q2,2018-06-30,2018-06-30,-3698214.0,455753.0,-1912207.0,-0.05,28554.0,0.06265235774641088,46670641.0,37850908.0,11026025.0,7372721.0,8819733.0,0.0,-109263861.0,107361500.6643672,106894145.6643672,0.4746126563983599,1.4955163771964244,0.13825633978329116,0.17047178894625195,-0.04323417472703726,0.4746126563983599,-0.09770476311955317,235.5694875609534,-7.257658741785034,2.836431312674644,0.0,0.0,0.0,0.009765304059140735,1.4822097567505945,-0.07924069438000649,-48.623273476441724,0.06265235774641088,-1.5,-0.7006221246849456,-0.2838191267622537,-0.4770972351816837,-0.8090263379659974,-0.9225603403639449,-0.07555580304160353,-0.3729746500065993,0.017223067823321128,-0.1840142450164703,Other Industrial Metals & Mining,Basic Materials,EMX
2018Q1,2018,Q1,2018-03-31,2018-03-31,-1923588.0,586528.0,-1777878.0,-0.02,149518.0,0.2549204812046484,44057123.0,41098721.0,8225507.0,1468222.0,2958402.0,0.0,-105565647.0,89446879.6864812,87193743.6864812,0.5154064161242002,5.602359180015012,0.0,0.0,-0.033114914409983744,0.5154064161242002,-0.04680408424388681,152.5023181953482,-11.625004897940878,2.1763908343152867,0.0,0.0,0.0,0.013312898347901655,5.506044726206255,-0.04366122590437873,-177.03279067736196,0.2549204812046484,-3.8780487804878048,0.46121850770112416,-0.4337430854983644,-0.4391011036357064,2.571491633734129,-4.96108351333009,-0.2651684753602562,0.3342685872377236,0.48752395583903646,-0.16670063697651707,Other Industrial Metals & Mining,Basic Materials,EMX
2017Q4,2017,Q4,2017-12-31,2017-12-31,-322691.0,804384.0,-1405250.0,-0.0041,-95144.0,-0.1182818156502367,45750784.0,42371707.0,8094663.0,1558770.0,3379077.0,0.0,-104382744.0,87451900.6947356,83918289.6947356,0.5432125132249676,5.192981004253354,0.0,0.0,-0.005220011198196879,0.5432125132249676,-0.007615718668119743,108.71909522657785,-67.75204506380378,2.0639220575828015,0.0,0.0,0.0,0.017581862640867533,5.1639876312733755,-0.007053234322716743,-193.16312529760302,-0.1182818156502367,0.8975,0.9604052863282186,-0.48391813596454514,-0.5233558174374301,-1.2254907072536037,0.8886401502968528,0.4739220315201285,0.97283434993278,0.6158744187361708,-0.11861874002292057,Other Industrial Metals & Mining,Basic Materials,EMX
2017Q3,2017,Q3,2017-09-30,2017-09-30,-2897732.0,999668.0,-2671182.0,-0.04,421942.0,0.4220821312675808,45776955.0,41432562.0,8248700.0,939144.0,4344393.0,0.0,-104060053.0,83694192.66104667,78561901.66104667,0.521333181049202,8.783211094358267,0.0,0.0,-0.05085460521215993,0.521333181049202,-0.06993851840492027,83.72198836118258,-7.220663665674281,2.020010074709999,0.0,0.0,0.0,0.021837800264346983,8.693666785924203,-0.06330110860366313,-211.87169522039645,0.4220821312675808,-0.3333333333333334,0.6882949773350138,0.2754061949513467,-0.5964892336499783,3.778883943234458,-0.14189629850306326,-0.5116455554367147,-0.9810854766067074,0.6476597322459978,-0.2926030858319587,Other Industrial Metals & Mining,Basic Materials,EMX
2017Q2,2017,Q2,2017-06-30,2017-06-30,-2537649.0,608532.0,-1767069.0,-0.03,88293.0,0.1450917946796553,49515882.0,44291854.0,10506430.0,732614.0,5224028.0,0.0,-101162321.0,94639613.10251366,88345868.10251366,0.5625170008534812,14.341017234177889,0.0,0.0,-0.04080388622102454,0.5625170008534812,-0.05729380847322399,155.52117736210036,-9.323552341410657,2.136727288555446,0.0,0.0,0.0,0.012289632647561444,14.210816337116135,-0.05124919313766844,-47.078341736490366,0.1450917946796553,-0.4999999999999999,0.5751673499931902,0.0,-0.33827036236652847,6.799734982332155,-0.5517827790660131,0.0879968661761207,0.1572919904223831,-0.005117990431976453,-0.23856802943582509,Other Industrial Metals & Mining,Basic Materials,EMX
2017Q1,2017,Q1,2017-03-31,2017-03-31,-1635312.0,445343.0,-1937569.0,-0.02,11320.0,0.025418609925383355,52135951.0,46495999.0,11546327.0,997208.0,5639952.0,0.0,-98624672.0,92866542.651635,84712375.651635,0.6274740241524334,11.5786546036534,0.0,0.0,-0.040603581474924016,0.6274740241524334,-0.03517102622098731,208.52812922092636,-14.197067998589107,1.9973018033580694,0.0,0.0,0.0,0.008541956010354543,11.449118940080705,-0.03136630230452687,-159.17968528254718,0.025418609925383355,0.4285714285714286,0.7144842964434633,0.0,-0.3200425392588362,1.17418600356989,0.3677673920683284,0.18766817290333618,0.25683499183232256,-0.32997795238398103,-0.19790764214552453,Other Industrial Metals & Mining,Basic Materials,EMX
2016Q4,2016,Q4,2016-12-31,2016-12-31,-2586567.0,711992.0,-2385194.0,-0.035,-64988.0,-0.09127630647535366,47843555.0,42171605.0,6920944.0,918626.0,5671950.0,0.0,-96989360.0,102998250.67287602,99798564.67287602,0.5708553495821252,7.53401710815936,0.0,0.0,-0.049043716701207205,0.5708553495821252,-0.06133432673477806,144.66208984493647,-9.955111415331212,2.4423602249161736,0.0,0.0,0.0,0.014881670059844006,7.502996867060153,-0.054063018519422315,-1245.2938057414583,-0.09127630647535366,-1.5833333333333335,0.6648908961985497,-0.5176720513149788,-0.49910049043668475,-207.96815286624204,-1.5465896142844584,-0.23035981873657224,-0.18616747105206596,-0.2908763379383706,-0.2860725141347107,Other Industrial Metals & Mining,Basic Materials,EMX
2016Q3,2016,Q3,2016-09-30,2016-09-30,4732192.0,751326.0,-1938615.0,0.06,314.0,0.0004179277703686549,48064337.0,42406087.0,6590531.0,695353.0,5658250.0,0.0,-94402793.0,104074366.6855464,100286750.6855464,0.5734335719015475,9.477964429577495,0.0,0.0,-0.05137778118972669,0.5734335719015475,0.11159228155146689,138.52091726566948,5.49821133026441,2.454231787185326,0.0,0.0,0.0,0.015631673021933083,9.360700248650685,0.09845536827024161,-75.80015199127931,0.0004179277703686549,3.0,1.7741302717757637,0.0,-0.43585594861722815,1.008877328885245,3.3076861557127546,0.0025519982506463606,1.6993578948365622,0.224186844360784,-0.28947393509083985,Other Industrial Metals & Mining,Basic Materials,EMX
2016Q2,2016,Q2,2016-06-30,2016-06-30,-2050622.0,373266.0,-1943575.0,-0.03,-35371.0,-0.09476084079450044,43106299.0,37118490.0,3242063.0,623579.0,5987809.0,0.0,-99134985.0,79771302.77912508,77389345.77912508,0.5045450044994957,5.199121522693997,0.0,0.0,-0.044207314499264135,0.5045450044994957,-0.055245296885729996,213.71167687152078,-9.72525687073545,2.149098812455062,0.0,0.0,0.0,0.008659198508320094,5.029280973220715,-0.04757128418749195,-52.35938468004329,-0.09476084079450044,0.25000000000000006,0.3572701273005217,0.0,-0.5220421998352328,0.4268097036088739,0.26196398396968135,0.028299467197685807,-0.02222852533800138,-0.36414482251487384,-0.4441193797271694,Other Industrial Metals & Mining,Basic Materials,EMX
2016Q1,2016,Q1,2016-03-31,2016-03-31,-2778485.0,390738.0,-2000179.0,-0.04,-61709.0,-0.15792935419641807,45569291.0,39074886.0,4563877.0,744477.0,6494405.0,0.0,-97084363.0,61244008.913452804,57427780.913452804,0.5312366642384017,6.130312957955719,0.0,0.0,-0.048679549731942606,0.5312366642384017,-0.07110666938350121,156.73932126758288,-5.51055781419126,1.5673496504494677,0.0,0.0,0.0,0.008574590287129988,5.967116512665939,-0.06097275026727978,-26.21422645633858,-0.15792935419641807,-10.30232558139535,0.0,0.0,0.0,0.4037259278584611,-9.850172162817291,-0.2156984899944812,0.15632054447172017,-0.5910415130716539,-0.42187359458915846,Other Industrial Metals & Mining,Basic Materials,EMX
2015Q4,2015,Q4,2015-12-31,2015-12-31,313947.0,464532.0,-1645292.0,0.0043,-103491.0,-0.22278551316163364,50624129.0,43320836.0,6588516.0,801407.0,7303293.0,0.0,-94305878.0,43831022.961168,38196421.961168,0.5895528702022199,8.221185989141597,0.0,0.0,0.006156560104063027,0.5895528702022199,0.007247020810032382,94.35522840443285,34.903202579709316,1.0117769417277174,0.0,0.0,0.0,0.009176098614950985,8.180826970565517,0.006201528919144466,107.06527082305696,-0.22278551316163364,1.1433333333333333,1.0767703472105128,0.0,-0.39401654246295603,-0.4399749547794629,1.153190312053526,0.1482571879253105,1.0408920435959128,-0.6836244345528123,-0.48269426963922507,Other Industrial Metals & Mining,Basic Materials,EMX
2015Q3,2015,Q3,2015-09-30,2015-09-30,-2049392.0,369453.0,-1931677.0,-0.03,-71870.0,-0.19453083342130123,52106875.0,43021635.0,3242198.0,866217.0,9085240.0,0.0,-94619825.0,44733166.99459441,43925782.99459441,0.5855429150509556,3.7429397021762445,0.0,0.0,-0.037166407568642854,0.5855429150509556,-0.04763631135822709,121.07945258150403,-5.456882699185223,1.0397830532148398,0.0,0.0,0.0,0.007090292787659978,3.6558264268653238,-0.03933054899185568,-36.768910642661915,-0.19453083342130123,0.0,0.39647062768005437,0.0,-0.11433463850878571,0.28438430365126305,0.17376452237282983,0.1410332802985364,0.7615436670215224,-0.49014090572147734,-0.5467910369573467,Other Industrial Metals & Mining,Basic Materials,EMX
2015Q2,2015,Q2,2015-06-30,2015-06-30,-2480397.0,412577.0,-2248838.0,-0.03,-100431.0,-0.24342365182741646,51332307.0,42715491.0,4536241.0,640441.0,8616816.0,0.0,-92570433.0,47120571.7152657,44994510.7152657,0.5816433111726806,7.082995935613116,0.0,0.0,-0.0442506300111064,0.5816433111726806,-0.05806785645984966,114.21036973768702,-4.749297362001496,1.103126070007382,0.0,0.0,0.0,0.00803737498102316,6.889615124578221,-0.048320388171916764,-22.669553751624036,-0.24342365182741646,0.25000000000000006,0.5184472290317516,0.0,-0.18468416134644153,-2.574056939501779,0.06752518312866657,0.005895653519290064,0.554787781439921,0.0,-0.3157706932408201,Other Industrial Metals & Mining,Basic Materials,EMX
2015Q1,2015,Q1,2015-03-31,2015-03-31,-2660015.0,362991.0,-2262175.0,-0.04,-28100.0,-0.07741238763495514,54969977.0,45404441.0,6123780.0,920048.0,9565536.0,0.0,-90090036.0,67552038.34474142,63492090.34474142,0.6185129126393869,6.655935342503869,0.0,0.0,-0.04502432111236833,0.6185129126393869,-0.05858490802694829,186.0983835542518,-6.348839982550984,1.4877848258222455,0.0,0.0,0.0,0.006603441001985502,6.490665704398031,-0.04839032404907137,-30.755477585483952,-0.07741238763495514,0.7333333333333333,0.0,0.0,0.0,-1.3072045479392151,0.7612273241292072,-0.08071587349436442,0.5312041798563715,0.0,-0.3297531796922149,Other Industrial Metals & Mining,Basic Materials,EMX
2014Q4,2014,Q4,2014-12-31,2014-12-31,-11140366.0,466862.0,-2093219.0,-0.15,91470.0,0.19592513419383029,54292093.0,45086327.0,8085140.0,988224.0,9205766.0,0.0,-87430021.0,64430329.42815085,57980021.42815085,0.6163195632717378,8.181485169354316,0.0,0.0,-0.037787021760575114,0.6163195632717378,-0.24708967754237332,138.00722575011642,-1.4458755086715924,1.429043652816315,0.0,0.0,0.0,0.008599079059265591,8.128654029855579,-0.20519315768504265,-128.2749554099001,0.19592513419383029,-6.5,-1.5364811750212233,0.0,0.6450099398485097,-0.5088252509034673,-7.279949727342929,-0.0018551286217724902,-0.4575286648324736,-0.6806175912858998,-0.45920771837721497,Other Industrial Metals & Mining,Basic Materials,EMX
2014Q3,2014,Q3,2014-09-30,2014-09-30,-1345463.0,558091.0,-2089343.0,-0.02,186227.0,0.3336857250878441,64997078.0,53876005.0,9592060.0,737176.0,11121073.0,0.0,-76289655.0,57507852.202807084,50365710.202807084,0.7369740673272995,13.011899464985294,0.0,0.0,-0.02684733149312503,0.7369740673272995,-0.02497332532358329,103.04386238589599,-10.685513500335402,1.067411219573669,0.0,0.0,0.0,0.008586401376381874,12.86237886203566,-0.02070036133008933,-40.23587752808226,0.3336857250878441,0.5,0.3787006870976305,0.0,0.7915250011569388,0.008283837853348998,0.5185639751428335,0.16834886834007157,0.7773486364890283,0.0,-0.274964779743583,Other Industrial Metals & Mining,Basic Materials,EMX
2014Q2,2014,Q2,2014-06-30,2014-06-30,-2794687.0,567663.0,-2512283.0,-0.04,184697.0,0.3253638162078557,65193067.0,53984800.0,12155623.0,736521.0,11208267.0,0.0,-74944192.0,62914206.806775026,53225553.806775026,0.7387619939791735,16.504109183580645,0.0,0.0,-0.04364492927712746,0.7387619939791735,-0.05176803470606541,110.83020525694828,-5.628019059627699,1.1654059440208173,0.0,0.0,0.0,0.008707413627280336,16.33867466100763,-0.04286785587185214,-42.30524769661616,0.3253638162078557,-0.3333333333333334,0.34845815810076475,0.0,0.7188731663519458,-0.07483119277084294,-0.28934475957601413,-0.26450366272157777,0.11814032115242465,0.0,-0.30016736992987975,Other Industrial Metals & Mining,Basic Materials,EMX
2014Q1,2014,Q1,2014-03-31,2014-03-31,-2167525.0,654718.0,-1986774.0,-0.03,199636.0,0.30491906439108135,69621115.0,57100505.0,14317063.0,1450195.0,12520610.0,0.0,-72149505.0,83767248.93264,72349564.93264,0.7822964749731186,9.87250886949686,0.0,0.0,-0.03438123969194922,0.7822964749731186,-0.03795982189649636,127.94401396118634,-9.661624310289385,1.4670141521977782,0.0,0.0,0.0,0.009404014859572415,9.755464609931767,-0.031133155508928576,-61.44699623298544,0.30491906439108135,-0.0169491525423729,0.0,0.0,0.0,-0.5993553915715241,-0.012706930900310607,-0.301478954846579,0.0,0.0,0.0,Other Industrial Metals & Mining,Basic Materials,EMX
2013Q4,2013,Q4,2013-12-31,2013-12-31,-2140328.0,985498.0,-1526551.0,-0.0295,498287.0,0.5056194939005457,70073220.0,57978722.0,15601945.0,1383946.0,12094498.0,0.0,-69981980.0,78646833.35405819,65963764.35405819,0.7995985038876059,11.273521510232335,0.0,0.0,-0.021722091835157796,0.7995985038876059,-0.036915749884931924,79.80415318352568,-9.186306182283532,1.3564775255663308,0.0,0.0,0.0,0.014063832088777995,11.19168594728407,-0.03054416508903116,-129.48815683772446,0.5056194939005457,0.6722222222222223,-0.8911988969879076,0.0,0.762488984610562,2.714900247517371,0.6774458105350851,0.19187561705765735,0.4696105144174476,0.0,-0.1781170264491159,Other Industrial Metals & Mining,Basic Materials,EMX
2013Q3,2013,Q3,2013-09-30,2013-09-30,-6635561.0,601860.0,-1889005.0,-0.09,134132.0,0.2228624597082378,70266951.0,58527902.0,15669700.0,1354829.0,11739049.0,0.0,-67841652.0,93019553.60592961,79882443.60592961,0.8070549417140106,11.565813840713478,0.0,0.0,-0.024948723128416995,0.8070549417140106,-0.11337431845754525,154.5534735751331,-3.504585128745317,1.589319801791795,0.0,0.0,0.0,0.008565335359435192,11.429364148538303,-0.09443359795133277,-90.02949404955577,0.2228624597082378,-2.0,-0.813964136396938,0.0,0.7307063773988245,-0.2090993785157494,-2.3620537042038077,0.06147170188167222,-0.9797910005999946,0.0,0.22071429492782418,Other Industrial Metals & Mining,Basic Materials,EMX
2013Q2,2013,Q2,2013-06-30,2013-06-30,-1973663.0,577558.0,-2012731.0,-0.03,169594.0,0.29363977297518173,79463289.0,65696790.0,17584259.0,1195382.0,13766499.0,0.0,-61206091.0,98898196.016048,83956815.016048,0.9076499271585705,14.710158760965115,0.0,0.0,-0.02733356527858808,0.9076499271585705,-0.030042000530010673,171.23508983694796,-12.527239454766088,1.5053733373586138,0.0,0.0,0.0,0.007268236782899837,14.406984545526033,-0.024837418949522717,-35.01153242716406,0.29363977297518173,0.25000000000000006,0.23040240875626264,0.0,0.684838941091453,-0.5199621843625546,0.3895375343869063,0.11456655693684428,0.6112247761669427,0.0,0.2722941145375445,Other Industrial Metals & Mining,Basic Materials,EMX
2013Q1,2013,Q1,2013-03-31,2013-03-31,-3233062.0,937972.0,-2273159.0,-0.04,353293.0,0.3766562328086553,80587383.0,66352664.0,22223271.0,1927991.0,14234719.0,0.0,-59232430.0,146602207.20176,126665092.20176,0.9188936178427657,11.526646649284151,0.0,0.0,-0.0371071117595011,0.9188936178427657,-0.04872542871828025,156.2969973536097,-11.33617350995434,2.209439657189348,0.0,0.0,0.0,0.0116391917082107,11.470243896366735,-0.040118711883223704,-96.41228534565849,0.3766562328086553,0.6,0.0,0.0,0.0,0.25077179069602773,0.484190988304937,0.5989535413206861,0.0,0.0,0.0,Other Industrial Metals & Mining,Basic Materials,EMX
2012Q4,2012,Q4,2012-12-31,2012-12-31,-6267944.0,1198727.0,-5668069.0,-0.1,282460.0,0.23563330099347057,82475787.0,68368669.0,24521554.0,1818699.0,14107118.0,0.0,-55999368.0,122044093.33416119,100344110.33416119,1.1396604282559541,13.483019455115992,0.0,0.0,-0.08358045097645139,1.1396604282559541,-0.09167860208014288,101.81141605566671,-4.867788118965374,1.785088039876295,0.0,0.0,0.0,0.014534289924387142,13.370581388124148,-0.07599738332900055,-39.56452387655828,0.23563330099347057,0.1666666666666666,-2.207674867898668,0.0,1.30924522591895,0.6720337177089006,0.04306198473282443,-0.15473176547332934,-0.7402616059786123,0.0,2.041851734481561,Other Industrial Metals & Mining,Basic Materials,EMX
2012Q3,2012,Q3,2012-09-30,2012-09-30,-6550000.0,552248.0,-4908559.0,-0.12,168932.0,0.3058987990902638,86609584.0,72345837.0,28585120.0,1423925.0,14263747.0,0.0,-49731424.0,123735506.95722103,97607650.95722103,1.291993236673582,20.074877539196237,0.0,0.0,-0.06717808669495431,1.291993236673582,-0.09053734494771275,224.05786341864712,-4.722729273176375,1.7103334772009207,0.0,0.0,0.0,0.006376292027912292,19.54808645118247,-0.07562673433462051,-31.87012541358,0.3058987990902638,-0.4999999999999999,-0.16003444502980385,0.0,1.3242401811910665,0.0,-0.6250694376044045,-0.35248874500968375,-2.948755893932124,0.0,2.140732201365826,Other Industrial Metals & Mining,Basic Materials,EMX
2012Q2,2012,Q2,2012-06-30,2012-06-30,-4030597.0,0.0,-3629279.0,-0.08,0.0,0.0,46450131.0,45164685.0,36770100.0,1285446.0,1285446.0,0.0,-43181424.0,105661673.60741681,70949145.60741681,0.8500707371445502,28.60493556322086,0.0,0.0,-0.08035656619768299,0.8500707371445502,-0.08924222542457674,0.0,-6.553723530745992,2.3394754908047473,0.0,0.0,0.0,0.0,28.21940011482396,-0.08677256475336959,-24.45257929603718,0.0,0.0,0.1638576709813344,0.0,0.5474867561193639,0.0,0.005653122526835988,-0.014164517309890209,-0.29241368038600096,0.0,0.9778545613974522,Other Industrial Metals & Mining,Basic Materials,EMX
2012Q1,2012,Q1,2012-03-31,2012-03-31,-4053512.0,0.0,-3578590.0,-0.08,0.0,0.0,50444262.0,48394352.0,40635256.0,2049910.0,2049910.0,0.0,-39150827.0,122432830.50576302,83246850.50576302,0.922813647001501,19.822946373255412,0.0,0.0,-0.0739464390390019,0.922813647001501,-0.08376002224391806,0.0,-7.551034171464339,2.5298991606657535,0.0,0.0,0.0,0.0,19.75146177149241,-0.08035625538539944,-27.5412548034147,0.0,0.0,0.0,0.0,0.0,0.0,0.0,0.0,0.0,0.0,0.0,Other Industrial Metals & Mining,Basic Materials,EMX
2011Q3,2011,Q3,2011-09-30,2011-09-30,-4257189.0,0.0,-4366962.0,-0.08,0.0,0.0,54402673.0,52349533.0,44869379.0,2053140.0,2053140.0,46791.0,-31830865.0,111706416.56156403,68050899.56156403,1.0164665753294857,21.85402797666014,0.0,0.0,-0.0834193114960548,1.0164665753294857,-0.08132238734584318,0.0,-6.559869467949627,2.133856983243079,0.0,0.0,0.0,0.0,22.002950602491794,-0.07825330567856473,-82.14842681309183,0.0,-1.0,-2.202862464334789,0.0,2.6499606362538595,0.0,-0.9131920351468827,-0.8416558599705214,-0.6387553697254895,0.0,1.179783671975679,Other Industrial Metals & Mining,Basic Materials,EMX
2011Q2,2011,Q2,2011-06-30,2011-06-30,-2225176.0,0.0,-2371215.0,-0.04,0.0,0.0,55901626.0,54163658.0,48031202.0,1737968.0,1737968.0,41166.0,-27573674.0,135551515.8125341,89571477.8125341,1.0556266773459144,27.636413328668883,0.0,0.0,-0.0875574171892157,1.0556266773459144,-0.04108245421681084,0.0,-15.229302739708466,2.502628530232099,0.0,0.0,0.0,0.0,27.68873765224676,-0.039805210674909525,-61.78735805705619,0.0,0.0,0.049632143571428505,0.0,4.068826312923907,1.0,0.27489173116089616,0.287920857372459,-0.22400505129252596,0.0,0.959523027578734,Other Industrial Metals & Mining,Basic Materials,EMX
2011Q1,2011,Q1,2011-03-31,2011-03-31,-3068750.0,0.0,-3329988.0,0.0,-4755768.0,0.0,60638171.0,56501513.0,49750143.0,1602200.0,4136658.0,71721.0,-24442976.0,0.0,-48370004.0,0.0,31.0511440519286,0.0,0.0,-0.048976272197330015,0.0,-0.05431270486508919,0.0,0.0,0.0,0.0,66.30928180030953,,0.0,30.770966171514168,-0.050607562025576265,0.0,0.0,1.0,0.0,0.0,0.0,0.0,-0.3283349702604467,-0.23927096366503986,0.0,0.0,0.0,Other Industrial Metals & Mining,Basic Materials,EMX
2010Q4,2010,Q4,2010-12-31,2010-12-31,-2310223.0,0.0,-2687054.0,-0.06,0.0,0.0,44775329.0,40385655.0,33256974.0,1239357.0,4389674.0,0.0,-21374226.0,136288953.02083322,104506419.02083322,0.9728860794292893,26.834055078560898,0.0,0.0,-0.06347007569738847,0.9728860794292893,-0.05720404930909255,0.0,-14.74846292120211,3.3746872007110746,0.0,0.0,0.0,0.0,26.534446491204715,-0.05159589112120203,-76.25896410381081,0.0,-0.1999999999999999,-0.34449756178576185,0.0,2.2998405021104835,0.0,-0.3534921707157173,-0.48300020310126807,-0.7085813117393825,0.0,0.9713174894763688,Other Industrial Metals & Mining,Basic Materials,EMX
2010Q3,2010,Q3,2010-09-30,2010-09-30,-1706861.0,0.0,-1811904.0,-0.05,0.0,0.0,28932457.0,24416802.0,17311195.0,1232402.0,4515655.0,0.0,-19064003.0,97958177.68572778,83463269.68572778,0.6611333586142107,14.04671121922879,0.0,0.0,-0.07939630416067542,0.6611333586142107,-0.06990518250506352,0.0,-14.347708701195906,4.0119167811463505,0.0,0.0,0.0,0.0,13.978377185366464,-0.058994678536980115,-60.893551594648635,0.0,0.28571428571428575,0.10382792408780814,0.0,3.805749629093518,0.0,0.30493742298511134,0.36888808699217096,0.5416667811423623,0.0,0.18935043435152038,Other Industrial Metals & Mining,Basic Materials,EMX
2010Q2,2010,Q2,2010-06-30,2010-06-30,-2455694.0,0.0,-2870971.0,-0.07,0.0,0.0,29450422.0,24977931.0,18749724.0,1360187.0,4472491.0,0.0,-17357140.0,75795115.69815749,60026922.69815749,0.7133963104816252,13.784666373079585,0.0,0.0,-0.11404662689121457,0.7133963104816252,-0.09831454815052536,0.0,-7.716262256021872,3.034483348446975,0.0,0.0,0.0,0.0,13.715611897481743,-0.08338400040583459,-41.91957322137698,0.0,0.0,-1.0389104476964839,0.0,2.8408501147179286,0.0,-4.3299257493971615,-1.5769234221457884,0.2269574514421456,0.0,0.2986817379963617,Other Industrial Metals & Mining,Basic Materials,EMX
2010Q1,2010,Q1,2010-03-31,2010-03-31,-460737.0,0.0,-1114108.0,0.0,0.0,0.0,25688242.0,21455790.0,14693599.0,1100905.0,4232452.0,0.0,-14901448.0,0.0,-11095799.0,0.0,13.346836466361767,0.0,0.0,-0.10385150115656426,0.0,-0.021473783999563754,0.0,0.0,0.0,0.0,0.0,,0.0,13.209680217639125,-0.017935715491935962,0.0,0.0,1.0,0.0,0.0,0.0,0.0,0.7334500034711776,0.23278988813177656,0.0,0.0,0.0,Other Industrial Metals & Mining,Basic Materials,EMX
2009Q4,2009,Q4,2009-12-31,2009-12-31,-1728520.0,0.0,-1452155.0,-0.06,0.0,0.0,11235611.0,10786559.0,7878094.0,449052.0,449052.0,0.0,-14440711.0,61346567.45959589,54253440.45959589,0.3746600846244705,17.54383456704346,0.0,0.0,-0.2692526875345511,0.3746600846244705,-0.1602475821992908,0.0,-8.872701423702921,5.687315802898393,0.0,0.0,0.0,0.0,19.417372598273698,-0.1538429908262221,-76.53215398556586,0.0,-1.0,0.11236386748879386,0.0,-0.19722721496570855,0.0,-1.0424049645758795,-0.5426007682436624,-1.171246913701202,0.0,-0.4069713872007467,Other Industrial Metals & Mining,Basic Materials,EMX
2009Q3,2009,Q3,2009-09-30,2009-09-30,-846316.0,0.0,-941368.0,-0.03,0.0,0.0,12622381.0,11752606.0,8997850.0,869775.0,869775.0,0.0,-12712191.0,39961336.6863945,32702360.686394498,0.41136688957808193,10.345031761087638,0.0,0.0,-0.16019732134302808,0.41136688957808193,-0.0720109225136961,0.0,-11.804496395670913,3.4002107010474525,0.0,0.0,0.0,0.0,9.145019114138714,-0.06704883967612767,-35.0119740156011,0.0,0.5,0.0692875735632515,0.0,0.8880183019094487,0.0,0.494598221243911,0.3742726519803408,-1.4310627136366931,0.0,0.4771493627633425,Other Industrial Metals & Mining,Basic Materials,EMX
2009Q2,2009,Q2,2009-06-30,2009-06-30,-1674541.0,0.0,-1504438.0,-0.06,0.0,0.0,13100727.0,12261189.0,9301170.0,839538.0,839538.0,0.0,-11865875.0,34992390.5358758,27241207.535875797,0.4297943608876545,11.078914831728879,0.0,0.0,-0.2453983867306833,0.4297943608876545,-0.13657248085809623,0.0,-5.224176436390002,2.8539149454327637,0.0,0.0,0.0,0.0,9.813752325683888,-0.12782046370403718,-38.618557201417275,0.0,0.0,-0.0679326283017043,0.0,0.6064998898674372,0.0,-11.09456570413278,-3.6203821147449857,-0.28631967858600604,0.0,1.0637532305369872,Other Industrial Metals & Mining,Basic Materials,EMX
2009Q1,2009,Q1,2009-03-31,2009-03-31,-138454.0,0.0,-325609.0,0.0,0.0,0.0,14194290.0,13158673.0,10930021.0,1035617.0,1035617.0,0.0,-10191334.0,0.0,-8799950.0,0.0,10.554115083085735,0.0,0.0,-0.04948964078672675,0.0,-0.010521881651744062,0.0,0.0,0.0,0.0,0.0,,0.0,10.344571400430855,-0.009754203979205723,0.0,0.0,1.0,0.0,0.0,0.0,0.0,0.6878411496673332,0.6339785743994424,0.0,0.0,0.0,Other Industrial Metals & Mining,Basic Materials,EMX
2008Q4,2008,Q4,2008-12-31,2008-12-31,-443537.0,0.0,-889590.0,-0.02,0.0,0.0,15091527.0,12892257.0,12060493.0,2199270.0,2199270.0,0.0,-10052880.0,24221401.533214197,14030241.533214197,0.4536757454199264,5.483861917818185,0.0,0.0,-0.138003764585208,0.4536757454199264,-0.03440336319699491,0.0,-13.652413177037202,1.8787557161802,0.0,0.0,0.0,0.0,4.8127264956099065,-0.02938980263561136,-32.671754910210744,0.0,0.6,0.8375590904063421,0.0,0.0,0.0,0.6898646286377558,0.4262460552360473,0.622933700258442,0.0,0.5387799570942942,Other Industrial Metals & Mining,Basic Materials,EMX
2008Q3,2008,Q3,2008-09-30,2008-09-30,-1430140.0,0.0,-1550473.0,-0.05,0.0,0.0,14808965.0,13221148.0,12341819.0,1587817.0,1587817.0,0.0,-9609342.0,25444136.702275198,14045029.702275198,0.4663153451407388,7.772822056949888,0.0,0.0,-0.234544382983989,0.4663153451407388,-0.10817063692199799,0.0,-4.447840194364748,1.9245028270067923,0.0,0.0,0.0,0.0,7.348642822189207,-0.096572582891512,-20.070405935484764,0.0,-0.25000000000000006,-0.3575217040854491,-1.0,0.0,0.0,-0.4532909244261079,-0.5286138223405304,0.02190270729160178,0.0,2.3896259623747143,Other Industrial Metals & Mining,Basic Materials,EMX
2008Q2,2008,Q2,2008-06-30,2008-06-30,-984070.0,0.0,-1014300.0,-0.04,0.0,0.0,16348462.0,14962441.0,13354434.0,1386021.0,1386021.0,0.0,-8179202.0,43399691.7080202,30713698.708020203,0.5387161377992529,9.635087780055281,0.0,0.0,-0.13557948198425646,0.5387161377992529,-0.06576934873126651,0.0,-11.025560099388306,2.9005756285368274,0.0,0.0,0.0,0.0,9.333908360695833,-0.06019342981621146,-110.69119159154202,0.0,0.0,-2.3748410224324483,0.0,0.0,0.0,0.058315231433192026,0.2490560450136966,-0.029990055449267104,0.0,1.9003905813162374,Other Industrial Metals & Mining,Basic Materials,EMX
2008Q1,2008,Q1,2008-03-31,2008-03-31,-1045010.0,0.0,-1350700.0,0.0,0.0,0.0,13067221.0,12233409.0,10068666.0,833812.0,833812.0,0.0,-7195132.0,0.0,-9355139.0,0.0,12.07546305402177,0.0,0.0,-0.22082152243908465,0.0,-0.08542263239952166,0.0,0.0,0.0,0.0,0.0,,0.0,11.923738204775177,-0.07997186241818363,0.0,0.0,1.0,0.0,0.0,0.0,0.0,-0.22658650697328298,-0.5512966138388935,0.0,0.0,0.0,Other Industrial Metals & Mining,Basic Materials,EMX
2007Q4,2007,Q4,2007-12-31,2007-12-31,-851966.0,0.0,-870691.0,-0.03,0.0,0.0,13269696.0,12908464.0,10100971.0,361232.0,361232.0,0.0,-6150122.0,41748951.86304001,32108359.863040008,0.4935207467203632,27.962558688045355,0.0,0.0,-0.06745117002301745,0.4935207467203632,-0.0660005714080312,0.0,-12.25076818295566,3.2342308010496064,0.0,0.0,0.0,0.0,27.169018802320945,-0.0642038822893908,-52.18475474804444,0.0,0.7000000000000001,-1.177569409257734,0.0,0.0,0.0,0.6468031089199869,0.6018231174549342,0.5184302820252684,0.0,0.05745191595206508,Other Industrial Metals & Mining,Basic Materials,EMX
2007Q3,2007,Q3,2007-09-30,2007-09-30,-2412156.0,0.0,-2186694.0,-0.1,0.0,0.0,13630801.0,13297424.0,10524197.0,333377.0,333377.0,0.0,-5298156.0,37307108.160004415,27169093.160004415,0.5558776787050875,31.568455532325267,0.0,0.0,-0.3288898661876165,0.5558776787050875,-0.18140024714561256,0.0,-3.866572908220324,2.8055891246307865,0.0,0.0,0.0,0.0,31.085971737702362,-0.1769636281829659,-16.39578122438841,0.0,-0.11111111111111122,-5.7881402882870185,0.0,0.0,0.0,-0.13162446571498138,-0.2628411144356528,-2.1681440108906043,0.0,1.5512681200340932,Other Industrial Metals & Mining,Basic Materials,EMX
2007Q2,2007,Q2,2007-06-30,2007-06-30,-2131587.0,0.0,-1731567.0,-0.09,0.0,0.0,13241454.0,12905830.0,10014917.0,335624.0,335624.0,0.0,-2886000.0,36088581.468381,26471570.468381003,0.5493234328391117,29.839692632231305,0.0,0.0,-0.268338727536315,0.5493234328391117,-0.16516465814287032,0.0,-4.2325954169805176,2.7963007004106673,0.0,0.0,0.0,0.0,29.25516351631588,-0.16097831854417197,-16.645886458683,0.0,0.0,-8.547779972909119,0.0,0.0,0.0,-0.8132184739133468,-0.26672372738146183,-0.6506887531547153,0.0,1.053279695282722,Other Industrial Metals & Mining,Basic Materials,EMX
2007Q1,2007,Q1,2007-03-31,2007-03-31,-1175582.0,0.0,-1366965.0,0.0,0.0,0.0,13990764.0,13401024.0,11731065.0,589740.0,589740.0,0.0,-754413.0,0.0,-11342389.0,0.0,19.891926950859702,0.0,0.0,-0.20400903692135766,0.0,-0.0877232963689939,0.0,0.0,0.0,0.0,0.0,,0.0,19.75534981517279,-0.08402557572981718,0.0,0.0,-1.0,0.0,0.0,0.0,0.0,-1.1456486911178336,0.025614797918597193,0.0,0.0,0.0,Other Industrial Metals & Mining,Basic Materials,EMX
