Quarters,Year,Quarter,FillingDate,Date,NetIncome,Revenue,OperatingIncome,EPSDiluted,GrossProfit,GrossProfitRatio,TotalAssets,CommonStockEquity,CurrentAssets,CurrentLiability,TotalLiability,Inventory,RetainedEarnings,MarketCap,EnterpriseValue,bookValuePerShare,currentRatio,debtToAssets,debtToEquity,roic,shareholdersEquityPerShare,roe,priceToSalesRatio,peRatio,pbRatio,payoutRatio,inventoryTurnover,dividendYield,assetTurnover,quickRatio,returnOnAssets,priceToFreeCashFlowsRatio,grossProfitMargin,epsdilutedGrowth,fiveYNetIncomeGrowthPerShare,fiveYRevenueGrowthPerShare,fiveYShareholdersEquityGrowthPerShare,grossProfitGrowth,netIncomeGrowth,operatingIncomeGrowth,threeYNetIncomeGrowthPerShare,threeYRevenueGrowthPerShare,threeYShareholdersEquityGrowthPerShare,Industry,Sector,Symbol
2023Q1,2023,Q1,2023-05-09,2023-03-31,20807000.0,3487000.0,35955000.0,0.71,-1453000.0,-0.416690565,5996919000.0,605331000.0,80795000.0,45641000.0,5391588000.0,0.0,418620000.0,984663473.02,1105209473.02,20.514516912104153,1.7702285226002936,0.03185835926748385,0.3156157540254836,0.03718890861316227,20.514516912104153,0.03437292985160185,282.38126556352165,11.830915954005864,1.6266529766689628,0.35343874657567165,0.0,0.0074685414880324595,0.0005814652490720651,4.2759799303258035,0.0034696149806258845,33.32194494145516,-0.4166905649555492,-0.14457831325301204,0.3693632432342109,-0.9227693858309219,0.2928703309005864,-1.0219988190585778,-0.14777800532459553,-0.0640374853572823,0.5070963173447781,-0.9374204750201117,-0.06289139026117117,Banks—Regional,Financial Services,GABC
2022Q4,2022,Q4,2023-03-01,2022-12-31,24415000.0,66049000.0,38415000.0,0.83,66049000.0,1.0,6155991000.0,558393000.0,119579000.0,68741000.0,5597598000.0,0.0,405167000.0,1099825562.0,1251457562.0,18.937602124944974,1.7395586331301551,0.03716802055103719,0.40975800198068385,0.03965705211519965,18.937602124944974,0.043723685647921805,16.651661069811805,11.261781302477983,1.969626342020763,0.27679705099324187,0.0,0.006144610776013224,0.010729222963451376,3.5429801719497824,0.003966055181042338,42.33354742109315,1.0,0.0,0.6338602934839366,0.5542567273561402,0.19113102569322152,0.08269949511507442,-0.007358920149617824,0.08043875685557587,0.39556761032400584,0.1781996384840268,-0.12003597785669998,Banks—Regional,Financial Services,GABC
2022Q3,2022,Q3,2022-11-07,2022-09-30,24596000.0,65795000.0,35555000.0,0.83,61004000.0,0.9271829166,6259905000.0,494701000.0,509172000.0,44848000.0,5765204000.0,0.0,387510000.0,1052887709.74,1128242709.74,16.77840148249274,11.35328219764538,0.023325433852430667,0.2951580853889521,0.04441719926518855,16.77840148249274,0.04971892112609435,16.00254897393419,10.701818484103107,2.1283314764676033,0.2748007806147341,0.0,0.006419487982881922,0.010510542891625353,11.35328219764538,0.0039291331098475135,33.86144303531228,0.9271829166350026,0.024691358024691242,0.9801433462989865,0.5415894952547731,0.066832482858806,0.02160297417690994,0.03575188444856192,0.13070440451582127,0.7012975422575237,0.17420145977335616,-0.20588633248050114,Banks—Regional,Financial Services,GABC
2022Q2,2022,Q2,2022-08-09,2022-06-30,23747000.0,64777000.0,31445000.0,0.81,59714000.0,0.9218395418,6471703000.0,574429000.0,634809000.0,38781000.0,5897274000.0,0.0,369673000.0,1007757924.64,1040738924.64,19.482836840021697,16.369072483948326,0.022387461229293124,0.2522243828218979,0.03607542145174988,19.482836840021697,0.041340183033934566,15.557341720672461,10.60931827851939,1.754364637997037,0.28437276287531055,0.0,0.006701014038080986,0.010009266494460578,16.369072483948326,0.0036693587452947085,347.50273263448275,0.9218395418126805,1.6129032258064517,0.8770109712803481,0.5448241547136392,0.25855819512768224,-0.05360086217826804,1.61905812286313,1.2885735080058225,0.3181421860561436,0.24368703578558343,-0.025012073780933564,Banks—Regional,Financial Services,GABC
2022Q1,2022,Q1,2022-05-10,2022-03-31,9067000.0,63096000.0,13740000.0,0.31,63096000.0,1.0,6697629000.0,649036000.0,2065681000.0,62859000.0,6048593000.0,0.0,352679000.0,1117021945.48,1212668945.48,22.07376295494767,32.86213589143957,0.02331033862878938,0.24054751970614882,0.01589233064237721,22.07376295494767,0.013969949278622449,17.703530263091164,30.79910514723723,1.721047746935455,0.7446785044667475,0.0,0.006044643999450316,0.009420647217097275,11.96608282028031,0.001353762652425209,26.463443389718076,1.0,-0.5753424657534246,-0.2607445722867236,0.4936244191542396,0.48199400253896674,0.1328234406980502,-0.529524699045247,-0.44338667206805754,-0.4889123824679944,0.1842717612426315,0.15032958825141005,Banks—Regional,Financial Services,GABC
2021Q4,2021,Q4,2022-03-01,2021-12-31,19272000.0,55698000.0,24685000.0,0.73,55698000.0,1.0,5608539000.0,668459000.0,397635000.0,43581000.0,4940080000.0,0.0,350364000.0,1034802371.8399999,1070739371.8399999,25.1802010983686,9.124044881943966,0.01495130906640749,0.12544524047099373,0.028077240714700233,25.1802010983686,0.028830489229705936,18.57880663291321,13.423650527189704,1.5480416477899168,0.2882420091324201,0.0,0.005368174785029298,0.009930928535934224,45.45673573346183,0.003436188996813609,41.36066077141372,1.0,-0.09876543209876551,0.6508098658332457,0.4443892524968466,0.744992807977742,-0.020143201449606813,-0.10304384250209439,0.0,0.6504543642330226,0.22610622261564825,0.37050908781188147,Banks—Regional,Financial Services,GABC
2021Q3,2021,Q3,2021-11-09,2021-09-30,21486000.0,56843000.0,0.0,0.81,56843000.0,1.0,5475750000.0,650139000.0,0.0,0.0,4825611000.0,0.0,336647000.0,1025466880.84,1156493880.8400002,24.491156213087475,0.0,0.03403899009268137,0.2866909999246315,0.0,24.491156213087475,0.03304831735982613,18.040337083545907,11.931803044307923,1.5773040547329111,0.2585869868751745,0.0,0.005418019932002935,0.010380861069259919,0.0,0.003923846048486509,37.27614979425663,1.0,-0.09999999999999996,0.8187842424966763,0.48760389290389805,0.6438036758047854,0.05691495295823881,-0.09806061623709177,0.0,0.47085545400781803,0.31112918960707964,0.49555870549404096,Banks—Regional,Financial Services,GABC
2021Q2,2021,Q2,2021-08-06,2021-06-30,23822000.0,53782000.0,0.0,0.9,53782000.0,1.0,5348569000.0,648997000.0,3543450000.0,0.0,4699572000.0,0.0,320717000.0,987506326.8000001,1136528326.8000002,24.448135414214544,0.0,0.038422613600011514,0.31665169484604705,0.0,24.448135414214544,0.03670587075132859,18.361279364843256,10.363386017127025,1.5215884307631622,0.23318780958777602,0.0,0.005625280415165437,0.010055399864898442,0.0,0.00445390159498737,55.55903717790031,1.0,0.21621621621621626,1.0980690788578287,0.4167053889832211,0.6833560962425035,-0.003464952102132706,0.21808048269161937,0.0,0.8573862774317141,0.28011852988585895,0.5154345710632683,Banks—Regional,Financial Services,GABC
2021Q1,2021,Q1,2021-05-07,2021-03-31,19557000.0,53969000.0,0.0,0.74,53969000.0,1.0,5219834000.0,617213000.0,3611478000.0,0.0,4602621000.0,0.0,302450000.0,1225292246.22,1294840246.22,23.28226996294719,0.0,0.033247609023581974,0.28117845865203744,0.0,23.28226996294719,0.03168598198676956,22.70363071800478,15.663090533057217,1.9852016179503673,0.28399038707368207,0.0,0.004532796169349778,0.01033921768393401,0.0,0.0037466708711426456,47.39092037207504,1.0,-0.06329113924050639,1.9943646120164067,0.5185988166447772,0.511958738957298,-0.05035983882036213,-0.06381043561512685,0.0,0.4326275934978904,0.3304660258584252,0.46730026351982434,Banks—Regional,Financial Services,GABC
2020Q4,2020,Q4,2021-02-26,2020-12-31,20890000.0,56831000.0,0.0,0.79,56831000.0,1.0,4977577000.0,624709000.0,3531839000.0,0.0,4352868000.0,0.0,288447000.0,876664058.07,959075058.07,23.579865764668327,0.0,0.028452397622377314,0.22670395336068475,0.0,23.579865764668327,0.03343956946354223,15.425807359891609,10.491432001795118,1.4033158767842309,0.24040210627094302,0.0,0.005728534156009624,0.011417402483176051,0.0,0.004196821063742459,25.53564003582768,1.0,0.4363636363636363,1.036060581873913,0.6517429718498319,0.8607891824575077,0.0999477422726305,0.4315082573836771,0.0,0.5558766855983434,0.4884023610456125,0.48311858643294175,Banks—Regional,Financial Services,GABC
2020Q3,2020,Q3,2020-11-06,2020-09-30,14593000.0,51667000.0,0.0,0.55,51667000.0,1.0,4852830000.0,603981000.0,3587102000.0,0.0,4248849000.0,0.0,272579000.0,719139381.72,875488381.72,22.793973959254416,0.0,0.044210079479396557,0.35521647204133905,0.0,22.793973959254416,0.02416135606914787,13.918736944664873,12.319937328171042,1.1906655701421072,0.34434317823614063,0.0,0.00698751887009924,0.010646777241321044,0.0,0.0030071113144289003,61.53327472576367,1.0,0.018518518518518535,0.41936973030913216,0.4577899995101646,0.8337172045724157,0.015427852678746905,0.0237109786039986,0.0,0.3072712372861282,0.34703249764244837,0.44932470822944975,Banks—Regional,Financial Services,GABC
2020Q2,2020,Q2,2020-08-07,2020-06-30,14255000.0,50882000.0,0.0,0.54,50882000.0,1.0,4851051000.0,594674000.0,3659004000.0,0.0,4256377000.0,0.0,263011000.0,824234934.1,988868934.1,22.438215895561857,0.0,0.045289154865615716,0.36944611669587035,0.0,22.438215895561857,0.023971116948109383,16.19894921779804,14.455190005261313,1.3860282004930433,0.35243774114345844,0.0,0.006095349507948016,0.010488861073610646,0.0,0.0029385384734153487,49.79068104989731,1.0,0.1489361702127661,0.4600696393709523,0.5376373055319401,0.8821445262930685,0.010827025845799313,0.14296023091725465,0.0,0.25348405987717154,0.349944548196145,0.4494706664787812,Banks—Regional,Financial Services,GABC
2020Q1,2020,Q1,2020-05-11,2020-03-31,12472000.0,50337000.0,0.0,0.47,50337000.0,1.0,4323853000.0,583540000.0,3218362000.0,0.0,3740313000.0,0.0,253780000.0,731714419.35,889401419.35,21.891290613391682,0.0,0.048097148538583524,0.35638516639819035,0.0,21.891290613391682,0.021372999280254996,14.53631363311282,14.667142786842527,1.2539233289063303,0.40610968569595896,0.0,0.006922099477688802,0.011641700122552733,0.0,0.002884464388590454,32.1279657233809,1.0,-0.2033898305084746,0.2700700326618489,0.4577315529250378,0.8271777871943515,-0.007022665851300969,-0.2116308470290771,0.0,0.12165721854226183,0.3143773106836251,0.46974312730907736,Banks—Regional,Financial Services,GABC
2019Q4,2019,Q4,2020-03-02,2019-12-31,15820000.0,50693000.0,0.0,0.59,50693000.0,1.0,4397672000.0,573820000.0,3313747000.0,168145000.0,3823852000.0,0.0,253090000.0,949750486.0999999,1193744486.1,21.520882272913006,19.707674923429185,0.06957090023994514,0.5331811369418982,0.0,21.520882272913006,0.027569621135547732,18.735337938176865,15.008699211441211,1.655136603987313,0.286409608091024,0.0,0.004770726697499081,0.011527235319050625,5.715251717267834,0.00359735787480285,60.54765307280377,1.0,0.20408163265306117,0.5381584931535509,0.5223803621000355,0.8637574612802402,0.0011652249476636252,0.21096142069810164,0.0,0.34920120129562954,0.3088582420552149,0.4914013053693186,Banks—Regional,Financial Services,GABC
2019Q3,2019,Q3,2019-11-08,2019-09-30,13064000.0,50634000.0,0.0,0.49,50634000.0,1.0,4355882000.0,562927000.0,3273512000.0,0.0,3792955000.0,0.0,241801000.0,853910201.1999999,1103821201.1999998,21.12846330286937,0.0,0.07270330096177996,0.5625720564122879,0.0,21.12846330286937,0.023207271990862047,16.864363889876365,16.340902503061848,1.5169110758588589,0.3469075321494183,0.0,0.005307349641251716,0.011624281833162607,0.0,0.0029991629708977425,28.031980867966645,1.0,-0.19672131147540983,0.2605420836913734,0.49273356586300454,0.900769565735055,0.1468629671574179,-0.14452229716456028,0.0,0.10182988037822732,0.3202777833898459,0.41810559449225865,Banks—Regional,Financial Services,GABC
2019Q2,2019,Q2,2019-08-09,2019-06-30,15271000.0,44150000.0,0.0,0.61,44150000.0,1.0,3970739000.0,499411000.0,2926972000.0,0.0,3471328000.0,0.0,233269000.0,770510697.54,1027566697.54,19.982644211374748,0.0,0.07704862999053828,0.6126016447375008,0.0,19.982644211374748,0.030578020908630366,17.452110929558323,12.613952877021806,1.5428388592562037,0.27817431733350795,0.0,0.0055132265049175014,0.011118837072897514,0.0,0.003845883600004936,-192.29116484651857,1.0,0.016666666666666684,0.8106312599034896,0.46935967612860025,0.8473653348605388,-0.02428782956529426,0.013539523461870312,0.0,0.42856774109108525,0.2352791307601244,0.37588840139952057,Banks—Regional,Financial Services,GABC
2019Q1,2019,Q1,2019-05-10,2019-03-31,15067000.0,45249000.0,0.0,0.6,45249000.0,1.0,3895524000.0,479187000.0,2868054000.0,0.0,3416337000.0,0.0,222246000.0,750903920.41,1023095920.41,19.189076922294504,0.0,0.08149866359442273,0.6625388418300162,0.0,19.189076922294504,0.03144283964297863,16.594928515768302,12.4594132941196,1.5670373370103947,0.2817415543903896,0.0,0.00565318662563673,0.011615638871689662,0.0,0.003867772345902631,54.75455158305381,1.0,0.3636363636363636,0.8917801576803196,0.46345632679186954,0.8348788022601757,0.059298623466616726,0.37222222222222223,0.0,1.448995767408071,0.35165692043732805,0.2461453540123096,Banks—Regional,Financial Services,GABC
2018Q4,2018,Q4,2019-03-01,2018-12-31,10980000.0,42716000.0,0.0,0.44,42716000.0,1.0,3929090000.0,458640000.0,2921856000.0,0.0,3470450000.0,0.0,211424000.0,693219122.06,1004829122.06,18.37288152431783,0.0,0.09580055432682885,0.8207068724925868,0.0,18.37288152431783,0.023940345368916798,16.228558902050754,15.783677642531877,1.5114667758154543,0.34098360655737703,0.0,0.005400889676664093,0.010871728568192634,0.0,0.0027945402116011596,39.88832050520743,1.0,-0.20000000000000007,0.31824650352303047,0.37704303442749576,0.813197647292322,0.13875929727279998,-0.13126038452409208,0.0,0.13578564730067744,0.3176180255756325,0.4498835376005759,Banks—Regional,Financial Services,GABC
2018Q3,2018,Q3,2018-11-09,2018-09-30,12639000.0,37511000.0,0.0,0.55,37511000.0,1.0,3363769000.0,376123000.0,2488974000.0,0.0,2987646000.0,0.0,204188000.0,790100816.8,1066159816.8,16.37592434393747,0.0,0.09722397703290565,0.8695001369232938,0.0,16.37592434393747,0.03360336911063668,21.063176582869023,15.628230413798558,2.100644780563805,0.27256903236015506,0.0,0.00436020306111396,0.011151479188969278,0.0,0.003757392377419496,78.94692414068744,1.0,0.14583333333333348,0.6127613641131862,0.3708576986662369,0.6805677041095284,0.03191108910346346,0.13895647472289807,0.0,0.41821747180479035,0.2210108530643819,0.31740144408046966,Banks—Regional,Financial Services,GABC
2018Q2,2018,Q2,2018-08-09,2018-06-30,11097000.0,36351000.0,0.0,0.48,36351000.0,1.0,3344544000.0,370540000.0,2472091000.0,0.0,2974004000.0,0.0,194994000.0,823409181.3000001,1117968181.3000002,16.132755501981915,0.0,0.10608411789469656,0.9575295514654288,0.0,16.132755501981915,0.029948183731850812,22.651623925063962,18.550265416328738,2.2221870278512443,0.31044426421555377,0.0,0.004183825099643688,0.010868746232670283,0.0,0.0033179411004908292,76.17810910352485,1.0,-0.058823529411764754,0.40531731324892645,0.3175819854067009,0.6854291818628039,0.03558201811862572,-0.060611191060695846,0.0,0.3115233228680561,0.2675648263042501,0.35323492756326924,Banks—Regional,Financial Services,GABC
2018Q1,2018,Q1,2018-05-10,2018-03-31,11813000.0,35102000.0,0.0,0.51,35102000.0,1.0,3125018000.0,364005000.0,2273083000.0,0.0,2761013000.0,0.0,187342000.0,765062406.7,1007512406.7,15.867420283219099,0.0,0.08783085409428042,0.7540363456545927,0.0,15.867420283219099,0.03245285092237744,21.795407859951002,16.191111629137392,2.1017909278718703,0.2912046050960806,0.0,0.004496365224423986,0.01123257530036627,0.0,0.003780138226403816,85.49138526092301,1.0,0.0,0.680967901718949,0.31084978960374643,0.6108643502370421,0.0621520213023481,0.01652181395749075,0.0,0.3978160129914125,0.18119154057910591,0.3243896119966193,Banks—Regional,Financial Services,GABC
2017Q4,2017,Q4,2018-03-01,2017-12-31,11621000.0,33048000.0,0.0,0.51,33048000.0,1.0,3144360000.0,364571000.0,2292960000.0,0.0,2779789000.0,0.0,178969000.0,810140429.78,1027123429.78,15.898840443622527,0.0,0.08752687351321095,0.7549037087426044,0.0,15.898840443622527,0.03187582117063617,24.51405318869523,17.428371693055677,2.222174637532881,0.2564323207985543,0.0,0.0036783746255068923,0.0105102469182918,0.0,0.003695823633426198,113.2905089889526,1.0,0.21428571428571436,0.550254938618103,0.20758531367776642,0.6280966503590424,-0.004338394793926247,0.20300207039337473,0.0,0.3138235754616429,0.15403585565465278,0.3768758235251794,Banks—Regional,Financial Services,GABC
2017Q3,2017,Q3,2017-11-07,2017-09-30,9660000.0,33192000.0,0.0,0.42,33192000.0,1.0,3072889000.0,360625000.0,2223446000.0,0.0,2712264000.0,0.0,169859000.0,872022727.9200001,1089159727.92,15.727306537884393,0.0,0.08524258442137025,0.7263528596187175,0.0,15.727306537884393,0.02678682842287695,26.27207543745481,22.56787598136646,2.4180872871265167,0.30869565217391304,0.0,0.0034196356408196403,0.010801561657450042,0.0,0.0031436215235890394,76.83019629251102,1.0,-0.023255813953488393,0.2683066669450778,0.2159157380978754,0.6282241010689692,0.017847286108555658,-0.01819290578310804,0.0,0.083031262814697,0.13698876223812947,0.414867952755316,Banks—Regional,Financial Services,GABC
2017Q2,2017,Q2,2017-08-04,2017-06-30,9839000.0,32610000.0,0.0,0.43,32610000.0,1.0,3004803000.0,354954000.0,2158369000.0,0.0,2649849000.0,0.0,163181000.0,781664132.34,1008300132.34,15.480282847028095,0.0,0.08768262012517959,0.7422623776602039,0.0,15.480282847028095,0.0277190847264716,23.97007458877645,19.861371387844294,2.2021561451342992,0.3028763085679439,0.0,0.0038123790982695248,0.010852624947459118,0.0,0.003274424313341008,156.89765803693297,1.0,0.023809523809523832,0.3621274932880071,0.2540040025538602,0.6552124873121516,-0.009206088779509616,0.02961490163248221,0.0,0.2715266365453253,0.18293307010466145,0.43112881373112677,Banks—Regional,Financial Services,GABC
2017Q1,2017,Q1,2017-05-09,2017-03-31,9556000.0,32913000.0,0.0,0.42,32913000.0,1.0,2933144000.0,341216000.0,2100225000.0,0.0,2591928000.0,0.0,156322000.0,722996930.88,934203930.88,14.89463716933448,0.0,0.08228644757979833,0.7073466660414518,0.0,14.89463716933448,0.028005720716496294,21.966910669948046,18.914737622436164,2.1188834371190097,0.3034742570113018,0.0,0.004011082033875645,0.011221065177843298,0.0,0.003257937557787821,35.77598747488743,1.0,-0.0454545454545455,0.4073767213849671,0.26814022813422705,0.6358215984325963,-0.010016242555495398,-0.050571286636860405,0.0,0.30789085536232225,0.16035194618260137,0.4242401612146136,Banks—Regional,Financial Services,GABC
2016Q4,2016,Q4,2017-03-09,2016-12-31,10065000.0,33246000.0,0.0,0.44,33246000.0,1.0,2955994000.0,330267000.0,2141085000.0,109562000.0,2625727000.0,0.0,149666000.0,802742503.6611,966335503.6611,14.42997414272998,19.54222266844344,0.07173898187885361,0.642086554212198,0.0,14.42997414272998,0.030475342677288377,24.145536415240933,19.93895935571535,2.430586475975802,0.2728266269249876,0.0,0.003420773146402747,0.011246978173839324,7.157317318048229,0.0034049460181583588,119.17198688555523,1.0,-0.014926108264098263,0.49060826790233136,0.19059427071282184,0.6263126685693182,0.009167071393880524,-0.011782032400589101,0.0,0.3179626193815613,0.16893768795525782,0.42407684561926684,Banks—Regional,Financial Services,GABC
2016Q3,2016,Q3,2016-11-09,2016-09-30,10185000.0,32944000.0,0.0,0.446667,32944000.0,1.0,2979540000.0,340991000.0,2141788000.0,0.0,2638549000.0,0.0,142347000.0,593985936.1293,834022936.1293,14.899076193570936,0.0,0.093675533807232,0.8185260021525494,0.0,14.899076193570936,0.029868823517336236,18.03017047502732,14.57991988535346,1.7419402158100945,0.26971035837015217,0.0,0.004624688621250501,0.011056740302194298,0.0,0.003418312893936648,201.96733632414146,1.0,0.04687496337893477,0.6269620193642482,0.3096072425082758,0.6848416070744483,0.006661370164395282,0.04055986922762567,0.0,0.3042442269912635,0.20823261628490708,0.5290072026530882,Banks—Regional,Financial Services,GABC
2016Q2,2016,Q2,2016-08-05,2016-06-30,9788000.0,32726000.0,0.0,0.426667,32726000.0,1.0,2915811000.0,332355000.0,2091178000.0,0.0,2583456000.0,0.0,134909000.0,487734153.9724,728177153.9724,14.523448406897597,0.0,0.09541564936822036,0.8370988852281446,0.0,14.523448406897597,0.029450437032690947,14.903567621230826,12.457451828064979,1.4675096026008336,0.2805476093175317,0.0,0.00563011627878615,0.01122363555113826,0.0,0.0033568705241869244,29.992261343770753,1.0,0.729728743609806,0.6609825602432586,0.3096118337889487,0.7136482443820239,0.16874397342952038,0.9020598523124758,0.0,0.24410445745987638,0.1905517740519397,0.5173008580745488,Banks—Regional,Financial Services,GABC
2016Q1,2016,Q1,2016-05-10,2016-03-31,5146000.0,28001000.0,0.0,0.246667,28001000.0,1.0,2866727000.0,321638000.0,2046140000.0,0.0,2545089000.0,0.0,127867000.0,448381059.4428,690353059.4428,15.398746912236172,0.0,0.09721818645444788,0.866495874243715,0.0,15.398746912236172,0.015999353310243193,16.013037371622442,21.78298967366887,1.3940549917696292,0.46463272444617176,0.0,0.005332517843129411,0.009767585124080528,0.0,0.0017950784989292667,41.74870199653631,1.0,-0.3620686533890919,-0.0018188484997305478,0.19449508300684965,0.9149442858755252,0.08270822055525481,-0.33272821576763484,0.0,-0.19575559031031547,0.14845414796566797,0.5632845161022995,Banks—Regional,Financial Services,GABC
2015Q4,2015,Q4,2016-03-09,2015-12-31,7712000.0,25862000.0,0.0,0.386667,25862000.0,1.0,2373701000.0,252348000.0,1676129000.0,125654000.0,2121353000.0,0.0,125112000.0,442352812.8976,605896812.8975999,12.67197057408022,13.339241090613909,0.0840906247248495,0.7909949751929874,0.0,12.67197057408022,0.030560971357014917,17.104354376985537,14.33975664216805,1.7529475680314486,0.2925311203319502,0.0,0.00510000147896028,0.010895222271044247,5.53806484473236,0.0032489348911257146,319.15787366349207,1.0,0.0,1.0465940908639626,0.2899710046406457,0.7368126712307721,-0.02832882476705741,-0.001165652117601347,0.0,0.1846432946065283,0.0881673860122846,0.2976539338366724,Banks—Regional,Financial Services,GABC
2015Q3,2015,Q3,2015-11-09,2015-09-30,7721000.0,26616000.0,0.0,0.386667,26616000.0,1.0,2313210000.0,247352000.0,1628087000.0,0.0,2065858000.0,0.0,119656000.0,388292015.0587,587266015.0587001,12.430473958807346,0.0,0.10335075501143433,0.9665254374332934,0.0,12.430473958807346,0.03121462531129726,14.588669035869403,12.572594711135217,1.5697953323955336,0.2920606139101153,0.0,0.005807484863316338,0.011506088941341253,0.0,0.0033377860202921483,29.854837387259728,1.0,0.054545404958722656,0.7983505685876013,0.3175832257022974,0.6851471927969238,0.07205864582913764,0.054061433447098975,0.0,0.16813878043913758,0.12353494959019432,0.2869080435792734,Banks—Regional,Financial Services,GABC
2015Q2,2015,Q2,2015-08-07,2015-06-30,7325000.0,24827000.0,0.0,0.366667,24827000.0,1.0,2259686000.0,237050000.0,1579925000.0,0.0,2022636000.0,0.0,114190000.0,390389302.89869994,598823302.8987,11.921622161372747,0.0,0.10624130963328533,1.0127483653237714,0.0,11.921622161372747,0.030900653870491457,15.724384859173478,13.323866993129691,1.6468648086846656,0.3075767918088737,0.0,0.00577116223029456,0.01098692473202029,0.0,0.003241600824185307,69.89960660675021,1.0,0.0,0.8002745349658155,0.3240041506510125,0.6524243211542343,-0.03363045424467712,0.0026006022447303584,0.0,0.16939976992643585,0.10093313980704817,0.2747065454498308,Banks—Regional,Financial Services,GABC
2015Q1,2015,Q1,2015-05-11,2015-03-31,7306000.0,25691000.0,0.0,0.366667,25691000.0,1.0,2240223000.0,237608000.0,1558815000.0,0.0,2002615000.0,0.0,109118000.0,389107410.84000003,533555410.84000003,11.980930792184138,0.0,0.07982464245746963,0.7526051311403656,0.0,11.980930792184138,0.030748122958822937,15.145670111712274,13.314652711470027,1.6376023149052221,0.3074185600875992,0.0,0.0057721851021839046,0.011468054742764447,0.0,0.0032612824705397633,40.21366379082266,1.0,-0.051724093341298745,0.8836016544945839,0.3269127738831611,0.7131610741743728,0.03810408921933085,-0.04421768707482993,0.0,0.24291906599931912,0.1434305165997173,0.31582026043113565,Banks—Regional,Financial Services,GABC
2014Q4,2014,Q4,2015-03-09,2014-12-31,7644000.0,24748000.0,0.0,0.386667,24748000.0,1.0,2237099000.0,228824000.0,1543380000.0,111550000.0,2008275000.0,0.0,104058000.0,403204042.956,523314042.956,11.547040170200054,13.835768713581354,0.06870102753610814,0.6716559451805755,0.0,11.547040170200054,0.03340558682655666,16.29238899935348,13.186945413265304,1.7620705999195887,0.2765567765567766,0.0,0.0052430029830596026,0.011062541264378554,6.155150156880323,0.0034169252232467136,34.82501666574537,1.0,0.0,0.929672861302161,0.38217288421920736,0.6894686816365562,-0.019026478515934676,-0.008303061754021795,0.0,0.3074923518393604,0.02360695326927608,0.3013951049064306,Banks—Regional,Financial Services,GABC
2014Q3,2014,Q3,2014-11-07,2014-09-30,7708000.0,25228000.0,0.0,0.386667,25228000.0,1.0,2205921000.0,220265000.0,1566786000.0,0.0,1985656000.0,0.0,98528000.0,340960946.8664,511519946.8664,11.115741583698332,0.0,0.09433066732670843,0.9447075114067146,0.0,11.115741583698332,0.034994211517944296,13.5151794381798,11.058671084146342,1.5479579001039658,0.2742605085625324,0.0,0.006200123560861462,0.011436492965976569,0.0,0.0034942321143866893,33.070896883258975,1.0,0.13725588235294103,1.0252126566142072,0.3613549902196464,0.64313616062365,0.058976619233513834,0.15268431284582024,0.0,0.4221146523934153,0.158308077738233,0.2570083990700013,Banks—Regional,Financial Services,GABC
2014Q2,2014,Q2,2014-08-08,2014-06-30,6687000.0,23823000.0,0.0,0.34,23823000.0,1.0,2193573000.0,214338000.0,1514327000.0,0.0,1979235000.0,0.0,92934000.0,357730201.4925,542785201.4925001,10.816834025351719,0.0,0.10282128746114216,1.0522912409372114,0.0,10.816834025351719,0.031198387593427204,15.016169310855057,13.374091576659938,1.6690003708745065,0.3161357858531479,0.0,0.005909481478444087,0.010860363434451464,0.0,0.003048451088703225,129.5654478422673,1.0,0.06250000000000006,1.0279348527846957,0.3367052020439415,0.6525797582806409,-0.026718960656943253,0.0605868358445678,0.0,0.3104965967531545,0.10098037530083868,0.27629803322138874,Banks—Regional,Financial Services,GABC
2014Q1,2014,Q1,2014-05-09,2014-03-31,6305000.0,24477000.0,0.0,0.32,24477000.0,1.0,2146390000.0,206741000.0,1469537000.0,0.0,1939649000.0,0.0,88361000.0,380746741.32000005,496478741.32000005,10.457953352917746,0.0,0.07453957575277559,0.7738716558399157,0.0,10.457953352917746,0.030497095399557902,15.555286240960903,15.097015912767645,1.8416605381612745,0.33433782712133225,0.0,0.005536488618896211,0.011403798936819497,0.0,0.002937490390842298,43.63359400870961,1.0,-0.03999903999903995,0.7947440805835707,0.37711261283827807,0.6023223500716134,-0.0025265903256041404,-0.043102139930186675,0.0,0.29219106417108454,0.10324272464892442,0.3005212780794018,Banks—Regional,Financial Services,GABC
2013Q4,2013,Q4,2014-03-13,2013-12-31,6589000.0,24539000.0,0.0,0.333333,24539000.0,1.0,2163827000.0,200097000.0,1493233000.0,48804000.0,1963730000.0,0.0,84164000.0,374198137.2169,461965137.2169,10.13286199204723,30.596528973034996,0.057877547511885195,0.6258814474979635,0.0,10.13286199204723,0.03292902942073095,15.249119247601776,14.197834922480649,1.8700836954921862,0.2997419942328123,0.0,0.005277952516517238,0.011340555414088094,13.487193672649783,0.003045067835829759,67.70366151925094,1.0,-0.019608823529411862,0.646356787292678,0.40159959601331685,0.5939334704702645,0.08406962360841139,0.01635045503624865,0.0,0.7633213424359044,0.2343035080897574,0.38880397494118285,Banks—Regional,Financial Services,GABC
2013Q3,2013,Q3,2013-11-12,2013-09-30,6483000.0,22636000.0,0.0,0.34,22636000.0,1.0,2060122000.0,185143000.0,1394010000.0,0.0,1874979000.0,0.0,79550000.0,319455558.26100004,464352558.26100004,9.74428123537842,0.0,0.09298187194738952,1.0346272880962284,0.0,9.74428123537842,0.035016176685048854,14.112721252032163,12.31897108826932,1.7254530728193884,0.29307419404596635,0.0,0.0059476191628748286,0.01098769878677088,0.0,0.0031469010087752085,17.640706734827987,1.0,-0.01923171227719967,0.7008175814797736,0.33446797926219873,0.5958225613056669,-0.008150030672158444,-0.007501530924678506,0.0,0.5814194545784149,0.17355975019386247,0.3209913173091246,Banks—Regional,Financial Services,GABC
2013Q2,2013,Q2,2013-08-06,2013-06-30,6532000.0,22822000.0,0.0,0.346667,22822000.0,1.0,2010612000.0,181861000.0,1340231000.0,0.0,1828751000.0,0.0,74967000.0,289804646.2576,435801646.2576,9.57189757694319,0.0,0.08735648648272268,0.9657925558530966,0.0,9.57189757694319,0.03591754141899583,12.698477182438,11.091727122535211,1.5935502733274314,0.29072259644825477,0.0,0.0065526899741697965,0.011350772799525717,0.0,0.003248762068464726,22.36492099533879,1.0,0.13043464083191206,0.8283152724169415,0.3650762416750461,0.6125579076392054,0.031036819516602667,0.12446204165949389,0.0,0.6801202247444912,0.2737431976409607,0.32673524975370793,Banks—Regional,Financial Services,GABC
2013Q1,2013,Q1,2013-05-10,2013-03-31,5809000.0,22135000.0,0.0,0.306667,22135000.0,1.0,1979022000.0,186788000.0,1290156000.0,0.0,1792234000.0,0.0,70334000.0,280775942.91209996,370250942.91209996,9.850252307641034,0.0,0.05771689248527808,0.6115114461314431,0.0,9.850252307641034,0.031099428228794142,12.684704897768238,12.083660824242555,1.503179770178491,0.3263900843518678,0.0,0.006752715280146219,0.011184817551295538,0.0,0.002935288238331863,-4528.644240517741,1.0,-0.061224427322012824,0.7018734374135704,0.29262054555656514,0.6615093092341076,-0.021138283288373944,-0.06215692605747498,0.0,0.5663169725354235,0.19566570939522573,0.4084939740454475,Banks—Regional,Financial Services,GABC
2012Q4,2012,Q4,2013-03-18,2012-12-31,6194000.0,22613000.0,0.0,0.326667,22613000.0,1.0,2006300000.0,185026000.0,1360241000.0,67837000.0,1821274000.0,0.0,66421000.0,274357005.36,367998005.36,9.765292766935165,20.051609003935905,0.06876937646413797,0.7456897949477371,0.0,9.765292766935165,0.033476376293061515,12.132711509308805,11.073498763319341,1.4828024459265183,0.2855989667420084,0.0,0.00644780328345832,0.011270996361461397,10.233132361395699,0.003087275083487016,24.67905058558964,1.0,-0.019998019998020013,0.926866754860331,0.427598481448891,0.6446952714157903,0.0027493237550441224,-0.015575333757151939,0.0,0.6353759855570756,0.32088147233645853,0.42877794253513174,Banks—Regional,Financial Services,GABC
2012Q3,2012,Q3,2012-11-09,2012-09-30,6292000.0,22551000.0,0.0,0.333333,22551000.0,1.0,1962298000.0,182969000.0,1290884000.0,0.0,1779329000.0,0.0,61996000.0,301564631.84,405963631.84,9.65917807478653,0.0,0.07189224062807993,0.7710267859582771,0.0,9.65917807478653,0.034388339008247296,13.372561387078177,11.982065791481245,1.6481733618263203,0.2809917355371901,0.0,0.005862756481794726,0.01149213829907588,0.0,0.0032064446888291176,-40.85688007587048,1.0,0.06382985513814382,1.1662810574420368,0.4227968324546833,0.6684678608769855,0.04976259193743599,0.054466230936819175,0.0,0.7293677295289127,0.2729873269984293,0.4278259940714007,Banks—Regional,Financial Services,GABC
2012Q2,2012,Q2,2012-08-03,2012-06-30,5967000.0,21482000.0,0.0,0.313333,21482000.0,1.0,1943812000.0,177150000.0,1240812000.0,0.0,1766662000.0,0.0,57472000.0,258868782.05240002,366745782.0524,9.352444453923887,0.0,0.073634693067025,0.8079706463449055,0.0,9.352444453923887,0.03368331922099915,12.050497255953823,10.845851435076252,1.4612971044448209,0.2962962962962963,0.0,0.0068297149852627765,0.011051480287188267,0.0,0.003069741312431449,16.818398002364866,1.0,0.06818189566124494,0.9688835752386339,0.3700622431949089,0.6702779836881875,0.00322234156820623,0.06515530167797215,0.0,0.8930483344624424,0.26094716225660264,0.42885250515768203,Banks—Regional,Financial Services,GABC
2012Q1,2012,Q1,2012-05-09,2012-03-31,5602000.0,21413000.0,0.0,0.293333,21413000.0,1.0,1910530000.0,172096000.0,1264861000.0,0.0,1738434000.0,0.0,53273000.0,244825815.5516,328653815.5516,9.105294357041227,0.0,0.060281701936111966,0.6692195053923392,0.0,9.105294357041227,0.0325515991074749,11.433513078578434,10.925821829328811,1.422611888432038,0.314709032488397,0.0,0.0072010379952290055,0.01120788472308731,0.0,0.0029321706542163694,12.716902947828798,1.0,-0.005716347286380811,2.4199065193765312,0.45530915990709386,0.6779188577547459,-0.07089859851607584,0.005203660506011125,0.0,0.6678756547862735,0.26006199075514924,0.3950737931143695,Banks—Regional,Financial Services,GABC
2011Q4,2011,Q4,2012-03-12,2011-12-31,5573000.0,23047000.0,0.0,0.2950194335383365,23047000.0,1.0,1873767000.0,167610000.0,1295316000.0,0.0,1706157000.0,0.0,49434000.0,229076770.6027,325717770.6027,8.872816661647331,0.0,0.0699089054295438,0.7815345146470974,0.0,8.872816661647331,0.03324980609748822,9.939548340465135,10.276187448533104,1.3667249603406717,0.31634667145164186,0.0,0.007696109890852549,0.012299821696080676,0.0,0.002974222515392789,-173.67457968362396,1.0,0.07934070726306919,0.9835761093356896,0.5451582953001024,0.5742140545910646,0.11000337138178491,0.07857557576930521,0.0,0.4556719901133966,0.3761048843464637,0.3957240773086408,Banks—Regional,Financial Services,GABC
2011Q3,2011,Q3,2011-11-09,2011-09-30,5167000.0,20763000.0,0.0,0.273333,20763000.0,1.0,1871083000.0,167047000.0,1225801000.0,0.0,1704036000.0,0.0,45624000.0,203008182.82270002,295077182.8227,8.843012975826035,0.0,0.0702267082753678,0.7866049674642466,0.0,8.843012975826035,0.030931414512083425,9.77740128221837,9.822342888653958,1.2152758374750818,0.34120379330365785,0.0,0.00868437900131218,0.011096781917210514,0.0,0.0027615022957292647,80.81535940394109,1.0,0.051280769230769165,0.6411613993460447,0.3398563110109566,0.5927509224333898,0.006642102201105401,0.06229440789473684,0.0,0.3634500900500759,0.23116892271020753,0.44822170828836044,Banks—Regional,Financial Services,GABC
2011Q2,2011,Q2,2011-08-05,2011-06-30,4864000.0,20626000.0,0.0,0.26,20626000.0,1.0,1817672000.0,160083000.0,1270436000.0,0.0,1657589000.0,0.0,42220000.0,208780102.30380002,291572102.3038,8.475163123185204,0.0,0.06560974697305125,0.7449697969178488,0.0,8.475163123185204,0.03038423817644597,10.122180854445846,10.73088519242393,1.3041990861228236,0.36245888157894735,0.0,0.008444291292829354,0.011347481833906227,0.0,0.0026759503364743474,64.00371008700185,1.0,0.05405262965860862,0.6794220148419564,0.4033496157024676,0.5498910623027099,-0.023436390322427916,0.04714747039827772,0.0,0.36943953205791463,0.2409737750615727,0.42779330879436545,Banks—Regional,Financial Services,GABC
2011Q1,2011,Q1,2011-05-10,2011-03-31,4645000.0,21121000.0,0.0,0.246667,21121000.0,1.0,1761639000.0,151334000.0,1228685000.0,0.0,1610305000.0,0.0,39119000.0,215671068.9,290443068.9,8.0413550544609,0.0,0.06286759091959249,0.7318249699340531,0.0,8.0413550544609,0.03069369738459302,10.211214852516454,11.60770015608181,1.425132943687473,0.3784714747039828,0.0,0.008151301929213,0.011989403050227658,0.0,0.0026367490728804255,11.852663711804793,1.0,0.3035612983689721,0.6096885619063681,0.49239554791759105,0.5297323763114791,0.25945140131186645,0.47366751269035534,0.0,0.37121623262675063,0.24279743668192996,0.35639025931135837,Banks—Regional,Financial Services,GABC
2010Q4,2010,Q4,2011-03-11,2010-12-31,3152000.0,16770000.0,0.0,0.18922547049274324,16770000.0,1.0,1375888000.0,121534000.0,989104000.0,0.0,1254354000.0,0.0,36232000.0,204497620.2159,343193620.2159,7.29610670395465,0.0,0.11172202970009187,1.2648065561900375,0.0,7.29610670395465,0.025935129264238813,12.19425284531306,16.219671654179887,1.6826371238986622,0.49333756345177665,0.0,0.007604000468847982,0.012188492086565186,0.0,0.0022908841417324665,30.59967383149783,1.0,-0.11300422113436155,0.2543848288431322,0.37890314258996566,0.4294370286229889,-0.00827912477823773,-0.1229827490261547,0.0,0.11534074633329928,0.20426436117151667,0.22882871841490302,Banks—Regional,Financial Services,GABC
2010Q3,2010,Q3,2010-11-08,2010-09-30,3594000.0,16910000.0,0.0,0.213333,16910000.0,1.0,1355984000.0,122873000.0,1013897000.0,0.0,1233111000.0,0.0,34635000.0,190560392.88,308530392.88,7.376491508837196,0.0,0.101161223141276,1.116380327655384,0.0,7.376491508837196,0.029249713118423087,11.269094788882319,13.255453038397327,1.550872794511406,0.4323873121869783,0.0,0.008154895025739097,0.01247064862122267,0.0,0.0026504737519026773,129.72116601769912,1.0,0.03225478668582795,0.4071320992279542,0.4264205852218256,0.408256662128238,0.07665860180822616,0.05457746478873239,0.0,0.4071321558377673,0.21325312606116112,0.27417042249724144,Banks—Regional,Financial Services,GABC
2010Q2,2010,Q2,2010-08-06,2010-06-30,3408000.0,15706000.0,0.0,0.206667,15706000.0,1.0,1340928000.0,120157000.0,1001414000.0,0.0,1220771000.0,0.0,32595000.0,169877348.39999998,310628348.4,7.21462520779492,0.0,0.11772518733295151,1.3137894587914145,0.0,7.21462520779492,0.028362891883119586,10.816079740226664,12.461659947183099,1.4137948550646238,0.45598591549295775,0.0,0.009147776408311305,0.011712783982436045,0.0,0.002541523482245132,-142.994401010101,1.0,0.06896908442945583,0.3951884341727494,0.3426126145174883,0.41537155090113176,-0.032166625585407935,0.048292832974469395,0.0,0.2789227171619779,0.13923126780985157,0.2884791462285373,Banks—Regional,Financial Services,GABC
2010Q1,2010,Q1,2010-05-06,2010-03-31,3251000.0,16228000.0,0.0,0.193333,16228000.0,1.0,1254012000.0,116249000.0,958002000.0,0.0,1137763000.0,0.0,30741000.0,167666372.484,303833372.48399997,6.993464288206602,0.0,0.12092946478981062,1.3045015440993042,0.0,6.993464288206602,0.02796583196414593,10.331918442445156,12.89344605382959,1.442303783120715,0.4770839741617964,0.0,0.009250513248552618,0.012940864999696973,0.0,0.002592479178827635,20.23001598503861,1.0,-0.032836502415236356,0.33348665548789685,0.37873542226277845,0.38319673957248385,0.08107387915528612,-0.021077988557663355,0.0,1.2566698254515059,0.25407256398256167,0.2887519227911433,Banks—Regional,Financial Services,GABC
2009Q4,2009,Q4,2010-03-10,2009-12-31,3321000.0,15011000.0,0.0,0.19989691555026456,15011000.0,1.0,1242965000.0,113549000.0,954825000.0,0.0,1129416000.0,0.0,29041000.0,179979712.0479,312048712.04789996,6.834716911718456,0.0,0.1191674745467491,1.3044676747483466,0.0,6.834716911718456,0.029247285312948595,11.989854909592964,13.548608254132791,1.5850400448079682,0.4673291177356218,0.0,0.008623194149721437,0.012076768050588714,0.0,0.0026718370991942655,-557.212730798452,1.0,0.033951345865757834,4.592970694152481,0.8787485242979057,0.32333855991871513,-0.03385466949861621,0.040739580068943904,0.0,0.3440156848646171,0.14431037754322273,0.21261464446633244,Banks—Regional,Financial Services,GABC
2009Q3,2009,Q3,2009-11-06,2009-09-30,3191000.0,15537000.0,0.0,0.193333,15537000.0,1.0,1233815000.0,112390000.0,992571000.0,0.0,1121425000.0,0.0,27272000.0,171784241.42,299846241.41999996,6.764954633753157,0.0,0.11930394751239043,1.309716166918765,0.0,6.764954633753157,0.02839220571225198,11.056461441719765,13.458495880601692,1.5284655344781564,0.4857411469758696,0.0,0.009022946384298212,0.012592649627375255,0.0,0.002586287247277752,22.318337198908665,1.0,0.15999568000863995,0.30958170633344456,0.3731746564760089,0.30925220494111705,0.0400294531093112,0.1544862518089725,0.0,0.15243190157343128,0.14001593941499474,0.21846340863520922,Banks—Regional,Financial Services,GABC
2009Q2,2009,Q2,2009-08-06,2009-06-30,2764000.0,14939000.0,0.0,0.166667,14939000.0,1.0,1224492000.0,108717000.0,987337000.0,0.0,1115775000.0,0.0,25631000.0,159563646.0607,264148646.0607,6.545423282084522,0.0,0.12072924935401783,1.3597873377668626,0.0,6.545423282084522,0.02542380676435148,10.681012521634647,14.432312415041606,1.4676972880110746,0.5607814761215629,0.0,0.009713992117041251,0.012200161373042862,0.0,0.0022572626035939802,36.084044789846224,1.0,-0.07407222222222214,0.18863984386991062,0.2913068578518476,0.3539820625554025,0.0036278132348001343,-0.060503059143439834,0.0,0.08527985104676096,0.15587220294486423,0.19699088931260705,Banks—Regional,Financial Services,GABC
2009Q1,2009,Q1,2009-05-08,2009-03-31,2942000.0,14885000.0,0.0,0.18,14885000.0,1.0,1204303000.0,108053000.0,968214000.0,0.0,1096250000.0,0.0,24417000.0,131892008.74710001,243478008.7471,6.526747475281952,0.0,0.1079761488595478,1.2034464568313699,0.0,6.526747475281952,0.02722737915652504,8.860732868464899,11.207682592377635,1.2206232936346053,0.5248130523453433,0.0,0.011706547005138013,0.012359846317745617,0.0,0.0024429068099971517,-32.907187811152696,1.0,-0.11185186996719354,0.4808852650826275,0.4018391622785588,0.2612671993620776,0.0147941096263976,-0.12257679689830003,0.0,0.15895363483660635,0.19559904919110793,0.24160379156611644,Banks—Regional,Financial Services,GABC
2008Q4,2008,Q4,2009-03-03,2008-12-31,3353000.0,14668000.0,0.0,0.20266889487607337,14668000.0,1.0,1190828000.0,105174000.0,976536000.0,0.0,1085654000.0,0.0,23019000.0,125625271.28580001,240088271.2858,6.357142364955604,0.0,0.11056508580584266,1.2518683324776085,0.0,6.357142364955604,0.031880502785859625,8.564580807594766,9.366632216358486,1.194451777870957,0.46048314941843127,0.0,0.012290520722437838,0.012317479938328626,0.0,0.0028156879079094545,5.112537493317598,1.0,0.013344474380366789,1.1333741721065156,0.342989248093112,0.2348958970493061,-0.006905890318212593,0.010244049412473637,0.0,0.34350194161995495,0.2143161221335103,0.24547721975749512,Banks—Regional,Financial Services,GABC
2008Q3,2008,Q3,2008-11-07,2008-09-30,3319000.0,14770000.0,0.0,0.2,14770000.0,1.0,1178601000.0,101021000.0,991338000.0,0.0,1077580000.0,0.0,21210000.0,128603231.9658,263755231.9658,6.106118231218553,0.0,0.13396645684162833,1.5629720553152315,0.0,6.106118231218553,0.0328545549935162,8.707057005132025,9.686896050451942,1.273034636024193,0.46550165712564023,0.0,0.012013694962276441,0.012531806777696608,0.0,0.002816050554852745,-11.640408396614772,1.0,0.07142665816668191,0.5046034791836138,0.2721337321443522,0.18307368688402575,0.014562439895590053,0.06685953069752491,0.0,0.30835081969507183,0.2544248432171636,0.16572786243357765,Banks—Regional,Financial Services,GABC
2008Q2,2008,Q2,2008-08-07,2008-06-30,3111000.0,14558000.0,0.0,0.186667,14558000.0,1.0,1174980000.0,98204000.0,972035000.0,0.0,1076776000.0,0.0,19436000.0,128052309.24000001,240660309.24,5.935847346379335,0.0,0.11877904304754124,1.4211539244837277,0.0,5.935847346379335,0.03167895401409311,8.796009701882127,10.290285216972036,1.3039418887214371,0.4963034394085503,0.0,0.012057572480838144,0.012389998127627705,0.0,0.0026477046417811368,88.3728842236025,1.0,0.03703888888888893,0.4808263015749422,0.3935521630531041,0.14259965797420732,-0.039139330737245064,0.030132450331125826,0.0,0.28210070820251476,0.25278254254145366,0.16449977962543422,Banks—Regional,Financial Services,GABC
2008Q1,2008,Q1,2008-05-09,2008-03-31,3020000.0,15151000.0,0.0,0.18,15151000.0,1.0,1174960000.0,99467000.0,992538000.0,0.0,1075493000.0,0.0,17869000.0,144288890.79999998,260533890.79999998,5.928496610218588,0.0,0.12294375978756723,1.4522806558959254,0.0,5.928496610218588,0.030361828546150986,9.523390588079993,11.944444602649005,1.4506207164185108,0.5112582781456954,0.0,0.010700754517131544,0.012894907060665895,0.0,0.0025703002655409544,28.634429609049413,1.0,0.0609635891891891,0.34999998211920563,0.6003180207005551,0.29818761622752327,0.10801521135000731,0.08828828828828829,0.0,0.22727268386916252,0.27532141771609525,0.17256295934039081,Banks—Regional,Financial Services,GABC
2007Q4,2007,Q4,2008-03-13,2007-12-31,2775000.0,13674000.0,0.0,0.16965709458282147,13674000.0,1.0,1131710000.0,97116000.0,942478000.0,0.0,1034594000.0,0.0,16681000.0,138920848.3026,257807848.3026,5.937448071173077,0.0,0.12739129282236616,1.4845133654598623,0.0,5.937448071173077,0.028574076362288398,10.159488686748574,12.515391738972971,1.4304630370134683,0.5563963963963964,0.0,0.011114242526340109,0.01208260066624842,0.0,0.0024520416007634467,-1560.908407894382,1.0,0.1064617178482223,0.3875975190349706,0.486901863903615,0.035633609607149716,-0.0008768084173608067,0.10645933014354067,0.0,3.7468824391048496,0.7383067782517878,0.14960927886079486,Banks—Regional,Financial Services,GABC
2007Q3,2007,Q3,2007-11-07,2007-09-30,2508000.0,13686000.0,0.0,0.153333,13686000.0,1.0,1135592000.0,94692000.0,948518000.0,0.0,1040900000.0,0.0,15450000.0,147972547.5774,246110547.5774,5.789250306391542,0.0,0.1049575904021867,1.2587018966755374,0.0,5.789250306391542,0.02648586997845647,10.811964604515563,14.750054583074162,1.5626721114497528,0.6156299840510366,0.0,0.010434367896466606,0.012051863697525167,0.0,0.0022085396867889172,52.790776873849445,1.0,-0.04166875000000004,0.20749998074162718,0.4845857951328591,0.014238433278486493,0.0008775778850372971,-0.0510783200908059,0.0,0.04545452878062952,0.22858998247387272,0.12041974247417132,Banks—Regional,Financial Services,GABC
2007Q2,2007,Q2,2007-08-08,2007-06-30,2643000.0,13674000.0,0.0,0.16,13674000.0,1.0,1121905000.0,92494000.0,922478000.0,0.0,1029411000.0,0.0,14486000.0,149549199.375,227756199.375,5.599334090049187,0.0,0.0925613131236602,1.1227214738253293,0.0,5.599334090049187,0.028574826475230825,10.936755841377797,14.14578125,1.6168529783012953,0.58418463866818,0.0,0.010324361524185524,0.01218819775292917,0.0,0.00235581444061663,46.61758085255611,1.0,0.8461467455894403,0.20272726050420173,0.4178623807034197,-0.03592343907357379,0.029281144147534813,0.7870182555780934,0.0,0.14285715265866208,0.18846404686968316,0.15827465901748772,Banks—Regional,Financial Services,GABC
2007Q1,2007,Q1,2007-05-10,2007-03-31,1479000.0,13285000.0,0.0,0.086667,13285000.0,1.0,1091037000.0,92606000.0,879716000.0,0.0,998431000.0,0.0,13387000.0,151199311.1,233319311.1,5.426540332960552,0.0,0.09476763849438653,1.1165043301729909,0.0,5.426540332960552,0.015970887415502236,11.381205201354911,25.557692883705204,1.6327161425825538,1.0425963488843812,0.0,0.010198459164805019,0.012176488973334542,0.0,0.0013555910569485728,27.753177514684285,1.0,-0.417290621821165,-0.37684785359965023,0.3455169531816365,-0.02953136054584986,0.026423549408946923,-0.3933552091878589,0.0,-0.2777777792554064,0.2137656342739008,0.048656678368399764,Banks—Regional,Financial Services,GABC
