Quarters,Year,Quarter,FillingDate,Date,NetIncome,Revenue,OperatingIncome,EPSDiluted,GrossProfit,GrossProfitRatio,TotalAssets,CommonStockEquity,CurrentAssets,CurrentLiability,TotalLiability,Inventory,RetainedEarnings,MarketCap,EnterpriseValue,bookValuePerShare,currentRatio,debtToAssets,debtToEquity,roic,shareholdersEquityPerShare,roe,priceToSalesRatio,peRatio,pbRatio,payoutRatio,inventoryTurnover,dividendYield,assetTurnover,quickRatio,returnOnAssets,priceToFreeCashFlowsRatio,grossProfitMargin,epsdilutedGrowth,fiveYNetIncomeGrowthPerShare,fiveYRevenueGrowthPerShare,fiveYShareholdersEquityGrowthPerShare,grossProfitGrowth,netIncomeGrowth,operatingIncomeGrowth,threeYNetIncomeGrowthPerShare,threeYRevenueGrowthPerShare,threeYShareholdersEquityGrowthPerShare,Industry,Sector,Symbol
2023Q1,2023,Q1,2023-05-03,2023-03-31,27410000.0,213767000.0,49755000.0,1.74,103616000.0,0.484714666,1758069000.0,-288683000.0,348371000.0,405172000.0,2046752000.0,60815000.0,103931000.0,1035162560.0,2534091560.0,-18.863238369053843,0.8598101546997324,0.9558982042229287,-5.821385395052705,0.02097308574480429,-18.863238369053843,-0.09494843825233908,4.842480644814214,9.441468077344036,-3.5858105950125223,0.5826705581904414,1.8112472251911536,0.015428494631799666,0.12159192841691652,0.6780453733229345,0.01559096941018811,22503.533913043477,0.48471466596808677,1.4166666666666667,0.857124876789803,0.3141603084488543,-0.5396840222391495,0.09554975205912518,1.4147652189234428,0.49801288613235384,0.3045325415424045,0.09801800825062908,-0.2978117397036202,Restaurants,Consumer Cyclical,DIN
2022Q4,2022,Q4,2023-03-01,2022-12-31,11351000.0,207965000.0,33214000.0,0.72,94579000.0,0.4547832568,1881491000.0,-301084000.0,479764000.0,470722000.0,2182575000.0,72227000.0,84538000.0,991222399.9999999,2435591400.0,-19.62226277372263,1.0192087899014706,0.9109923991132565,-5.692843193261681,0.010909367367305266,-19.62226277372263,-0.03770044240145607,4.766294328372562,21.83116905999471,-3.292178926811122,2706.3396694564353,1.569856147977903,30.991694283745,0.11053201955257824,0.8277412145597614,0.00603298128983875,98.89478200139678,0.4547832567980189,-0.4545454545454546,-0.8465303154466399,0.6165818754622607,-1.3735637358362622,0.0026290402942828976,-0.4581344281076952,-0.26731668578487605,-0.5558313758879728,-0.020084196309402495,-0.3349930115105988,Restaurants,Consumer Cyclical,DIN
2022Q3,2022,Q3,2022-11-02,2022-09-30,20948000.0,233220000.0,45332000.0,1.32,94331000.0,0.4044721722,1972021000.0,-301594000.0,645786000.0,519106000.0,2273615000.0,189894000.0,81179000.0,977362120.0,2416599120.0,-19.61331859270339,1.2440349369878214,0.9099928449037814,-5.950134949634276,0.017336110958311623,-19.61331859270339,-0.0694576152045465,4.190730297573107,11.6641459805232,-3.240655052819353,0.7722455604353637,0.7314027826050323,0.016551695291812617,0.11826446067257905,0.8568905002061236,0.010622604931691903,36.38049953471059,0.4044721721979247,-0.08965517241379303,1.053506448943636,0.8600099529446241,-0.6059826306979675,-0.014253618266367105,-0.12578248894082297,-0.07423366757203831,-0.04524908412680534,0.1693660609650176,-0.37107225000581456,Restaurants,Consumer Cyclical,DIN
2022Q2,2022,Q2,2022-08-09,2022-06-30,23962000.0,237794000.0,48967000.0,1.45,95695000.0,0.4024281521,1881766000.0,-308656000.0,449828000.0,343798000.0,2190422000.0,81694000.0,68265000.0,1044534000.0,2545801000.0,-19.230903426791276,1.3084078441410363,0.9378440252401202,-5.717701907625318,0.018590110697854646,-19.230903426791276,-0.07763335234046966,4.392600317922235,10.897817377514396,-3.384136384842673,0.6081884650696937,1.7394055867015938,0.013952070492679033,0.1263674654553223,1.0338163689143043,0.01273378305272813,34.56661592428354,0.40242815209803445,-0.02027027027027029,0.24312732180919583,0.6915161362823922,-2.3549664305455402,0.031718650609683784,-0.035734406438631794,0.008796868562010713,0.19918359963822743,0.11605883326722552,-0.535879845558168,Restaurants,Consumer Cyclical,DIN
2022Q1,2022,Q1,2022-05-04,2022-03-31,24850000.0,230423000.0,48540000.0,1.48,92753000.0,0.4025336012,1888283000.0,-265172000.0,476855000.0,334770000.0,2153455000.0,78016000.0,52516000.0,1303479900.0,2777070900.0,-15.857672527209663,1.4244257251247125,0.9364745644588232,-6.668611316428582,0.017734088817681577,-15.857672527209663,-0.0937127600199116,5.656900135837135,13.113479879275653,-4.9156015718099955,0.5870422535211267,1.7646380229696472,0.011191580322795925,0.12202778926675716,1.161236072527407,0.01316010364971776,-99.5935131418093,0.40253360124640336,-0.63,0.8307078190305839,0.5611868937055288,-2.14372572697736,-0.038420468800215636,-0.6340529555562101,1.7566758640041154,-0.1855118937057043,0.007581314087452753,-0.44124396496924967,Restaurants,Consumer Cyclical,DIN
2021Q4,2021,Q4,2022-03-02,2021-12-31,67906000.0,229630000.0,-64149000.0,4.0,96459000.0,0.4200627096,1956438000.0,-242807000.0,574353000.0,410730000.0,2242173000.0,0.0,35415000.0,1284297210.0,2274587210.0,-14.332506935836138,1.3983711927543643,0.690899481608924,-5.566981182585345,-0.1379376678425275,-14.332506935836138,-0.27967068494730385,5.592898184035187,4.728216983771684,-5.289374729723607,0.0,0.0,0.0,0.11737146794327241,1.172010810021182,0.034708996656167994,31.061436379906645,0.4200627095762749,2.007518796992481,2.3472346511502873,0.5672285889847183,-2.0107577921534623,0.01961882815555532,1.9382545108389944,-2.329926401990256,1.5918325090262566,0.10400245731485486,-0.23617544606841875,Restaurants,Consumer Cyclical,DIN
2021Q3,2021,Q3,2021-11-04,2021-09-30,23111000.0,228719000.0,48235000.0,1.33,94603000.0,0.4136210808896506,1922499000.0,-254317000.0,493638000.0,344982000.0,2176816000.0,0.0,22523000.0,1373342310.0,2847618310.0,-15.038554786825143,1.4309094387533263,0.9250642002934722,-6.992985132728052,0.017903005752267772,-15.038554786825143,-0.09087477439573445,6.0044959535499896,14.855937756912292,-5.400119968385912,0.0,0.0,0.0,0.11896963275403524,1.1487381950362627,0.012021332650888245,38.48298568106033,0.4136210808896506,-0.21301775147928986,0.010625948962088079,0.5560569375490672,-2.0522990200740328,-0.043225421483256976,-0.2128942170151897,-0.15285046893111806,0.01041158877360637,0.21515375643001722,-0.22898186887842994,Restaurants,Consumer Cyclical,DIN
2021Q2,2021,Q2,2021-08-05,2021-06-30,29362000.0,233619000.0,56938000.0,1.69,98877000.0,0.4232404042479422,1895923000.0,-282751000.0,461153000.0,344855000.0,2178674000.0,0.0,-588000.0,1507075500.0,3032579500.0,-16.744699751273245,1.3372373896275247,0.9414754713139721,-6.312851236600401,0.021564631241704314,-16.744699751273245,-0.10384401823512561,6.4509971363630525,12.831853245691711,-5.330044809744262,0.0,0.0,0.0,0.12322177641180575,1.0403473923823057,0.015486915871583393,20.436584671295293,0.4232404042479422,0.11920529801324499,0.1721221607465501,0.5612777489836666,-2.1821549112754095,0.1593579250990784,0.14681873217982266,0.333848712722843,1.399603137288909,0.31577579332772204,-0.31586874162417106,Restaurants,Consumer Cyclical,DIN
2021Q1,2021,Q1,2021-05-05,2021-03-31,25603000.0,204199000.0,42687000.0,1.51,85286000.0,0.41766120304213045,1856289000.0,-317402000.0,385709000.0,335096000.0,2173691000.0,0.0,-29950000.0,1481893800.0,3101279800.0,-19.28323207776428,1.15104029889942,0.9691125681399825,-5.667743114410118,0.022800642588465557,-19.28323207776428,-0.08066426802603638,7.257106058305868,14.469923446471118,-4.6688231328094965,0.0,0.0,0.0,0.11000388409347898,0.8563337073555041,0.013792572169527482,52.53452212138401,0.41766120304213045,16.1,0.11196186983957529,0.38529750263805435,-2.352689413341948,0.2656901592389772,17.401665598975015,0.6885680379746836,0.6128651365492999,0.1671761932915781,-0.5739653895256541,Restaurants,Consumer Cyclical,DIN
2020Q4,2020,Q4,2021-03-02,2020-12-31,-1561000.0,196029000.0,25280000.0,-0.1,67383000.0,0.34373995684312014,2074369000.0,-354651000.0,586506000.0,348568000.0,2429596000.0,0.0,-55553000.0,941456000.0,2591024000.0,-21.848878758008873,1.682615730646531,0.9800266972751714,-5.732218434460921,1.7886714081033512,-21.848878758008873,0.004401510217086657,4.80263634462248,-150.7777065983344,-2.6545984644058525,0.0,0.0,0.0,0.09450054450293077,1.4495478644052238,-0.0007525179946287281,16.249930958298812,0.34373995684312014,-1.1666666666666667,-1.0696239027534515,0.29424439540843395,-2.500999974701006,0.008969214183037854,-1.1558195248552605,-0.07236166152942904,-1.0199506906968763,0.44043722145509173,-1.6429014271555673,Restaurants,Consumer Cyclical,DIN
2020Q3,2020,Q3,2020-10-28,2020-09-30,10018000.0,176643000.0,27252000.0,0.6,66784000.0,0.3780732890632519,2070916000.0,-356364000.0,524400000.0,321111000.0,2427280000.0,0.0,-53992000.0,885504390.0,2631114390.0,-21.96929905677825,1.6330801498547232,0.9922604296842557,-5.766261462998507,0.013280993306594787,-21.96929905677825,-0.028111706008463258,5.012960547545048,22.097833649431028,-2.484831211906927,0.0,0.0,0.0,0.08529703763938276,1.3435416413638896,0.004837472886394233,19.445821859147507,0.3780732890632519,1.0746268656716418,-0.5271228013254498,0.24513346688400253,-2.4820957879537335,1.217117057300312,1.0743290868755517,8.779617470739366,1.0242570833981521,0.33548772040367747,-0.7988956089726168,Restaurants,Consumer Cyclical,DIN
2020Q2,2020,Q2,2020-07-29,2020-06-30,-134779000.0,109712000.0,-3503000.0,-8.04,30122000.0,0.2745551990666472,2043267000.0,-368571000.0,485970000.0,300706000.0,2411838000.0,0.0,-64010000.0,681051700.0,2453705700.0,-22.783643444396365,1.616096785564638,1.0038634206885346,-5.565171975006172,-0.0014445225435285977,-22.783643444396365,0.36567988257350686,6.207631799620826,-1.2632748796177447,-1.8478168385467115,-0.09261828623153459,0.0,0.0183290049786235,0.053694402151064934,1.340598458294813,-0.0659625002508238,-16.040597767205238,0.2745551990666472,-7.137404580152671,-6.8119608459479615,-0.25822834397534705,-2.5220082526816805,-0.6432184016961399,-7.036322106771767,-1.0796263041847567,-7.93732161332273,-0.22570503329721162,-2.605284543713553,Restaurants,Consumer Cyclical,DIN
2020Q1,2020,Q1,2020-04-29,2020-03-31,22328000.0,206884000.0,43993000.0,1.31,84427000.0,0.40808859070783626,2185470000.0,-236377000.0,499990000.0,290578000.0,2421847000.0,0.0,70769000.0,466422840.0,1714075840.0,-14.534649203713952,1.7206739670587587,0.7285448896576022,-6.7359049315288715,0.017717213788294717,-14.534649203713952,-0.09445927480254002,2.254513833839253,5.2223983339304905,-1.9732158374122692,0.5128538158366177,0.0,0.024550684524797285,0.09466339048351155,1.4625160886233646,0.010216566688172338,18.990384756320996,0.40808859070783626,-0.17610062893081763,-0.0881587066196466,0.36535217922979496,-1.951681264960694,-0.11750010452815988,-0.18499050956343993,-0.13789927493631196,0.6913365103203403,0.44126397578952287,-2.0483034126448674,Restaurants,Consumer Cyclical,DIN
2019Q4,2019,Q4,2020-02-24,2019-12-31,27396000.0,227511000.0,51030000.0,1.59,95668000.0,0.42049834953035237,2049511000.0,-241774000.0,346917000.0,357912000.0,2291285000.0,0.0,61653000.0,1373820480.0,2632509480.0,-14.698401118609034,0.9692801582511902,0.6707609766427212,-5.686020829369577,0.022590427051392026,-14.698401118609034,-0.11331243227146012,6.038479370228253,12.536688567674112,-5.682250696931845,0.42290845378887426,0.0,0.008433416278668376,0.11100745494900979,0.7066317977603433,0.013367090979262858,31.569742399522024,0.42049834953035237,0.1691176470588235,2.3918997790068053,0.5765926789089302,-1.987063368236454,0.06629514043691484,0.145461387297738,0.06594531364234538,0.39080008654062953,0.599210603633531,-2.036561400551978,Restaurants,Consumer Cyclical,DIN
2019Q3,2019,Q3,2019-10-30,2019-09-30,23917000.0,217405000.0,47873000.0,1.36,89720000.0,0.4126860007819507,1997508000.0,-239782000.0,276005000.0,290734000.0,2237290000.0,0.0,45939000.0,1271565320.0,2539819320.0,-14.305094857415583,0.9493385706522113,0.685239808801767,-5.708401798300122,0.021244605431207115,-14.305094857415583,-0.099744768164416,5.848831995584278,13.291438307480036,-5.303005730204936,0.49868294518543294,0.0,0.009379777674339215,0.10883811228791074,0.6602048608005944,0.011973418879924386,39.631146018388655,0.4126860007819507,0.15254237288135608,0.4129577008740692,0.48956411846024167,-1.843003352873552,-0.054135259079647884,0.11813931743805517,-0.08927824068789712,0.05516861301470776,0.4922315633985462,-2.000976324780372,Restaurants,Consumer Cyclical,DIN
2019Q2,2019,Q2,2019-07-31,2019-06-30,21390000.0,228080000.0,52566000.0,1.18,94855000.0,0.41588477727113293,2040658000.0,-215125000.0,304278000.0,296401000.0,2255783000.0,0.0,33832000.0,1639067400.0,2880026400.0,-12.52109888830685,1.026575483888381,0.6706238870011535,-6.361482858803021,0.022279156465608373,-12.52109888830685,-0.09943056362579895,7.186370571729218,19.15693548387097,-7.619139570017432,0.5700327255726976,0.0,0.007438986340647127,0.11176787095142841,0.7636310268858743,0.010481913186825034,45.603121696065884,0.41588477727113293,-0.3179190751445087,0.2195827710068112,0.5527802066901932,-1.7569267585774613,-0.07522594105546403,-0.32402111051417376,-0.07499824030407545,-0.16077893893214218,0.49808881348315387,-1.8839739598347531,Restaurants,Consumer Cyclical,DIN
2019Q1,2019,Q1,2019-05-01,2019-03-31,31643000.0,237182000.0,56828000.0,1.73,102571000.0,0.4324569318076414,2076117000.0,-190821000.0,322767000.0,303090000.0,2266938000.0,0.0,24588000.0,1600065180.0,2823097180.0,-11.00276768725134,1.0649213105018311,0.6531250406407731,-7.105947458613046,0.024861167968988483,-11.00276768725134,-0.1658255642722761,6.746149286202157,12.641541415162912,-8.38516295376295,0.35246342002970643,0.0,0.006970341045731649,0.11424307974935902,0.7612194397703652,0.015241433888359857,66.08562613580042,0.4324569318076414,0.17687074829931973,0.646677284507701,0.537226472203425,-1.649902620888182,0.042695509855546855,0.17278825840406212,0.12488370712009343,0.3043144237948055,0.5271326906451457,-1.7718274254017767,Restaurants,Consumer Cyclical,DIN
2018Q4,2018,Q4,2019-02-21,2018-12-31,26981000.0,214198000.0,50519000.0,1.47,98371000.0,0.45925265408640603,1774680000.0,-202273000.0,382190000.0,316186000.0,1976953000.0,0.0,10414000.0,1174813640.0,2350767640.0,-11.594233635217241,1.2087505455649523,0.7399181824328893,-6.491810572839677,0.033988467877674594,-11.594233635217241,-0.13338903363276364,5.484708727439099,10.885564285979022,-5.808059602616266,0.413327897409288,0.0,0.009492569391686669,0.12069668898054861,0.8686912133997078,0.015203304257668988,15.568900197458222,0.45925265408640603,0.13953488372093018,0.6026699069042993,0.460960012933282,-1.6911756677065946,0.062023621877226695,0.1438928223173782,0.02331469777993842,0.11966903741477579,0.3157929219202222,-1.7965143010718319,Restaurants,Consumer Cyclical,DIN
2018Q3,2018,Q3,2018-10-31,2018-09-30,23587000.0,194099000.0,49368000.0,1.29,92626000.0,0.477210083514083,1649682000.0,-213394000.0,314774000.0,232251000.0,1863076000.0,0.0,-16567000.0,1383435870.0,2590773870.0,-12.23659613509949,1.3553181687054092,0.7940954680962755,-6.138902687048371,0.030968444673756625,-12.23659613509949,-0.11053262978340535,7.127475515072206,14.663118137109425,-6.4830120340778095,0.47551617416373426,0.0,0.008107350866939715,0.11765843356477187,0.8480609340756337,0.01429790711179488,43.02397356554191,0.477210083514083,0.8695652173913045,0.3598366292242776,0.29953060071920556,-1.7433235971433776,0.17859778597785977,0.8553449225202548,0.3226523777628935,0.03560967690006758,0.27262021908879513,-1.825506883212389,Restaurants,Consumer Cyclical,DIN
2018Q2,2018,Q2,2018-08-01,2018-06-30,12713000.0,184471000.0,37325000.0,0.69,78590000.0,0.4260290235321541,1650306000.0,-223251000.0,316498000.0,250921000.0,1873557000.0,0.0,-40154000.0,1312291200.0,2527383200.0,-12.725205198358413,1.2613452042674786,0.7942829996376429,-5.871463061755603,0.016120485911834473,-12.725205198358413,-0.05694487370717265,7.113807590352955,25.806088256115785,-5.878097746482658,0.8891685676079604,0.0,0.008613941783652896,0.11177987597451625,0.7920142196149386,0.007703419850621642,239.7754796272611,0.4260290235321541,-0.2500000000000001,-0.1891119442101911,0.26039630203898956,-1.7717242758093414,-0.05880239520958084,-0.2553739823112517,-0.04507892649730089,-0.49450383639969137,0.15004165546305942,-1.850077704921811,Restaurants,Consumer Cyclical,DIN
2018Q1,2018,Q1,2018-05-02,2018-03-31,17073000.0,188163000.0,39087000.0,0.92,83500000.0,0.4437641831816032,1651046000.0,-216886000.0,308782000.0,235969000.0,1867932000.0,0.0,-52867000.0,1160962740.0,2357982740.0,-12.251369824323561,1.3085701935423721,0.7833936789162749,-5.963589166658982,0.024717743198081215,-12.251369824323561,-0.07871877391809522,6.169984215812885,16.999981549815498,-5.352870816926865,1.0222573654307971,0.0,0.015033212866073549,0.11396593432284746,0.8570320677716141,0.010340717339189823,89.44242989214176,0.4437641831816032,-0.8029978586723769,-5.4242219607201625e-05,0.23186808012326451,-1.7217644128105785,0.08171831277852627,-0.8003998316498316,0.12603710532380732,-0.3594794540725862,0.14079026033596106,-1.8021796032706634,Restaurants,Consumer Cyclical,DIN
2017Q4,2017,Q4,2018-02-20,2017-12-31,85536000.0,148775000.0,34712000.0,4.67,77192000.0,0.5188506133422954,1750240000.0,-146698000.0,395614000.0,295702000.0,1896938000.0,0.0,-1098000.0,900203850.0,2181295850.0,-8.267004790081714,1.3378807042224943,0.7988058780510101,-9.530477579789773,0.11477049393443722,-8.267004790081714,-0.5830754338845792,6.050773651487145,2.631067182239057,-6.136442555454061,0.20417134306023194,0.0,0.01940005033304401,0.08500262821098821,0.9035583120844635,0.048871011975500506,29.06602466823803,0.5188506133422954,1.1869495596477182,3.710659740877156,-0.09315890930329568,-1.4923446352694834,-0.036352741436133026,1.1893570767602797,-0.12270326282002679,5.028406076043843,-0.04432425879822194,-1.5551663427523317,Restaurants,Consumer Cyclical,DIN
2017Q3,2017,Q3,2017-11-09,2017-09-30,-451718000.0,144671000.0,39567000.0,-24.98,80104000.0,0.5536977002992998,1641208000.0,-216677000.0,283326000.0,203387000.0,1857885000.0,0.0,-86634000.0,762551160.0,2060706160.0,-12.212659226693722,1.3930388864578365,0.8544724373753967,-6.4721544049437645,0.027261249232079558,-12.212659226693722,2.0847528810164437,5.270933082649598,-0.42202832298026643,-3.5192990488145943,-0.038623654580955374,0.0,0.022879776354939912,0.08814909505681182,0.9876196610402828,-0.2752350707527626,102.45212414349052,0.5536977002992998,-22.16949152542373,-8.568380951876886,-0.311223663004362,-1.7767476449933668,-0.12787292186088037,-22.22734962406015,-0.23884731546851856,-26.21233768327001,-0.06352881445546782,-1.7196955195489647,Restaurants,Consumer Cyclical,DIN
2017Q2,2017,Q2,2017-06-30,2017-06-30,21280000.0,155199000.0,51983000.0,1.18,91849000.0,0.5918143802472954,2191657000.0,251484000.0,292650000.0,214047000.0,1940173000.0,0.0,382808000.0,780521950.0,2071850950.0,14.192900276539309,1.3672230865183814,0.6404629009010078,5.581567813459306,0.015684813280579114,14.192900276539309,0.08461770927772741,5.029168680210568,9.169665765977442,3.1036644478376356,0.8198778195488722,0.0,0.02235299084157723,0.07081354427266676,0.9803127350535162,0.0097095485288072,-300.5475356180208,0.5918143802472954,0.4936708860759492,0.268471247568117,-0.3169009577916376,0.17202487939738761,-0.007048572447865428,0.4815846271670264,0.3095274083031036,0.17647133301216875,0.024521155090997938,-0.14200933185132286,Restaurants,Consumer Cyclical,DIN
2017Q1,2017,Q1,2017-05-02,2017-03-31,14363000.0,156174000.0,39696000.0,0.79,92501000.0,0.5922944920409287,2201482000.0,245326000.0,299022000.0,223889000.0,1956156000.0,0.0,378988000.0,962907480.0,2240723480.0,13.864925963603481,1.3355814711754486,0.6391444490574986,5.7354907347773985,0.01325257655582885,13.864925963603481,0.058546586990372,6.165606823158784,16.76020817377985,3.9250119432917834,1.2136740235326882,0.0,0.018103504606693886,0.07094039378927468,1.0062039671444332,0.006524241397385943,58.19578629275958,0.5922944920409287,-0.33050847457627114,-0.5420731536858256,-0.364497058342599,0.25285987780272257,0.017221091988783195,-0.3271654096594369,-0.22824480908313244,-0.26738770152480323,-0.007882608317043622,-0.18103771902707955,Restaurants,Consumer Cyclical,DIN
2016Q4,2016,Q4,2017-03-01,2016-12-31,21347000.0,154174000.0,51436000.0,1.18,90935000.0,0.5898205923177708,2278583000.0,252772000.0,366148000.0,286312000.0,2025811000.0,0.0,382082000.0,1372602000.0,2527911000.0,14.179961853472456,1.2788426611528683,0.5687060774174125,5.126533002073014,0.018840614679414586,14.179961853472456,0.08445160065197095,8.902940833084697,16.07488171640043,5.430197964964474,0.7794537874174357,0.0,0.012122232081841641,0.0676622269190984,0.9846740618625834,0.00936854176477223,25.43834093183587,0.5898205923177708,-0.11278195488721814,-0.2601482511705866,-0.36853084358246135,0.6153207414837004,-0.008169364338379653,-0.12054546203600709,-0.032830656989206876,0.24098021168762784,0.029143709892349635,-0.15467939404308664,Restaurants,Consumer Cyclical,DIN
2016Q3,2016,Q3,2016-11-01,2016-09-30,24273000.0,156017000.0,53182000.0,1.33,91684000.0,0.5876539095098611,2200421000.0,256526000.0,280446000.0,206393000.0,1943895000.0,0.0,378172000.0,1421460500.0,2609856500.0,14.291142061281336,1.3587960832004962,0.5890777264896127,5.052973187902981,0.02048494818068573,14.291142061281336,0.09462198763478166,9.110933423921752,14.640346269517572,5.541194654732854,0.6905203312322333,0.0,0.011791393429504372,0.0709032498780915,0.9775428430227769,0.0110310708723467,217.5149961744453,0.5876539095098611,-0.0827586206896551,0.4703383124244096,-0.409509750841294,1.079654344696884,-0.05844415917843389,-0.09527004360952701,-0.08878760879994517,0.35954819923052556,0.014827576648302884,-0.13187106880092384,Restaurants,Consumer Cyclical,DIN
2016Q2,2016,Q2,2016-08-03,2016-06-30,26829000.0,160258000.0,58364000.0,1.45,97375000.0,0.6076139724693931,2237268000.0,256166000.0,304297000.0,235675000.0,1981102000.0,0.0,370546000.0,1533246300.0,2710576300.0,14.16455626209566,1.2911721650578127,0.5791094316818548,5.057747710468993,0.02337439146458013,14.16455626209566,0.10473286853056221,9.567362003768922,14.287210667561222,5.985362226056541,0.6328972380632897,0.0,0.011074541644092016,0.0716311143769991,0.9308327145433329,0.01199185792672134,100.04869820554649,0.6076139724693931,0.05839416058394149,76.03940968415432,-0.4032049053760972,1.0279324774898817,-0.020608706147409075,0.050346474572289864,0.014673157162726009,0.6600739989627027,0.062206225191023444,-0.14098580312586292,Restaurants,Consumer Cyclical,DIN
2016Q1,2016,Q1,2016-05-05,2016-03-31,25543000.0,163524000.0,57520000.0,1.37,99424000.0,0.6080086103568895,2262192000.0,260305000.0,317067000.0,246030000.0,2001887000.0,0.0,360483000.0,1706031800.0000002,2860412800.0,14.255476451259584,1.288733081331545,0.5723258680076669,4.973823015308964,0.021112900063043435,14.255476451259584,0.09812719694204874,10.432913823047382,16.697645147398504,6.553972455388871,0.667462709940101,0.0,0.00999336589153848,0.07228564153705787,0.9681786773970654,0.011291260865567556,46.542949120174605,0.6080086103568895,0.014814814814814828,-0.16645518432161283,-0.47207808376015115,1.0612895501878508,-0.05515642224502984,0.007335252592972355,-0.002843076069620692,0.45038934779035605,0.03790492198074927,-0.16016774142670231,Restaurants,Consumer Cyclical,DIN
2015Q4,2015,Q4,2016-02-24,2015-12-31,25357000.0,171300000.0,57684000.0,1.35,105228000.0,0.6142907180385289,2331821000.0,267223000.0,372709000.0,298429000.0,2064627000.0,0.0,351923000.0,1554371860.0,2703406860.0,14.556215273994988,1.248903424265068,0.5548539103130129,4.841723953402215,0.021778661269117934,14.556215273994988,0.0948907841016679,9.073974664331582,15.324879323263794,5.816759260991756,0.6458965966005442,0.0,0.010536732181963201,0.07346189951973157,0.9516199833126138,0.010874333836087761,24.270753400059334,0.6142907180385289,0.05468750000000005,1.4808875154910142,-0.44917390533761475,2.082129981261912,0.0883591043078037,0.04534773467452694,0.09648722627737226,0.3498369346123474,0.00927434232561907,-0.13309902655707703,Restaurants,Consumer Cyclical,DIN
2015Q3,2015,Q3,2015-10-29,2015-09-30,24257000.0,162437000.0,52608000.0,1.28,96685000.0,0.595215375807236,2318286000.0,275310000.0,324178000.0,209860000.0,2042976000.0,0.0,343621000.0,1702401180.0,2911901180.0,14.823130350508803,1.544734584961403,0.5673959123248814,4.777835894083034,0.018554671987382095,14.823130350508803,0.08810795103701283,10.480378115823365,17.545462959145812,6.1835791653045655,0.6808343983180113,0.0,0.009701003614200973,0.07006771381960639,0.9385828647669875,0.010463333687042928,79.87618730352366,0.595215375807236,-0.08571428571428563,0.569958553090252,-0.5509438858673856,-0.17306325599671252,-0.001260239445494644,-0.09815221028367475,-0.11923656454043194,-0.6117663349951163,-0.2612419755576341,-0.05722157824389713,Restaurants,Consumer Cyclical,DIN
2015Q2,2015,Q2,2015-07-29,2015-06-30,26897000.0,171549000.0,59730000.0,1.4,96807000.0,0.5643110714722908,2355858000.0,280872000.0,347582000.0,235622000.0,2074986000.0,0.0,335750000.0,1859225670.0,3070133670.0,14.969461173586314,1.475167853596014,0.5583065702601769,4.682884018342875,0.021153749825174796,14.969461173586314,0.0957624825543308,10.837869471696134,17.280976224114212,6.61947673673417,0.6198832583559505,0.0,0.00896771181090674,0.07281805609675965,0.9005525799797982,0.01141707182690977,371.99393157262904,0.5643110714722908,-0.047619047619047665,0.7586846293703571,-0.5366706582213017,1.4247866676966277,-0.03469078435673972,-0.05332253977192736,-0.06019887972811379,0.5140833248675221,-0.2869501741599954,0.2361519199579916,Restaurants,Consumer Cyclical,DIN
2015Q1,2015,Q1,2015-04-30,2015-03-31,28412000.0,175814000.0,63556000.0,1.47,100286000.0,0.5704096374577678,2377314000.0,288194000.0,356559000.0,242544000.0,2089120000.0,0.0,325374000.0,2019278700.0,3200933700.0,15.272602013778485,1.4700796556501088,0.553197852702672,4.563332338633004,0.022316535815109045,15.272602013778485,0.09858636890427976,11.485312318700444,17.76783313388709,7.006664607868311,0.5841897789666338,0.0,0.008219766790983334,0.07395489194948585,0.9359209050728939,0.011951303025178836,52.431093397034765,0.5704096374577678,2.245762711864407,0.3020669396845732,-0.5572461553437719,1.832094978540206,0.0907647295548232,2.266978818283166,0.38117176634214184,-0.1506105285539571,-0.32916392543075274,0.38006004092207263,Restaurants,Consumer Cyclical,DIN
2014Q4,2014,Q4,2015-02-25,2014-12-31,-22425000.0,164413000.0,46016000.0,-1.18,91941000.0,0.5592076052380286,2447743000.0,279073000.0,412884000.0,313049000.0,2169035000.0,0.0,313644000.0,1942317240.0,3153165240.0,14.891041033029188,1.318911735862437,0.5371691390803691,4.711498425143242,0.01371730115840396,14.891041033029188,-0.0803553192175524,11.81364758261208,-21.653480936454848,6.959889491280059,0.0,0.0,0.0,0.06716922487368976,0.8225613242655303,-0.009161501023596023,123.79332313575526,0.5592076052380286,-2.191919191919192,0.5379236256916975,-0.5798598682068669,2.6237053532395787,0.0034050355236879153,-2.1873246148144228,-0.15911042888730514,-1.73926721723702,-0.35947173653672576,0.6963238470945892,Restaurants,Consumer Cyclical,DIN
2014Q3,2014,Q3,2014-10-28,2014-09-30,18887000.0,162853000.0,54723000.0,0.99,91629000.0,0.5626485235150719,2342758000.0,317375000.0,308581000.0,252265000.0,2025383000.0,0.0,352685000.0,1525977770.0,2613812770.0,16.96920280168957,1.2232414326204586,0.5210499761392342,3.8462197715636077,0.02048741461009216,16.96920280168957,0.059510043324143364,9.370277305299872,20.198784481389318,4.808122158330051,0.7526340869381056,0.0,0.0093153388466465,0.06951336843156655,0.8885537034467722,0.008061865544798054,33.91740059122936,0.5626485235150719,-0.010000000000000009,0.2668400809132755,-0.5577305718130964,1.4934711258324054,-0.03010383919215014,-0.014608441592320134,-0.03294042801350133,0.09801930859183225,-0.4084523272589746,1.469367121343426,Restaurants,Consumer Cyclical,DIN
2014Q2,2014,Q2,2014-07-29,2014-06-30,19167000.0,160521000.0,56587000.0,1.0,94473000.0,0.5885398172201768,2319089000.0,310593000.0,273193000.0,224776000.0,2008496000.0,0.0,348026000.0,1492504240.0,2612805240.0,16.542021729867916,1.215401110438837,0.5263493552856315,3.930066034971812,0.020539266976042744,16.542021729867916,0.06171098511556925,9.297875293575295,19.467108050294776,4.805337660539677,0.7421610058955497,0.0,0.00953096119847539,0.06921726591778064,0.8521238922304872,0.008264883322718533,1350.6825701357466,0.5885398172201768,-0.07407407407407414,-0.303556974757127,-0.5860703345929166,1.7127499090867464,-0.02677394099225317,-0.07957164809834806,-0.05398221211715929,52.01247006449906,-0.424224979591031,1.3683130264455823,Restaurants,Consumer Cyclical,DIN
2014Q1,2014,Q1,2014-05-01,2014-03-31,20824000.0,167201000.0,59816000.0,1.08,97072000.0,0.5805706903666844,2355247000.0,318180000.0,298863000.0,245774000.0,2037067000.0,0.0,343095000.0,1467247579.9999998,2554573580.0,16.92987123550069,1.2160073889019993,0.5182233540685967,3.836017348670564,0.02164804251423251,16.92987123550069,0.06544723112703502,8.77535170244197,17.614862418363426,4.611375887862216,0.6863714944295044,0.0,0.009741368937885726,0.07099085573614997,0.9142993156314337,0.00884153551623248,28.88225782957028,0.5805706903666844,0.1489361702127661,-0.49755907913109165,-0.5996253352593821,2.625799737389403,0.06439763593899056,0.14853014174618057,0.2072577552626799,-0.3397585937467164,-0.4755445401338273,1.4479972158826018,Restaurants,Consumer Cyclical,DIN
2013Q4,2013,Q4,2014-02-26,2013-12-31,18131000.0,157901000.0,49547000.0,0.94,91199000.0,0.5775707563599978,2404642000.0,315179000.0,331582000.0,284273000.0,2089463000.0,0.0,336578000.0,1569820950.0,2684293950.0,16.77465538346905,1.1664210107889248,0.5075533073114418,3.8723519016178107,0.022522771212162708,16.77465538346905,0.0575260407577916,9.941804991735328,21.64553733936352,4.980728252834104,0.7873255749820749,0.0,0.009093393740222413,0.06566507613191486,0.8799569427979442,0.007539999717213623,69.7357269779219,0.5775707563599978,-0.03092783505154642,1.118521811611516,-0.6018884917669538,5.605998689839964,-0.019818793461087884,-0.03198077949813134,-0.09321010248901904,1.335961172824816,-0.5039062875440772,2.5518620266006025,Restaurants,Consumer Cyclical,DIN
2013Q3,2013,Q3,2013-10-29,2013-09-30,18730000.0,161283000.0,54640000.0,0.97,93043000.0,0.5768927909327084,2347716000.0,309996000.0,261764000.0,217320000.0,2037720000.0,0.0,332740000.0,1299339000.0,2425496000.0,16.462004142106103,1.2045094791091477,0.5203746960876018,3.940992787003703,0.019855730574609747,16.462004142106103,0.06042013445334778,8.056267554546977,17.34301922050187,4.191470212518871,0.7626801922050187,0.0,0.010994051590847346,0.06869783227613561,0.8412065157371618,0.00797796667058537,28.375423118079972,0.5768927909327084,0.11494252873563215,2.4144331031905346,-0.6324768705079568,0.4919241193047817,0.02215850416364555,0.1058629037019543,0.04442235644926982,0.19563205974218537,-0.5602428368871538,-0.08163553965005872,Restaurants,Consumer Cyclical,DIN
2013Q2,2013,Q2,2013-07-30,2013-06-30,16937000.0,158114000.0,52316000.0,0.87,91026000.0,0.5756985466182628,2337442000.0,312522000.0,240196000.0,203595000.0,2024920000.0,0.0,328311000.0,1301123450.0,2445943450.0,16.489315675618634,1.1797735700778507,0.5221335973256235,3.905187474801774,0.01916618811449254,16.489315675618634,0.05419458470123703,8.229021149297342,19.20534111708095,4.163301943543175,0.8486154572828718,0.0,0.011046607452966895,0.06764403138131342,0.8341904270733564,0.00724595519375454,-75.40558968414952,0.5756985466182628,-0.06451612903225812,1.7729901945380793,-0.6701841186904491,0.3922587666673713,-0.03598661357282047,-0.0713854926256922,-0.08731529456918058,0.09633916393508558,-0.5772376970784697,1.6709760856477185,Restaurants,Consumer Cyclical,DIN
2013Q1,2013,Q1,2013-05-02,2013-03-31,18239000.0,163169000.0,57321000.0,0.93,94424000.0,0.5786883537926935,2377660000.0,320999000.0,268477000.0,226349000.0,2056661000.0,0.0,325761000.0,1311666960.0,2414672960.0,16.97419491301359,1.1861196647654728,0.5132727135082392,3.801843619450528,0.020062240209860686,16.97419491301359,0.0568194916495067,8.038701959318253,17.97887713142168,4.086202636145284,0.7956576566697736,0.0,0.011063784056892002,0.06862587586114079,0.8790363553627363,0.007670987441434015,18.81038505112504,0.5786883537926935,-0.04123711340206178,0.19740148471298427,-0.6648379941930709,0.31829477571550246,-0.05700475372508289,-0.03081991604229768,-0.035876475930971846,-0.16595413246009058,-0.5899810362327228,2.147632088791347,Restaurants,Consumer Cyclical,DIN
2012Q4,2012,Q4,2013-02-27,2012-12-31,18819000.0,170031000.0,59454000.0,0.97,100132000.0,0.5889043762607995,2415400000.0,308805000.0,294455000.0,267760000.0,2106595000.0,0.0,322045000.0,1232197000.0,2388021000.0,16.791093469631885,1.0996974902898118,0.5052417818994783,3.95188225579249,0.020464049052076033,16.791093469631885,0.060941370767960364,7.246896154230699,16.369055210159942,3.9902106507342823,0.0,0.0,0.0,0.0703945516270597,0.7213437406632806,0.007791256106649002,-66.0270603365127,0.5889043762607995,-0.6910828025477707,2.230186813936941,-0.25550086770356994,0.379388974116378,0.07408956824886029,-0.6893170224357387,0.43553216148348467,1.3951529883823162,-0.5572347393835686,3.086079351852655,Restaurants,Consumer Cyclical,DIN
2012Q3,2012,Q3,2012-10-30,2012-09-30,60573000.0,213166000.0,41416000.0,3.14,93225000.0,0.4373352223150033,2421757000.0,283105000.0,242903000.0,212893000.0,2138652000.0,0.0,303691000.0,1013737800.0,2194874800.0,15.722814617349773,1.140962831093554,0.517382627571635,4.425831405308984,0.016368190634081653,15.722814617349773,0.21395948499673267,4.755626131747089,4.183950770145114,3.5807838081277263,0.0,0.0,0.0,0.08802121765313366,0.6922256720512182,0.025012005746241264,35.098078454454175,0.4373352223150033,2.5681818181818183,5.904451400153116,1.194590874977164,0.28087563640605745,-0.05118366682272477,2.5761601133545873,0.47032093155353594,3.2201892470497,-0.3986835007270076,1.3103256365864093,Restaurants,Consumer Cyclical,DIN
2012Q2,2012,Q2,2012-07-31,2012-06-30,16938000.0,229391000.0,28168000.0,0.88,98254000.0,0.42832543560994113,2513947000.0,216643000.0,231175000.0,196346000.0,2297304000.0,12056000.0,243806000.0,798609600.0,2126631600.0,12.109726103968697,1.1773858392837135,0.5411382976649866,6.279422829262889,0.009293036732708405,12.109726103968697,0.07818392470562169,3.4814338836310057,11.787247608926673,3.6862931181713696,0.0,10.877322495023225,0.0,0.09124734928779325,0.5614782068389476,0.006737612209008384,-53.82554424748938,0.42832543560994113,-0.46341463414634143,0.1495441712090518,1.4582277830912769,-0.1357536106640641,-0.09505871517384297,-0.4596094946401225,-0.5723568348818849,-0.35406872182137394,-0.3791827059831532,0.9858913816013218,Restaurants,Consumer Cyclical,DIN
2012Q1,2012,Q1,2012-05-01,2012-03-31,31344000.0,245582000.0,65868000.0,1.64,108575000.0,0.4421130213126369,2534486000.0,195680000.0,215153000.0,229665000.0,2338806000.0,11534000.0,227545000.0,877027200.0,2187341200.0,11.06662142291596,0.9368123135871813,0.536202606761292,6.94500204415372,0.022718686409200224,11.06662142291596,0.16017988552739165,3.5712193890431707,6.995176110260338,4.4819460343417825,0.0,11.878533032772673,0.0,0.0968961753980886,0.5635599677791566,0.012367004591858074,21.6320252571344,0.4421130213126369,0.013224318658280863,1.7956885021154092,1.7495917863967647,-0.2559841007303858,0.13073045760346588,0.09517819706498952,0.16828662646328485,-0.1961720505173806,-0.3749538482977784,1.3700920397348755,Restaurants,Consumer Cyclical,DIN
2011Q4,2011,Q4,2012-03-01,2011-12-31,28620000.0,242179000.0,56380000.0,1.6185951815405497,96022000.0,0.3964918510688375,2614294000.0,155220000.0,276947000.0,257644000.0,2459074000.0,12031000.0,196869000.0,746357220.0,2118014220.0,8.778418730912792,1.0749212091102451,0.5478909411106785,9.227857234892411,0.02529400824242008,8.778418730912792,0.18438345574023965,3.0818412001040554,6.519542452830189,4.808383069192115,0.0,12.148366719308454,0.0,0.09263648235431822,0.6845026470633898,0.010947506286592096,35.352274535809016,0.3964918510688375,0.9042296253418233,1.795641358087753,1.7790840338044271,-0.4584456888281439,-0.045060813700237685,0.7319213313161876,-0.040601708470884526,1.1988009396422648,-0.3511734494552484,2.457014246171891,Restaurants,Consumer Cyclical,DIN
2011Q3,2011,Q3,2011-11-03,2011-09-30,16525000.0,264481000.0,58766000.0,0.85,100553000.0,0.3801898813147258,2662339000.0,123474000.0,265516000.0,219311000.0,2538865000.0,10695000.0,168907000.0,691588320.0,2140476320.0,6.871883348174532,1.2106825467030837,0.5644765749215258,12.171210133307417,0.021647278921608497,6.871883348174532,0.13383384356220743,2.6148884797017553,10.462758245083208,5.601084600806648,0.0,15.327536231884057,0.0,0.09934159398934546,0.5791364774224731,0.006206948100899247,17.480242644828632,0.3801898813147258,43.141379310344824,0.45560139041182784,1.9963445008514642,-0.5567045532071223,0.0026723837064366557,46.485632183908045,13.449471354806983,2.307855452126496,-0.3683678817795908,-0.3772126149593576,Restaurants,Consumer Cyclical,DIN
2011Q2,2011,Q2,2011-08-03,2011-06-30,348000.0,268338000.0,4067000.0,0.019256308100929615,100285000.0,0.3737264196647512,2660396000.0,126228000.0,249970000.0,208212000.0,2534168000.0,10570000.0,153029000.0,944623440.0,2412027440.0,6.98472775564409,1.2005552033504312,0.5645497888284301,11.89851696929366,0.00043222157118025294,6.98472775564409,0.0027569160566593785,3.5202745790756436,678.6087931034483,7.483469911588555,0.0,15.899053926206244,0.0,0.10086393153500456,0.510959983094154,0.00013080759405742604,-78.96208643316893,0.3737264196647512,-0.9874141777118107,-0.9660707065006034,2.477792823340902,-0.551130629851536,-0.09464741940434598,-0.9882824337519782,-0.9380134428678119,1.0166566816732725,-0.4129769405784973,-0.41025154458294044,Restaurants,Consumer Cyclical,DIN
2011Q1,2011,Q1,2011-05-04,2011-03-31,29699000.0,300200000.0,65611000.0,1.53,110769000.0,0.36898401065956027,2666099000.0,122389000.0,210554000.0,222461000.0,2543710000.0,9895000.0,153320000.0,972981060.0,2431764060.0,6.915804938690173,0.9464760115256158,0.5660491227069963,12.330707825049636,0.026452547021990826,6.915804938690173,0.24266069663123319,3.2411094603597603,8.190352032054951,7.9499061190139635,0.0,19.14411318847903,0.0,0.11259896950563351,0.5587001766601787,0.011139496320279179,20.861067730108704,0.36898401065956027,1.5326751391867166,1.4546619412412511,2.530185713853108,-0.565718503299443,0.10581012279125487,1.5842694418760206,0.23668337919855242,1.083509279633205,-0.34106487193097057,-0.46288648343769456,Restaurants,Consumer Cyclical,DIN
2010Q4,2010,Q4,2011-03-04,2010-12-31,-50831000.0,299790000.0,53054000.0,-2.872294739221337,100170000.0,0.3341338937256079,2856641000.0,83579000.0,351102000.0,265082000.0,2773062000.0,10757000.0,124250000.0,873877860.0,2412037860.0,4.7227778719556985,1.324503361224074,0.5742650196507016,19.627765347754817,0.01516840916317492,4.7227778719556985,-0.6081790880484332,2.9149666766736715,-4.297957250496744,10.455710884313046,-0.17739174912946823,18.557218555359302,0.01031837561372707,0.1049449335775829,0.758576591394361,-0.01779397551179865,11.726441319341939,0.3341338937256079,-7.5279425891394025,-6.311770042284534,2.546478865424555,-0.703932361919863,-0.06881838379519024,-4.546926243807131,-0.18255215555760992,-2.453097750374432,0.3641399334412928,-0.6120236162368691,Restaurants,Consumer Cyclical,DIN
2010Q3,2010,Q3,2010-11-03,2010-09-30,14331000.0,335515000.0,64902000.0,0.44,107573000.0,0.3206205385750264,2994500000.0,308800000.0,325700000.0,193400000.0,2685700000.0,12000000.0,184500000.0,774870460.0,148928970460.0,17.925349741684563,1.6840744570837642,49.51053598263483,480.1143134715026,0.00030992573322760863,17.925349741684563,0.04640867875647668,2.3094957304442425,13.517382946060986,2.509295531088083,0.39773916684111366,18.995166666666666,0.007356068264623226,0.11204374686926032,0.9167528438469493,0.004785773918851227,18.160884524339654,0.3206205385750264,0.047619047619047665,0.3358075442804364,3.10077323407351,0.12520342146572946,-0.004635712567314988,0.02065379958692401,-0.04206517888770811,2.2128174582519176,2.6103987190754117,0.46030747782559045,Restaurants,Consumer Cyclical,DIN
2010Q2,2010,Q2,2010-07-30,2010-06-30,14041000.0,339923000.0,67752000.0,0.42,108074000.0,0.3179367091959061,2985832000.0,106345000.0,269051000.0,195616000.0,2879487000.0,11966000.0,176451000.0,480949920.0,2003253920.0,6.1735167769650525,1.3754038524456078,0.531317234191341,14.917711222906577,0.023093162553904565,6.1735167769650525,0.13203253561521464,1.4148790167184921,8.563313154333738,4.522543796135221,0.4059539918809202,19.375647668393782,0.011851545790879848,0.11384532016536764,0.7133363324063471,0.004702541871076471,30.449504273504274,0.3179367091959061,-0.44,0.3504683273632314,3.7040780028412352,-0.6299742964067856,-0.06541910601094786,-0.2862081236337756,-0.0924045545880777,-0.010336684724756106,2.783138114843394,-0.5594087316105112,Restaurants,Consumer Cyclical,DIN
2010Q1,2010,Q1,2010-05-05,2010-03-31,19671000.0,357972000.0,74650000.0,0.75,115639000.0,0.3230392321187132,3019497000.0,91735000.0,281728000.0,219867000.0,2927762000.0,12208000.0,168713000.0,672444830.0,2213980830.0,5.392687084827465,1.2813564564031892,0.5331997349227371,17.550498719136645,0.0266256861041192,5.392687084827465,0.21443287730964192,1.8784844345367795,8.546144451222613,7.330297378317981,0.28976666158304104,19.850344036697248,0.008476531821948873,0.11855352066917106,0.6931554075873142,0.006514661216752327,24.345419427247386,0.3230392321187132,1.2896245261174548,1.294489412995503,3.901737400780116,-0.6882765024092754,0.023308703154727668,1.4465505890899184,0.00038863054636094395,0.8237375566227358,3.166029008932522,-0.6374462649829808,Restaurants,Consumer Cyclical,DIN
2009Q4,2009,Q4,2010-03-04,2009-12-31,-44051000.0,355205000.0,74621000.0,-2.589559696666863,113005000.0,0.31814022888191323,3100868000.0,69904000.0,337144000.0,257967000.0,3030964000.0,12236000.0,155397000.0,413197190.0,1993281190.0,4.109341014637588,1.3069268549853277,0.5361073093082324,23.781157015335317,0.02460776236260674,4.109341014637588,-0.6301642252231632,1.1632640024774425,-2.344993246464325,5.9109234092469665,-0.22340014982633766,19.794050343249427,0.023816715694508956,0.1145501840129925,0.7249144270391175,-0.01420602231375215,8.422111045433237,0.31814022888191323,-6.629477601449701,-5.943457591297483,3.420477213725638,-0.7582150074062585,0.08045702265991013,-4.261828952239911,0.11546108196182191,-5.4726935244850115,3.2368765454372985,-0.7464883584653392,Restaurants,Consumer Cyclical,DIN
2009Q3,2009,Q3,2009-10-28,2009-09-30,13505000.0,333551000.0,66897000.0,0.46,104590000.0,0.3135652418970412,3202242000.0,115298000.0,317798000.0,199693000.0,3086944000.0,12086000.0,205314000.0,419314500.0,2048162500.0,6.805453901546453,1.5914328494238656,0.541471568981982,15.038621658658434,0.026209056879110026,6.805453901546453,0.11713125986573922,1.2571225989428902,7.76220844131803,3.636789016288227,0.35172158459829694,18.944315737216613,0.011328012744610547,0.10416170920249,0.9145888939522167,0.004217357713751803,11.083300293394656,0.3135652418970412,-0.5779816513761469,1.093651621466469,3.584640944019437,-0.5935769224586668,-0.04150514575830057,-0.4557507858466994,-0.21009564293304994,0.26162603817609936,3.007694186494845,-0.5609898225766933,Restaurants,Consumer Cyclical,DIN
2009Q2,2009,Q2,2009-07-30,2009-06-30,24814000.0,349650000.0,84690000.0,1.09,109119000.0,0.31208065208065205,3207933000.0,103231000.0,292832000.0,202451000.0,3104702000.0,11839000.0,197136000.0,528015510.0,2186218510.0,6.097879378581133,1.4464339519192297,0.5419605085268302,16.84157859557691,0.028902617420031085,6.097879378581133,0.24037353120671115,1.5101258687258687,5.3197339203675345,5.114892910075461,0.19142419601837674,20.316834192077035,0.008995947865243579,0.10899541854521276,0.8013988570073747,0.007735198958332359,491.17721860465116,0.31208065208065205,-0.39444444444444443,6.036093103889714,4.024895446014062,-0.6290714374387126,-0.0980037197768134,-0.3318973640989742,-0.1730784252460553,1.5826601613521853,3.837600204053911,-0.6081234127281148,Restaurants,Consumer Cyclical,DIN
2009Q1,2009,Q1,2009-04-30,2009-03-31,37141000.0,374237000.0,102416000.0,1.8,120975000.0,0.3232577217111082,3274140000.0,78640000.0,342784000.0,257888000.0,3195500000.0,10997000.0,177641000.0,199746120.0,1882897120.0,4.669279182994893,1.3291971708648715,0.5438396036821883,22.64251017293998,0.03497018801638814,4.669279182994893,0.4722914547304171,0.5337423076820303,1.3445122640747422,2.540006612410987,0.12789100993511213,23.03009911794126,0.023780186568830474,0.11430085457555267,0.6930217768953965,0.01134374217351732,3.6645957399966975,0.3232577217111082,1.2210816487267,3.3268386473474116,4.176648631711104,-0.7402092604229179,0.23034599190448102,1.2708570345089116,0.5112068583907571,2.225592073907505,3.6242315886078047,-0.7067902333740734,Restaurants,Consumer Cyclical,DIN
2008Q4,2008,Q4,2009-02-26,2008-12-31,-137124000.0,355525000.0,67771000.0,-8.141788386177414,98326000.0,0.2765656423598903,3361217000.0,42767000.0,399129000.0,282714000.0,3318450000.0,10959000.0,145810000.0,194693520.0,1948617520.0,2.5393064956655977,1.41177656571659,0.555860273228417,43.687118572731315,0.028298284621378237,2.5393064956655977,-3.206303925924194,0.5476225863160116,-0.3549588693445349,4.552424065283981,-0.06650185233802981,23.4692033944703,0.04683771704369,0.10577270078069938,0.8229129084516508,-0.04079593789987376,4.350790408724217,0.2765656423598903,-10.578114185900887,-20.798150879758456,3.396976034212564,-0.8578397456684335,-0.0702560611218276,-10.616740088105727,1.0823142628894489,-16.056709553435812,3.4193293338936304,-0.8408126537143403,Restaurants,Consumer Cyclical,DIN
2008Q3,2008,Q3,2008-10-31,2008-09-30,-11804000.0,391181000.0,32546000.0,-0.703205051828905,105756000.0,0.27035055383569245,3584667000.0,185218000.0,374132000.0,208795000.0,3399449000.0,13117000.0,292602000.0,283011960.0,2103931960.0,11.034076015727392,1.791862831964367,0.5358347093328334,10.370422961051302,0.00977717567566072,11.034076015727392,-0.06373030698960144,0.723480843906018,-5.993984242629617,1.5279938234944768,-0.7732971873941037,21.75992986201113,0.03225305389920624,0.10912617545785983,0.8599439641753873,-0.0032929139582560944,390.36132413793104,0.27035055383569245,0.5047851747683767,-2.368779337121149,3.781945359161054,-0.36921728510240476,-0.07971840545785219,0.3910755738973433,-0.4801539763924162,-2.1291692212127358,3.906750784576948,-0.30737306303499595,Restaurants,Consumer Cyclical,DIN
2008Q2,2008,Q2,2008-08-01,2008-06-30,-19385000.0,424133000.0,62607000.0,-1.42,114917000.0,0.27094567034397227,3646137000.0,198593000.0,379777000.0,254687000.0,3447544000.0,13323000.0,314080000.0,626452480.0,2543935480.0,11.843571087786259,1.4911518844699572,0.5362491864677602,9.845452760167781,0.01732312602277044,11.843571087786259,-0.09761169829752307,1.4770189539601966,-8.079087954604075,3.154453983775863,-0.46958988908950217,23.209187120018015,0.014531030350458505,0.11632393407049707,0.493040477134679,-0.005316585745406714,15.00844465740297,0.27094567034397227,-3.84,-3.2674671718155577,4.270235439539566,-0.32879589543734095,0.0008622341444721211,-2.39923487801357,-0.027010645737819566,-2.915381756979431,5.029748603091553,-0.2901249185607954,Restaurants,Consumer Cyclical,DIN
2008Q1,2008,Q1,2008-05-05,2008-03-31,13854000.0,442789000.0,64345000.0,0.5,114818000.0,0.2593063513321243,3743821000.0,221465000.0,356940000.0,276126000.0,3522356000.0,13205000.0,343102000.0,823880000.0,3057045000.0,12.875872093023256,1.292670737272115,0.6052498236427436,10.231625764793534,0.021832281517313076,12.875872093023256,0.06255616011559388,1.8606604951794194,14.867186372166882,3.720136364662588,0.4339540926808142,24.836879969708445,0.007297179200854494,0.11827194729662556,0.4357575889267943,0.0037004974329702196,-101.21375921375922,0.2593063513321243,1.6011043545117776,1.8788995511078004,4.837497279551505,-0.24989145152016665,0.08299455757930183,1.968337177605368,-0.0982538258871013,0.5982186738992441,4.996518862239184,-0.2557120744756824,Restaurants,Consumer Cyclical,DIN
2007Q4,2007,Q4,2008-02-28,2007-12-31,-14307000.0,213593000.0,71356000.0,-0.8318023255813953,106019000.0,0.49635989943490655,3831162000.0,209373000.0,433678000.0,381340000.0,3621789000.0,13280000.0,338790000.0,629176000.0,2866525000.0,12.172848837209303,1.1372476005664236,0.5909139315956882,10.812697912338267,0.017522911342479117,12.172848837209303,-0.0683325930277543,2.9456770587051073,-10.99419864402041,3.0050484064325387,-0.29698748864192354,8.100451807228916,0.006753277302376442,0.05575149262808516,0.37361147532385797,-0.003734376150107983,12.486871613709885,0.49635989943490655,-0.205510616784631,-2.4830352154187953,1.464513623313503,-0.28801383338289055,255.08454106280195,-0.23166322314049587,5.094330961670875,-2.587906826842788,1.6289268323887527,-0.2837751465586373,Restaurants,Consumer Cyclical,DIN
2007Q3,2007,Q3,2007-10-25,2007-09-30,-11616000.0,91355000.0,-17428000.0,-0.69,414000.0,0.004531771660007663,801133000.0,207878000.0,91953000.0,112974000.0,593255000.0,322000.0,359269000.0,1087396350.0,1234058350.0,12.275051668142899,0.8139306389080674,0.22530591050424836,0.8682977515658222,-0.019474257557533205,12.275051668142899,-0.05587892898719441,11.902975753926988,-23.402986182851237,5.230935211999346,-0.36363636363636365,282.4254658385093,0.0038845081648471603,0.11403225182335518,0.6780232619894843,-0.014499465132506089,49.57357419648963,0.004531771660007663,-1.8414634146341462,-2.461216003958548,0.22777135623600336,-0.25810205081053506,-0.9883831864863348,-1.8220806794055202,-1.8092872068725332,-2.8015482954332294,0.2561886929882005,-0.2669314423227734,Restaurants,Consumer Cyclical,DIN
2007Q2,2007,Q2,2007-08-09,2007-06-30,14130000.0,89487000.0,21535000.0,0.82,35638000.0,0.3982477901818141,779558000.0,240388000.0,91560000.0,46509000.0,539170000.0,302000.0,375109000.0,933801080.0,1099617080.0,14.011890883655864,1.9686512287944269,0.2544736889365512,0.8252367006672546,0.024908664642199603,14.011890883655864,0.05877997237798892,10.43504732530982,16.521604387827317,3.8845577982262007,0.30828025477707005,178.30794701986756,0.004664805056768621,0.11479197186097763,1.61454772194629,0.01812565582034948,131.57687473580387,0.3982477901818141,0.3015873015873015,0.8512819741424047,0.2849179566040028,-0.12603889936940255,-0.0466534695842919,0.24900556881463803,0.012887446498283241,2.953595456187819,0.2690207209313746,-0.14766917782991304,Restaurants,Consumer Cyclical,DIN
2007Q1,2007,Q1,2007-05-09,2007-03-31,11313000.0,90124000.0,21261000.0,0.63,37382000.0,0.41478407527406685,801529000.0,265385000.0,106857000.0,41678000.0,536144000.0,415000.0,365335000.0,1046433300.0,1174812300.0,14.874173298957515,2.5638706271894045,0.22481656933186447,0.6790022043446314,0.021841627145236676,14.874173298957515,0.04262863387154511,11.61103923483201,23.12457570936091,3.9430762853966876,0.39459029435163084,127.08915662650602,0.004265919289839114,0.11244009886105182,2.2704784298670764,0.014114274093638534,69.60908002394731,0.41478407527406685,0.08813746369796717,0.3499567854943206,0.2867187291428479,-0.04901145184703435,0.06383220922621588,0.09515972894482091,0.17438135218736192,0.2440705876236576,0.17677261111031503,-0.17242633595205906,Restaurants,Consumer Cyclical,DIN
