Quarters,Year,Quarter,FillingDate,Date,NetIncome,Revenue,OperatingIncome,EPSDiluted,GrossProfit,GrossProfitRatio,TotalAssets,CommonStockEquity,CurrentAssets,CurrentLiability,TotalLiability,Inventory,RetainedEarnings,MarketCap,EnterpriseValue,bookValuePerShare,currentRatio,debtToAssets,debtToEquity,roic,shareholdersEquityPerShare,roe,priceToSalesRatio,peRatio,pbRatio,payoutRatio,inventoryTurnover,dividendYield,assetTurnover,quickRatio,returnOnAssets,priceToFreeCashFlowsRatio,grossProfitMargin,epsdilutedGrowth,fiveYNetIncomeGrowthPerShare,fiveYRevenueGrowthPerShare,fiveYShareholdersEquityGrowthPerShare,grossProfitGrowth,netIncomeGrowth,operatingIncomeGrowth,threeYNetIncomeGrowthPerShare,threeYRevenueGrowthPerShare,threeYShareholdersEquityGrowthPerShare,Industry,Sector,Symbol
2023Q1,2023,Q1,2023-05-02,2023-03-31,334600000.0,1744600000.0,1213300000.0,1.51,1744600000.0,1.0,151108000000.0,11587800000.0,71630700000.0,0.0,2070900000.0,0.0,13958300000.0,18347520310.0,-11149979690.0,55.660535960458624,0.0,0.10724250205151283,1.3984708055023387,0.0328984727180316,55.660535960458624,0.02887519632717168,10.516749002636708,13.708547751046025,1.5833480306874472,0.5161386730424388,0.0,0.009412716109973338,0.011545384757921487,0.0,0.0022143102946237127,-62.406531666666666,1.0,1.1267605633802817,-0.0494850299831734,0.44963906695280287,0.22839090710857263,0.14851876234364714,1.1490044958253052,1.3323721645520954,-0.06900886583734749,0.2548682317479368,0.06863501860865258,Asset Management,Financial Services,NTRS
2022Q4,2022,Q4,2023-02-28,2022-12-31,155700000.0,1519000000.0,520200000.0,0.71,1519000000.0,1.0,155036700000.0,11259500000.0,8293600000.0,0.0,143777200000.0,0.0,13798500000.0,18443351270.0,-15799648730.0,54.022348781084624,0.0,0.07986947606598954,1.0997557618011458,0.017993022766795937,54.022348781084624,0.01382832274967805,12.141771737985517,29.61360191072575,1.6380257800079931,2.142581888246628,0.0,0.018087819025744772,0.009797680162180954,0.0,0.0010042783418377714,4.6996614183059835,1.0,-0.6055555555555556,-0.5248973564156002,0.3234583595009323,0.1992504553954468,-0.13437428766811033,-0.6056231003039514,0.19558722132843023,-0.5759575300294391,0.1439761107743222,0.026030089805961006,Asset Management,Financial Services,NTRS
2022Q3,2022,Q3,2022-10-25,2022-09-30,394800000.0,1754800000.0,435100000.0,1.8,1754800000.0,1.0,159839600000.0,11030400000.0,9112400000.0,0.0,148809200000.0,0.0,13806300000.0,17830715550.600002,-16973484449.399998,52.92894843854108,0.0,0.06837667261429584,0.9908344212358573,0.014914006636465664,52.92894843854108,0.03579199303742385,10.161109841919309,11.290979958586627,1.616506704253699,0.38171225937183384,0.0,0.008451707929070126,0.010978505952217098,0.0,0.0024699761510914692,-16.595975009865974,1.0,-0.03225806451612906,0.44755851564313504,0.6374670803213007,0.18722528454139503,-0.00785887940295132,-0.0035335689045936395,-0.014272768463978252,0.050050568283976776,0.3356818421016262,0.04365196056744998,Asset Management,Financial Services,NTRS
2022Q2,2022,Q2,2022-07-26,2022-06-30,396200000.0,1768700000.0,441400000.0,1.86,1768700000.0,1.0,157786300000.0,11069700000.0,9930800000.0,0.0,146716600000.0,0.0,13586100000.0,20104887451.68,-17640812548.32,53.12164311125033,0.0,0.05016151592375257,0.7149967930476887,0.017040078658323275,53.12164311125033,0.03579139452740363,11.367042150551253,12.686072344573448,1.8162088811512507,0.4093891973750631,0.0,0.008067690027603028,0.011209464953547932,0.0,0.0025109911316761975,-11.301229596222598,1.0,0.0,0.6266208505472528,0.6854570235191081,0.20932083514628094,0.029091755396520626,0.0177241202157719,-0.14007403078121955,0.05532763397736718,0.38957897296017313,0.06257543106959745,Asset Management,Financial Services,NTRS
2022Q1,2022,Q1,2022-05-03,2022-03-31,389300000.0,1718700000.0,513300000.0,1.86,1718700000.0,1.0,172565000000.0,11409800000.0,74963400000.0,0.0,161155200000.0,0.0,13342600000.0,24224506824.9,-31075893175.1,54.848225377875565,0.0,0.04059629704748935,0.613989728128451,0.021243495601893904,54.848225377875565,0.03411979175796245,14.094668543026707,15.556451852620087,2.1231315908166666,0.3858207038273825,0.0,0.006200332625373068,0.009959725320893576,0.0,0.0022559615217454293,40.515983985449076,1.0,-0.04615384615384608,0.5525721878177928,0.6728465109626329,0.2591613803838737,0.03101379724055189,-0.04207677165354331,0.003911597887737141,0.17663759816025854,0.3950264976306419,0.12751381490471442,Asset Management,Financial Services,NTRS
2021Q4,2021,Q4,2022-02-28,2021-12-31,406400000.0,1667000000.0,511300000.0,1.95,1667000000.0,1.0,183889800000.0,12016800000.0,6947400000.0,0.0,171873000000.0,0.0,13117300000.0,24843953880.0,-36875446120.0,57.854295453232425,0.0,0.042950179944727766,0.6572548432194927,0.01981512926349992,57.854295453232425,0.03381931961919979,14.903391649670066,15.282944069881891,2.0674350808867583,0.39788385826771655,0.0,0.006508625832306528,0.009065211882333876,0.0,0.0022100192615359853,13.281985501202888,1.0,0.08333333333333329,0.6712754096881063,0.6903700961537461,0.3479321326028539,0.02032072469090464,0.027040687389436442,0.0,0.05170090879499682,0.3515892430442215,0.21303362186269847,Asset Management,Financial Services,NTRS
2021Q3,2021,Q3,2021-10-26,2021-09-30,395700000.0,1633800000.0,0.0,1.8,1633800000.0,1.0,169085700000.0,11898800000.0,0.0,0.0,157186900000.0,0.0,12862400000.0,22436985960.0,-25141914040.0,57.17388379557554,0.0,0.056678950378417574,0.8054257572192154,0.0,57.17388379557554,0.03325545433152923,13.73300646345942,14.175502880970432,1.885651154738293,0.3810967904978519,0.0,0.0067210453431152395,0.009662555733571792,0.0,0.0023402333846091064,64.75320623376624,1.0,0.046511627906976785,0.6720898769546699,0.6839658312310799,0.3520294405989357,0.19938335046248715,0.07497962510187449,0.0,0.12934725783641096,0.3564339788896487,0.22706645116881763,Asset Management,Financial Services,NTRS
2021Q2,2021,Q2,2021-07-27,2021-06-30,368100000.0,1362200000.0,0.0,1.72,1362200000.0,1.0,172291100000.0,11823000000.0,112964800000.0,0.0,160468100000.0,0.0,12630900000.0,24091623780.0,-29169276220.0,56.74068599455773,0.0,0.05583399258580391,0.8136428994333079,0.0,56.74068599455773,0.03113422989089064,17.685819835560125,16.362146006519968,2.0376912611012434,0.4400977995110024,0.0,0.006724328815664413,0.007906386342649155,0.0,0.002136500376397852,-17.99359457763836,1.0,0.011764705882352951,0.5418488382406883,0.2848778851382489,0.44227768848323606,-0.01788031723143475,-0.018661690215942415,0.0,0.014551285869039565,0.10999358173038673,0.2282493749003437,Asset Management,Financial Services,NTRS
2021Q1,2021,Q1,2021-04-27,2021-03-31,375100000.0,1387000000.0,0.0,1.7,1387000000.0,1.0,163924100000.0,11457900000.0,102708000000.0,0.0,152466200000.0,0.0,12415600000.0,21874757430.0,-24900542570.0,55.056147381470645,0.0,0.060169920103267306,0.8608296459211549,0.0,55.056147381470645,0.032737238062821285,15.771274282624368,14.579283810983739,1.9091419396224438,0.4014929352172754,0.0,0.0068846477718404585,0.008461232973064973,0.0,0.0022882541371280975,-588.0311137096775,1.0,0.5178571428571427,0.7041345388421256,0.4649219140496997,0.42501600378186266,0.055716242959354546,0.5570776255707762,0.0,0.06594423696463637,0.1529085891577734,0.2150524542536356,Asset Management,Financial Services,NTRS
2020Q4,2020,Q4,2021-02-23,2020-12-31,240900000.0,1313800000.0,0.0,1.12,1313800000.0,1.0,170003900000.0,11688300000.0,108968200000.0,0.0,158315600000.0,0.0,12207700000.0,19394076500.0,-36280623500.0,56.13302917517109,0.0,0.05059295698510446,0.7358640691974025,0.0,56.13302917517109,0.020610353943687276,14.76181800882935,20.126687941054378,1.6592726487170932,0.6724782067247821,0.0,0.00835306594773925,0.007728058003375217,0.0,0.0014170263152786496,14.849982006125574,1.0,-0.15151515151515146,0.11385008010266479,0.45133470586813773,0.48549199102870944,0.011315526133477022,-0.18200339558573855,0.0,-0.26421927534679224,0.14576232362423477,0.2461057751087711,Asset Management,Financial Services,NTRS
2020Q3,2020,Q3,2020-10-27,2020-09-30,294500000.0,1299100000.0,0.0,1.32,1299100000.0,1.0,152082000000.0,11579100000.0,91568400000.0,8245300000.0,140502900000.0,0.0,12118300000.0,16226024820.0,-11364175180.0,55.64039479880446,11.105526784956279,0.12589458318538682,1.6535222944788455,0.0,55.64039479880446,0.025433755645948304,12.490204618582096,13.774214617996604,1.401320035235899,0.5110356536502547,0.0,0.009275223085724333,0.008542102286924159,8.447903654203001,0.0019364553333070318,-79.69560324165029,1.0,-0.09589041095890405,0.40086005583307843,0.453776932748823,0.4709408805186359,-0.02315963606286187,-0.06000638365783594,0.0,0.08132857040090082,0.2139503619782743,0.24804451053301482,Asset Management,Financial Services,NTRS
2020Q2,2020,Q2,2020-07-28,2020-06-30,313300000.0,1329900000.0,0.0,1.46,1329900000.0,1.0,151432900000.0,11382200000.0,95029500000.0,8229100000.0,140050700000.0,0.0,11988400000.0,16508194460.0,-12170005540.0,54.7039683950997,11.54798216086814,0.13770059214345098,1.8320184147177172,0.0,54.7039683950997,0.027525434450282018,12.413109602225731,13.172833115225023,1.4503518177505228,0.5269709543568465,0.0,0.010001093723486463,0.00878210745485294,8.582749024802226,0.002068903124750302,5.409507638365501,1.0,-0.05806451612903231,0.30410186643922277,0.34409855945707357,0.4577366792028047,-0.046598322460391424,-0.13117027176927343,-1.0,0.2882176053913376,0.2692274755645415,0.2453426677114062,Asset Management,Financial Services,NTRS
2020Q1,2020,Q1,2020-04-27,2020-03-31,360600000.0,1394900000.0,227000.0,1.55,1394900000.0,1.0,694833000.0,10879700000.0,5833000.0,146687300000.0,150829500000.0,0.0,11828100000.0,15762160259.999998,-19632739740.0,52.08563727672694,3.9764860352600395e-05,29.444053463206266,1.880447071150859,5.664735518092249e-06,52.08563727672694,0.033144296258168886,11.299849637966878,10.927731738768719,1.4487679127181814,0.4240155296727676,0.0,0.009700446986826919,2.007532745278362,0.6640806668334613,0.5189736238779677,-5.593980998686871,1.0,-0.08823529411764701,0.7464038748202703,0.5594458091450921,0.4122168912681596,0.03941877794336811,-0.028294260307194827,0.0,0.43221967053531213,0.3521211482743953,0.19574010790132726,Asset Management,Financial Services,NTRS
2019Q4,2019,Q4,2020-02-25,2019-12-31,371100000.0,1342000000.0,0.0,1.7,1342000000.0,1.0,136828400000.0,11091000000.0,136132400000.0,121738600000.0,125737400000.0,0.0,11656700000.0,22379243520.0,-2332156480.0,52.651817249629715,1.1182353008823824,0.13543241023062463,1.6708141736543143,0.0,52.651817249629715,0.03345956180687044,16.676038390461997,15.076289086499596,2.0177841060319177,0.44731878199946107,0.0,0.007417587634347348,0.009807905376369233,0.4725247374292131,0.0027121562482642493,16.087444123355617,1.0,0.0059171597633136145,0.6926030648752233,0.5133290251779916,0.46091359419728534,-0.0014137956693206339,-0.035101404056162244,0.0,0.504808245412013,0.34182105122957657,0.2267209505313201,Asset Management,Financial Services,NTRS
2019Q3,2019,Q3,2019-10-28,2019-09-30,384600000.0,1343900000.0,0.0,1.69,1343900000.0,1.0,124355800000.0,10811300000.0,55446900000.0,109509600000.0,113544500000.0,0.0,11441200000.0,19893677640.0,8493277640.0,50.715133433719394,0.5063199938635516,0.161635404219184,1.8591936214886275,0.0,50.715133433719394,0.035573890281464765,14.802944891733016,12.93140772230889,1.8400819179932109,0.35101404056162244,0.0,0.006786075578532397,0.01080689441103672,0.6622533549570083,0.0030927387383620224,43.33190511871052,1.0,-0.034285714285714315,1.0793952447862554,0.5866467670733178,0.3992938526281338,0.01795182548098773,-0.012326656394453005,0.0,0.5866019043400117,0.35227949053639135,0.19929500908941652,Asset Management,Financial Services,NTRS
2019Q2,2019,Q2,2019-07-30,2019-06-30,389400000.0,1320200000.0,0.0,1.75,1320200000.0,1.0,126550900000.0,10805500000.0,53567800000.0,111754600000.0,115745400000.0,0.0,11225500000.0,19809139350.0,2730539350.0,49.99329135417486,0.4793341840067433,0.15817192923953918,1.8524640229512748,0.0,49.99329135417486,0.03603720327610939,15.004650318133615,12.717731991525426,1.8332459719587249,0.3810991268618387,0.0,0.007491491547309449,0.010432166029637088,0.6825132925177129,0.003077022763172763,-326.34496457990116,1.0,0.18243243243243246,1.3375775928568923,0.5383550376145722,0.4670711800130394,0.021431334622823983,0.12186689714779603,0.0,0.5724320864544445,0.20049588680680053,0.27076730621276107,Asset Management,Financial Services,NTRS
2019Q1,2019,Q1,2019-04-29,2019-03-31,347100000.0,1292500000.0,0.0,1.48,1292500000.0,1.0,121869400000.0,10616200000.0,54275600000.0,107825700000.0,111253200000.0,0.0,10972900000.0,20230569900.0,7491269900.0,48.64528013123348,0.5033642257829071,0.16098052505386914,1.8479870386767394,0.0,48.64528013123348,0.03269531470771086,15.652278452611219,14.571139369057908,1.9056319492850549,0.36502448861999426,0.0,0.006262799349018832,0.010605615519564387,0.6629532662435764,0.002848130867961933,99.8054755796744,1.0,-0.1777777777777778,1.0797842249516434,0.5677435521597134,0.45176322098683125,-0.012076740808683024,-0.1532080995364723,0.0,0.5037729032967564,0.30178539018704514,0.25908378977475605,Asset Management,Financial Services,NTRS
2018Q4,2018,Q4,2019-02-26,2018-12-31,409900000.0,1308300000.0,0.0,1.8,1308300000.0,1.0,132212500000.0,10508300000.0,55824700000.0,118302900000.0,121704200000.0,0.0,10776800000.0,18417217520.0,1458417520.0,47.69389274173051,0.4718793875720714,0.16615070435851376,2.0904618254141965,0.0,47.69389274173051,0.039007260927076695,14.077212810517466,11.23275037814101,1.7526352997154633,0.3393510612344474,0.0,0.007552715270314078,0.009895433487756452,0.6547675500769634,0.0031003119977309258,65.49508364153627,1.0,0.1392405063291139,1.6116753407578313,0.5839095032553961,0.4360491253888999,0.016234270622961008,0.0945260347129506,0.0,0.7911462051798231,0.36586835459619127,0.2621605626827821,Asset Management,Financial Services,NTRS
2018Q3,2018,Q3,2018-10-29,2018-09-30,374500000.0,1287400000.0,0.0,1.58,1287400000.0,1.0,132378500000.0,10364500000.0,55651000000.0,118644000000.0,122014000000.0,0.0,10496300000.0,23058441380.0,3808741380.0,46.59395890183103,0.4690586966049695,0.16189562504485244,2.067779439432679,0.0,46.59395890183103,0.036132953832794634,17.910860167780022,15.392818010680907,2.224751930146172,0.2667556742323097,0.0,0.004332469760365044,0.009725144188822202,0.6604101345200769,0.0028290092424374047,17.424953812438602,1.0,-0.059523809523809444,0.9561293820690839,0.5406711284330584,0.43010688865644797,-0.025066262779250285,-0.04072745901639344,0.0,0.6665837119977311,0.34782824671630974,0.23178419530878527,Asset Management,Financial Services,NTRS
2018Q2,2018,Q2,2018-07-30,2018-06-30,390400000.0,1320500000.0,0.0,1.68,1320500000.0,1.0,135106200000.0,10357600000.0,54298400000.0,121563000000.0,124748600000.0,0.0,10262500000.0,23068761120.0,3256661120.0,46.19638906729465,0.4466688054753502,0.16771399091973574,2.187688267552329,0.0,46.19638906729465,0.03769212945083803,17.46971686482393,14.772516086065574,2.227230354522283,0.28662909836065575,0.0,0.004850715624385467,0.009773792764506736,0.6554881008201509,0.0028895787165947972,104.57280652765186,1.0,0.06329113924050624,1.1844228296196366,0.5967111768575599,0.43374105048858885,0.012187643722213705,0.023060796645702306,0.0,0.5080550866108301,0.238530797846098,0.23102898685045437,Asset Management,Financial Services,NTRS
2018Q1,2018,Q1,2018-05-04,2018-03-31,381600000.0,1304600000.0,0.0,1.58,1304600000.0,1.0,129672200000.0,10226000000.0,54682900000.0,116248000000.0,119446200000.0,0.0,9973800000.0,23274481530.0,1222481530.0,45.311745339660845,0.4703986305140734,0.1419548677357213,1.8000782319577548,0.0,45.311745339660845,0.03731664384901232,17.84032004445807,15.247956977201257,2.2760103197731274,0.26441299790356393,0.0,0.004335220093729839,0.010060753191509052,0.6477453375541945,0.002942805011405683,-41.29609923704755,1.0,0.04635761589403978,1.4658837139104504,0.6332718843514054,0.4236701448215348,0.04459924733765714,0.07010656197420079,0.0,0.7105322645220328,0.34992154229266836,0.22855388715964817,Asset Management,Financial Services,NTRS
2017Q4,2017,Q4,2018-02-27,2017-12-31,356600000.0,1248900000.0,0.0,1.51,1248900000.0,1.0,138590500000.0,10216200000.0,51309700000.0,125164000000.0,128374300000.0,0.0,9685100000.0,22654152990.0,-9508347010.0,45.04676111485905,0.4099397590361446,0.13310147520933974,1.8056224427869463,0.0,45.04676111485905,0.03490534641060277,18.139284962767235,15.882047805664609,2.2174735214659074,0.31688166012338753,0.0,0.0049880478890506515,0.009011440178078584,0.6870841456009715,0.0025730479361861023,31.04159083310496,1.0,0.2583333333333334,1.2451645887275025,1.9935165285988306,0.43306991225185193,0.06515991471215352,0.1950402144772118,0.0,0.5106958338402273,0.3080972590613612,0.24989846742123736,Asset Management,Financial Services,NTRS
2017Q3,2017,Q3,2017-10-26,2017-09-30,298400000.0,1172500000.0,0.0,1.2,1172500000.0,1.0,131400200000.0,10165200000.0,49919600000.0,117797000000.0,121235000000.0,0.0,9431200000.0,20961051230.0,-5838248770.0,44.582059637473634,0.4237764968547586,0.13857437051085159,1.7912780860189668,0.0,44.582059637473634,0.029355054499665526,17.87722919402985,17.56120243800268,2.062040218588911,0.3109919571045576,0.0,0.004427258870832882,0.008923121882615095,0.6802117201626527,0.0022709250062024258,49.366583207724915,1.0,0.07142857142857129,0.7583907923434403,0.27030304168678826,0.4219298825214085,0.015855137757754288,0.11384845091452034,0.0,0.5083812743174071,0.29422771430204425,0.23007468904223233,Asset Management,Financial Services,NTRS
2017Q2,2017,Q2,2017-07-27,2017-06-30,267900000.0,1154200000.0,0.0,1.12,1154200000.0,1.0,125605700000.0,10067900000.0,49111100000.0,112092000000.0,115537800000.0,0.0,9247500000.0,22280240370.0,-5146659630.0,43.92684022914785,0.4381320700852871,0.09690881862845396,1.2090207491135192,0.0,43.92684022914785,0.02660932269887464,19.3036218766245,20.791564361702125,2.212997782059814,0.40313549832026874,0.0,0.004847344472343321,0.009189073425807905,0.6733228062662813,0.0021328649894073277,-37.30159110999498,1.0,0.027522935779816536,0.5678194767005516,0.22725290941156145,0.43187959055003794,0.020242199239812606,-0.02969938428105759,0.0,0.5165858899928755,0.2683003976887406,0.28904898204583984,Asset Management,Financial Services,NTRS
2017Q1,2017,Q1,2017-05-02,2017-03-31,276100000.0,1131300000.0,0.0,1.09,1131300000.0,1.0,121488700000.0,9977700000.0,48586600000.0,108415000000.0,111511000000.0,0.0,9074400000.0,19832014800.0,-3971585200.0,43.559329433336245,0.44815385324908913,0.0992100499881882,1.2079838038826582,0.0,43.559329433336245,0.02767170790863626,17.53028798727128,17.95727526258602,1.9876339036050392,0.3361101050344078,0.0,0.00467930267982656,0.009311977163308192,0.6679334040492552,0.0022726393483509166,28.72123794351919,1.0,-0.018018018018018032,0.8027325888370185,0.23339002913900503,0.45388729830034275,0.046724648408586235,0.03602251407129456,0.0,0.5761922919527979,0.30737864019207656,0.2999787899579563,Asset Management,Financial Services,NTRS
2016Q4,2016,Q4,2017-02-28,2016-12-31,266500000.0,1080800000.0,0.0,1.11,1080800000.0,1.0,123926900000.0,9770400000.0,49833200000.0,111075000000.0,114156500000.0,0.0,8908400000.0,20271163900.0,-2533236100.0,42.92077772603871,0.4486446094980869,0.11298918959483373,1.433145009416196,0.0,42.92077772603871,0.02727626299844428,18.755703090303477,19.016101219512194,2.0747527122738068,0.3448405253283302,0.0,0.004533533469185753,0.008721270361801998,0.6610875534548728,0.002150461279996514,30.098238901262064,1.0,0.0277777777777778,1.1671778334450733,0.1975054972518824,0.4534677261784453,0.023387936748413975,0.03454968944099379,0.0,0.643476181980733,0.2664652855766064,0.29233203186536266,Asset Management,Financial Services,NTRS
2016Q3,2016,Q3,2016-10-26,2016-09-30,257600000.0,1056100000.0,0.0,1.08,1056100000.0,1.0,120085000000.0,9579800000.0,49583100000.0,107330000000.0,110505200000.0,0.0,8736100000.0,15402454599.999998,-5694945400.0,42.2874547541273,0.461968694679959,0.09876171045509431,1.2380007933359778,0.0,42.2874547541273,0.026889914194450824,14.584276678344851,14.94803435559006,1.6078054447900791,0.3404503105590062,0.0,0.005693897646677693,0.008794603822292543,0.6607220721140408,0.0021451471874089187,14.503252919020714,1.0,-0.009174311926605512,0.6081708875423758,0.15642684659707284,0.4247422000687693,-0.08776021421784573,-0.011891062523973917,0.0,0.3211905556395176,0.24101013817666103,0.297927494743289,Asset Management,Financial Services,NTRS
2016Q2,2016,Q2,2016-07-27,2016-06-30,260700000.0,1157700000.0,0.0,1.09,1157700000.0,1.0,121509600000.0,8951500000.0,46318200000.0,109366000000.0,112558100000.0,0.0,8566300000.0,15076535360.000002,-4123964640.0,39.341027353913226,0.4235155349925937,0.13282160421892591,1.8029492263866391,0.0,39.341027353913226,0.029123610568061217,13.022834378509115,14.457743920214806,1.6842468145003633,0.3379363252780974,0.0,0.005843517618360826,0.009527642260364613,0.6600652853720534,0.0021455094906081495,-46.70549987608427,1.0,0.07920792079207928,0.8202694703718372,0.3004521907292532,0.35226871772886686,0.1130660513412172,0.07816377171215881,0.0,0.4373711194678929,0.37938334738975266,0.2209795402739046,Asset Management,Financial Services,NTRS
2016Q1,2016,Q1,2016-04-28,2016-03-31,241800000.0,1040100000.0,0.0,1.01,1040100000.0,1.0,117798800000.0,8832800000.0,46205000000.0,105786000000.0,108966000000.0,0.0,8394800000.0,14899100230.0,-8087099770.0,38.63545899509665,0.4367780235569924,0.10161054272199717,1.355130875826465,0.0,38.63545899509665,0.027375237750203785,14.324680540332661,15.404363347808108,1.686792436147088,0.36683209263854427,0.0,0.005953379642443012,0.008829461760221665,0.663497060102471,0.00205265248881992,-39.614730736506246,1.0,0.02020202020202022,0.6959320821486478,0.22680696072779363,0.35022793000299807,0.038438498402555914,0.010447137484329294,0.0,0.5424219590395308,0.2854017445156143,0.21390489575009197,Asset Management,Financial Services,NTRS
2015Q4,2015,Q4,2016-02-29,2015-12-31,239300000.0,1001600000.0,0.0,0.99,1001600000.0,1.0,116749600000.0,8705900000.0,44012000000.0,104928000000.0,108043700000.0,0.0,8242800000.0,16608887190.0,-8223012810.0,37.787500379789144,0.419449527294907,0.10410570999814989,1.3960991970962222,0.0,37.787500379789144,0.027487106445054504,16.58235542132588,17.351532793564566,1.9077737155262522,0.37358963643961557,0.0,0.005382660438191585,0.008579044382164907,0.6810489097285758,0.0020496858233347267,13.824610612618612,1.0,0.03125000000000003,0.6014015539260062,0.1750911908438934,0.3400087283121163,0.004412354592860008,0.020034100596760442,0.0,0.48309800175925016,1.3632442879971836,0.20213148544477078,Asset Management,Financial Services,NTRS
2015Q3,2015,Q3,2015-10-28,2015-09-30,234600000.0,997200000.0,0.0,0.96,997200000.0,1.0,119995200000.0,8784500000.0,41424600000.0,108042000000.0,111210700000.0,0.0,8093700000.0,15828933120.0,-12685866880.0,37.82639774019084,0.38341200644193923,0.10132155286211449,1.3840400705788605,0.0,37.82639774019084,0.026706130115544426,15.873378580024067,16.868002046035805,1.8019162297228073,0.38192668371696503,0.0,0.005660520473536501,0.008310332413296533,0.6819847836952296,0.0019550782031281253,-13.93024123910939,1.0,-0.12727272727272737,0.5719335845432824,0.1688320053500026,0.3530927248136227,-0.10056823306575269,-0.12852897473997027,0.0,0.3573077437489612,0.060743778869831566,0.20646030560928108,Asset Management,Financial Services,NTRS
2015Q2,2015,Q2,2015-07-29,2015-06-30,269200000.0,1108700000.0,0.0,1.1,1108700000.0,1.0,119942900000.0,8749300000.0,45980500000.0,108057000000.0,111193600000.0,0.0,7949800000.0,17826572540.0,-12301627460.0,37.5266460503798,0.4255207899534505,0.08473782107986383,1.1616586469774726,0.0,37.5266460503798,0.030768175739773466,16.078806295661586,16.555137945765228,2.0374855748459875,0.30794947994056465,0.0,0.004650361128814054,0.009243565063042497,0.6863201828664501,0.0022444012942825294,18.98665730109703,1.0,0.17021276595744697,0.4001638849801564,0.19374419668327028,0.3721636609327195,0.10936561937162298,0.1668833983528392,0.0,0.5487230744295631,0.15889054499163172,0.22325298840135643,Asset Management,Financial Services,NTRS
2015Q1,2015,Q1,2015-04-28,2015-03-31,230700000.0,999400000.0,0.0,0.94,999400000.0,1.0,106952000000.0,8607600000.0,40677700000.0,95171000000.0,98344400000.0,0.0,7771700000.0,16254986650.000002,-2110813349.999998,36.882179783272846,0.42741696525202005,0.0929903134116239,1.1554324085691714,0.0,36.882179783272846,0.026801895998884707,16.26474549729838,17.614853326831383,1.8884458676053721,0.37494581707845687,0.0,0.005321443927485477,0.009344378786745456,0.6459562261613306,0.002157042411549106,40.954866843033514,1.0,-0.04081632653061228,0.5200200922967395,0.15283100829615787,0.3828400406278552,0.01266592359914885,-0.05450819672131148,0.0,0.4784146506277878,0.06941371908516111,0.23102291559824606,Asset Management,Financial Services,NTRS
2014Q4,2014,Q4,2015-02-26,2014-12-31,244000000.0,986900000.0,0.0,0.98,986900000.0,1.0,109946500000.0,8448900000.0,36784600000.0,98140000000.0,101497600000.0,0.0,7625400000.0,15800514600.000002,-10986985400.0,36.04033630651498,0.3748176074994905,0.0780170355582033,1.0152445880528826,0.0,36.04033630651498,0.028879499106392547,16.010248860066877,16.189051844262295,1.8701268330788625,0.3176229508196721,0.0,0.004904903540293554,0.00897618387124647,0.6775270022416955,0.002219261186122341,-34.28931119791667,1.0,0.16666666666666669,0.25519666190028145,0.08134288514116059,0.3792061906788421,0.053817405232247734,0.19315403422982885,0.0,0.926728800578356,0.06179030365635652,0.22046869692105717,Asset Management,Financial Services,NTRS
2014Q3,2014,Q3,2014-10-31,2014-09-30,204500000.0,936500000.0,0.0,0.84,936500000.0,1.0,111153700000.0,8542600000.0,35227600000.0,99238000000.0,102611100000.0,0.0,7469400000.0,16034739030.0,-15004060970.0,36.24337614180678,0.35498095487615633,0.07685394188407584,1.0,0.0,36.24337614180678,0.0239388476576218,17.12198508275494,19.602370452322738,1.8770326399456843,0.3691931540342298,0.0,0.004708526896430568,0.008425270593781403,0.6975926560390173,0.0018397948066506107,-44.45450243970058,1.0,0.11999999999999995,0.11473376760097623,0.04522953910782733,0.4059632180114127,-0.0006402731832248426,0.12424409015942826,0.0,0.22705243222828286,-0.01439164695525916,0.2211060647285199,Asset Management,Financial Services,NTRS
2014Q2,2014,Q2,2014-07-28,2014-06-30,181900000.0,937100000.0,0.0,0.75,937100000.0,1.0,105761200000.0,8042600000.0,37907900000.0,94292000000.0,97718600000.0,0.0,7344100000.0,15154394729.999998,-13570205270.0,34.07693643994187,0.40202668306961353,0.053128179332307124,0.6986422301245866,0.0,34.07693643994187,0.02261706413348917,16.171587589371462,20.82792018966465,1.8842656267873572,0.4117647058823529,0.0,0.004942460674574233,0.008860527301127446,0.6960219318712085,0.001719912406440169,16.877597427330436,1.0,0.0,-0.42243813463835045,-0.09690452429430588,0.30918221963328485,0.04575382211806718,0.0027563395810363835,0.0,0.2244513850374433,0.014842131878863265,0.17132617634055308,Asset Management,Financial Services,NTRS
2014Q1,2014,Q1,2014-04-28,2014-03-31,181400000.0,896100000.0,0.0,0.75,896100000.0,1.0,103832600000.0,7948300000.0,37430100000.0,91879000000.0,95884300000.0,0.0,7241400000.0,15551356480.0,-10431243520.0,33.50772317965667,0.40738471250231284,0.0679988751124406,0.888303159166111,0.0,33.50772317965667,0.02282249034384711,17.354487758062717,21.432409702315326,1.9565638539058667,0.41345093715545755,0.0,0.004822730422034541,0.008630237516926284,0.7012364087549929,0.0017470428362575915,34.5508919795601,1.0,0.0714285714285715,0.05567410476570469,-0.055755594466243244,0.14705648852562012,0.003359086328518643,0.06894519740718916,0.0,0.22623139476215687,0.018686618646999133,0.17102436168089133,Asset Management,Financial Services,NTRS
2013Q4,2013,Q4,2014-02-26,2013-12-31,169700000.0,893100000.0,0.0,0.7,893100000.0,1.0,102947300000.0,7912000000.0,33882700000.0,91052000000.0,95035300000.0,0.0,7134800000.0,14743930920.0,13206930920.0,33.21188105512366,0.3721247199402539,0.05382851225821367,0.700391809908999,0.0,33.21188105512366,0.021448432760364004,16.5087122606651,21.72058179139658,1.8634897522750253,0.4378314672952269,0.0,0.0050393616467107,0.008675312514267008,0.7162862979396389,0.0016484162284974935,-56.948361993047506,1.0,-0.16666666666666669,-0.5360490340279511,-0.2652394608766151,0.15883963663416356,-0.009097969599467437,-0.1782082324455206,0.0,0.09827751999654327,0.013328014030879631,0.1777495216733852,Asset Management,Financial Services,NTRS
2013Q3,2013,Q3,2013-10-25,2013-09-30,206500000.0,901300000.0,0.0,0.84,901300000.0,1.0,95969500000.0,7817100000.0,33255500000.0,84885000000.0,88152400000.0,0.0,7040100000.0,13047393400.0,-7080906600.0,32.5807527195432,0.3917712198857278,0.08751843033463756,1.0744521625666807,0.0,32.5807527195432,0.026416445996597204,14.476193720181959,15.795875786924942,1.6690835987770403,0.36077481840193704,0.0,0.005709952763438558,0.009391525432559302,0.6792625316604818,0.0021517252877216197,6.047739593955687,1.0,0.07692307692307684,2.2878049306019492,-0.10001396003241181,0.49496337855726935,0.019224245165667758,0.08058608058608059,0.0,0.33925645836933793,0.022531521103435932,0.1654501117595222,Asset Management,Financial Services,NTRS
2013Q2,2013,Q2,2013-08-02,2013-06-30,191100000.0,884300000.0,0.0,0.78,884300000.0,1.0,97236000000.0,7724600000.0,34884500000.0,85855000000.0,89511400000.0,0.0,6909200000.0,14087063640.0,-4532336360.0,32.2208735333008,0.40631879331430903,0.10917458554444856,1.3742718069544053,0.0,32.2208735333008,0.024739145069000337,15.93018618116024,18.42891632653061,1.8236625378660385,0.36996336996337,0.0,0.00501878899725053,0.009094368340943683,0.6778615106866228,0.001965321485869431,-8.363749712046548,1.0,0.16417910447761191,-0.1843826962958581,-0.24753247705288972,0.431891063293383,0.044654459539279386,0.1652439024390244,0.0,-0.033372000968889336,-0.07404108283875704,0.1781578275486925,Asset Management,Financial Services,NTRS
2013Q1,2013,Q1,2013-04-30,2013-03-31,164000000.0,846500000.0,0.0,0.67,846500000.0,1.0,93156800000.0,7612100000.0,33884000000.0,81667000000.0,85544700000.0,0.0,6793800000.0,13005955840.0,-6732144160.0,31.827418383730265,0.4149044289615144,0.09187520395719904,1.1243677828720064,0.0,31.827418383730265,0.02154464602409322,15.364389651506203,19.826152195121953,1.708589724254805,0.006707317073170732,0.0,8.457663654499999e-05,0.00908682994692819,0.6892049420206449,0.0017604726654414922,54.14636069941715,1.0,-0.02898550724637668,-0.607798702731949,-0.31198927163612805,0.47365219177053114,0.9216799091940976,-0.022063208109719738,0.0,0.05440633551698481,-0.04716941029082724,0.19331961368503894,Asset Management,Financial Services,NTRS
2012Q4,2012,Q4,2013-02-26,2012-12-31,167700000.0,440500000.0,0.0,0.69,440500000.0,1.0,97463800000.0,7527000000.0,34786200000.0,85833000000.0,89936800000.0,0.0,6702700000.0,12011112960.0,-11845587040.0,31.433749832954696,0.4052776903987977,0.06483638027657448,0.8395376644081307,0.0,31.433749832954696,0.02227979274611399,27.266998774120317,17.905654382826473,1.595737074531686,0.8634466308884914,0.0,0.012055502307090116,0.0045196267742484905,0.7091503267973857,0.0017206388423188917,-107.24208,1.0,-0.05479452054794526,0.23438846331351054,-0.5769771010516541,0.535892620114386,-0.5470437017994859,-0.06208053691275168,0.0,-0.15542032984867216,-0.5274782515329088,0.2029194732576382,Asset Management,Financial Services,NTRS
2012Q3,2012,Q3,2012-10-26,2012-09-30,178800000.0,972500000.0,0.0,0.73,972500000.0,1.0,93632500000.0,7532200000.0,32586000000.0,81784000000.0,86100300000.0,0.0,6607900000.0,11263511745.0,-11554088255.0,31.353205376357515,0.3984397926244742,0.06576135423063573,0.8174769655611906,0.0,31.353205376357515,0.02373808449058708,11.582017218508998,15.74875803271812,1.4953813952098987,0.4105145413870246,0.0,0.006516617699855739,0.010386350893119376,0.36747040986011936,0.0019095933570074494,59.53230309196617,1.0,0.0,-0.2142344466284576,0.018924525745964416,0.5816481036019354,-0.01618614061709661,-0.004454342984409799,0.0,-0.04376004002061812,0.06491521544671422,0.21626234138459108,Asset Management,Financial Services,NTRS
2012Q2,2012,Q2,2012-07-27,2012-06-30,179600000.0,988500000.0,0.0,0.73,988500000.0,1.0,94455900000.0,7390300000.0,32785600000.0,83009000000.0,87065600000.0,0.0,6502200000.0,11086264020.0,-11096835980.0,30.677747290380697,0.39496440145044515,0.08773512295155729,1.1213482537921329,0.0,30.677747290380697,0.02430212575944143,11.215239271623672,15.43188198775056,1.500110147084692,0.3819599109131403,0.0,0.006187837478544914,0.010465201220887208,0.37580262381187585,0.0019014164281955918,-40.225921698113204,1.0,0.10606060606060598,-0.2085854764157715,0.03708671605541234,0.5939234010026856,0.023927905531385955,0.1141439205955335,0.0,-0.4413118419419018,-0.06669901354104386,0.17859072694969363,Asset Management,Financial Services,NTRS
2012Q1,2012,Q1,2012-04-30,2012-03-31,161200000.0,965400000.0,0.0,0.66,965400000.0,1.0,91604300000.0,7223200000.0,35906100000.0,80196000000.0,84381100000.0,0.0,6323500000.0,11439720500.0,-8651679500.0,29.960595628188642,0.44772931318270237,0.05772873107485129,0.7321131908295492,0.0,29.960595628188642,0.022316978624432385,11.849720841102133,17.741502016129033,1.5837468850371028,0.41873449131513646,0.0,0.005900493810141602,0.010538806584407064,0.3287557982941793,0.0017597427195011589,16.335456947022706,1.0,0.24528301886792453,-0.2164085658814814,0.08407020603930615,0.6212571095562215,0.010255336961071579,0.23809523809523808,0.0,-0.07698712662684982,0.0008877465771779319,0.02562908948319169,Asset Management,Financial Services,NTRS
2011Q4,2011,Q4,2012-02-24,2011-12-31,130200000.0,955600000.0,0.0,0.53,955600000.0,1.0,100223700000.0,7117300000.0,35315000000.0,88569000000.0,93106400000.0,0.0,6302300000.0,9558853200.0,-19433046800.0,29.52991452991453,0.3987286748185031,0.0545619449291934,0.7683250670900482,0.0,29.52991452991453,0.01829345397833448,10.002985768103809,18.354172811059907,1.3430448625180895,0.5238095238095238,0.0,0.007134747084514281,0.009534670941104748,0.3978660705212885,0.001299093926885557,7.380783877692842,1.0,-0.24285714285714277,-0.3079807219930051,0.1434077516825624,0.6382661300487199,-0.016366443643849718,-0.23591549295774647,0.0,-0.6481634546021943,-0.22292739520043472,0.03036727630351455,Asset Management,Financial Services,NTRS
2011Q3,2011,Q3,2011-10-28,2011-09-30,170400000.0,971500000.0,0.0,0.7,971500000.0,1.0,96098200000.0,7152800000.0,33611400000.0,84397000000.0,88945400000.0,0.0,6240300000.0,8429865179.999999,-14089134820.0,29.68077646053172,0.39825349242271646,0.07554772097708386,1.0149871379040376,0.0,29.68077646053172,0.02382283860865675,8.677164364384971,12.367759947183098,1.1785405966894082,0.4014084507042254,0.0,0.008114008769948087,0.010109450541217212,0.3640792919179592,0.0017731861783051087,-9.607778869386824,1.0,0.12903225806451607,-0.06002783405044418,0.1960153936230318,0.6410245368657799,0.02825994919559695,0.12105263157894737,0.0,2.0579943493551562,-0.034187244006109826,0.3618983648902538,Asset Management,Financial Services,NTRS
2011Q2,2011,Q2,2011-07-29,2011-06-30,152000000.0,944800000.0,0.0,0.62,944800000.0,1.0,97398300000.0,7025400000.0,30125300000.0,85775000000.0,90372900000.0,0.0,6138300000.0,11098604640.0,-14044195360.0,29.09261069056335,0.3512130574176625,0.120576026480955,1.6716343553391977,0.0,29.09261069056335,0.021635778745694195,11.747041320914478,18.25428394736842,1.5797825945853616,0.4506578947368421,0.0,0.006171947034956279,0.009700374647196102,0.4484360244826581,0.0015606021871018283,23.588957789585546,1.0,0.016393442622950834,-0.18354184191773742,0.09775971006059236,0.6636790240039512,0.05223298808330549,0.006622516556291391,0.0,-0.3559498876596963,-0.2018613386911092,0.2928715049465542,Asset Management,Financial Services,NTRS
2011Q1,2011,Q1,2011-04-29,2011-03-31,151000000.0,897900000.0,0.0,0.61,897900000.0,1.0,92679200000.0,6928200000.0,26382200000.0,81045000000.0,85751000000.0,0.0,6054500000.0,12287894500.0,-16436105500.0,28.61402740721773,0.3255253254364859,0.07381159958221478,0.9873848907364106,0.0,28.61402740721773,0.021794982823821484,13.685148123399042,20.34419619205298,1.7736056262809965,0.4543046357615894,0.0,0.005582730222822144,0.009688257991005533,0.45491763834906535,0.0016292760403628862,-2457.5789,1.0,-0.04687500000000004,-0.16728078249478076,0.1091361007680338,0.6816245481301139,0.002008704385671242,-0.03882877148313176,0.0,-0.6432994577804031,-0.2791284865552656,0.32486787635857095,Asset Management,Financial Services,NTRS
2010Q4,2010,Q4,2011-02-25,2010-12-31,157100000.0,896100000.0,0.0,0.64,896100000.0,1.0,83843900000.0,6830300000.0,24099900000.0,72112000000.0,77013600000.0,0.0,5972100000.0,13421077740.0,-10422822260.0,28.199443467347056,0.3342009651652984,0.06261636207285205,0.7686338813814912,0.0,28.199443467347056,0.02300045386000615,14.97720984265149,21.357539369828135,1.9649323953559872,0.43666454487587525,0.0,0.005111362986561465,0.010687718486377661,0.41317949855779895,0.0018737200917419157,-58.60732637554585,1.0,0.0,-0.043596277756284635,0.19184084971298146,0.704481176155084,0.007419898819561552,0.009640102827763496,0.0,0.1431980060508474,-0.1492520262076448,0.3778603361990305,Asset Management,Financial Services,NTRS
2010Q3,2010,Q3,2010-10-27,2010-09-30,155600000.0,889500000.0,0.0,0.64,889500000.0,1.0,80723400000.0,6768700000.0,24217100000.0,69508000000.0,73954700000.0,0.0,5883800000.0,11680061760.0,55961760.0,27.95551039962994,0.34840737756804974,0.17722246585252852,2.1135520853339638,0.0,27.95551039962994,0.022988166117570583,13.131041888701517,18.766166066838046,1.7255989717375568,0.4440874035989717,0.0,0.005916064608206318,0.011019109700532931,0.38318323070725674,0.0019275699487385318,152.2824219035202,1.0,-0.21951219512195116,-0.05142170237317592,0.19522707206977102,0.7270213021027484,-0.0774735532047293,-0.22044088176352705,0.0,-0.32151989063058534,-0.07530094412560323,0.41024751626003236,Asset Management,Financial Services,NTRS
2010Q2,2010,Q2,2010-07-30,2010-06-30,199600000.0,964200000.0,0.0,0.82,964200000.0,1.0,80048900000.0,6619600000.0,23344300000.0,68424000000.0,73429300000.0,0.0,5796600000.0,11303548200.0,-8276651800.0,27.348520529155614,0.34117122647024434,0.08754898568250156,1.0587044534412955,0.0,27.348520529155614,0.030152879328056076,11.723240199128812,14.157750751503007,1.7075877998670617,0.3396793587174349,0.0,0.005998116591390303,0.012045137409758285,0.4011764877820648,0.0024934758628788155,16.696526144756277,1.0,0.2812499999999999,0.19910103659634948,0.29161238280731233,0.7308728580365025,0.07383895756765786,0.2697201017811705,0.0,-0.12461537734138521,0.006806980014935419,0.4209468003503634,Asset Management,Financial Services,NTRS
2010Q1,2010,Q1,2010-04-30,2010-03-31,157200000.0,897900000.0,0.0,0.64,897900000.0,1.0,76318600000.0,6447100000.0,20528300000.0,65475000000.0,69871500000.0,0.0,5665000000.0,13357668240.0,-6686331760.0,26.671327629858848,0.313528827796869,0.07127751295228162,0.8437592095670922,0.0,26.671327629858848,0.02438305594763537,14.876565586368192,21.24311106870229,2.0718878627600006,0.4306615776081425,0.0,0.005068249845977609,0.011765152924712979,0.4040381825124093,0.002059786212011227,-292.9313210526316,1.0,-0.21951219512195116,0.021326692713369167,0.337277908476811,0.7333388916740844,-0.04519353466609953,-0.21517723414877685,0.0,-0.23785674796126388,0.0056283552810947,0.44326501641804017,Asset Management,Financial Services,NTRS
2009Q4,2009,Q4,2010-02-26,2009-12-31,200300000.0,940400000.0,0.0,0.82,940400000.0,1.0,82141500000.0,6312100000.0,81823500000.0,71163000000.0,75829400000.0,0.0,5576000000.0,12657429600.0,-10967870400.0,26.13121703635626,1.1498039711647907,0.08211074791670471,1.068535035883462,0.0,26.13121703635626,0.03173270385450167,13.459623139089748,15.798089865202195,2.005264428637062,0.33749375936095855,0.0,0.005340736795407497,0.011448536975828297,0.4379354439807203,0.002438475070457686,50.307748807631164,1.0,0.06493506493506485,0.36609919272584346,0.4439166859159662,0.7321447661165066,0.02473575242453961,0.06599254922831294,0.0,0.06225065279646462,0.12273292823633292,0.44971255383238845,Asset Management,Financial Services,NTRS
2009Q3,2009,Q3,2009-10-30,2009-09-30,187900000.0,917700000.0,0.0,0.77,917700000.0,1.0,77901500000.0,6223300000.0,77500500000.0,66937000000.0,71678200000.0,0.0,5443300000.0,14040754560.0,-7270045440.0,25.778324551810982,1.1578125700285342,0.07259937228423073,0.908778300901451,0.0,25.778324551810982,0.03019298442948275,15.299939588100687,18.681152953698774,2.2561590410232513,0.359765832889835,0.0,0.004814556063288952,0.011780260970584648,0.4146212109894378,0.0024120203076962573,48.68500194174757,1.0,-0.18947368421052627,0.4876671893132179,0.5252199018265696,0.7521291432690207,-0.11350463678516229,-0.401973265436028,0.0,0.03468215100141505,0.12779319586694812,0.4252613359042002,Asset Management,Financial Services,NTRS
2009Q2,2009,Q2,2009-07-29,2009-06-30,314200000.0,1035200000.0,0.0,0.95,1035200000.0,1.0,75045200000.0,6128700000.0,74640200000.0,63953000000.0,68916500000.0,0.0,5323500000.0,12639224400.0,-2611775600.0,26.02917754985029,1.1671102215689646,0.08420525230127976,1.0310832639874687,0.0,26.02917754985029,0.05126698973681205,12.20945170015456,10.05667122851687,2.062301042635469,0.28421387651177593,0.0,0.007065306950322046,0.013794353269762756,0.3554641689991087,0.004186810082456973,-70.06221951219513,1.0,0.5573770491803278,1.242699336758155,0.6908483619650466,0.8004183172015346,0.1584601611459266,0.9419035846724351,0.0,0.730919893512983,0.23359360601167292,0.48849469586470934,Asset Management,Financial Services,NTRS
2009Q1,2009,Q1,2009-04-24,2009-03-31,161800000.0,893600000.0,0.0,0.61,893600000.0,1.0,78464600000.0,6524700000.0,78077600000.0,67470000000.0,71939900000.0,0.0,5166600000.0,13361242419.72,-405257580.2800007,29.211920698627615,1.1572195049651697,0.08503834850365642,1.0226523824850184,0.0,29.211920698627615,0.024798075007280027,14.952151320188003,20.644688534796046,2.0477941391512253,0.5092707045735476,0.0,0.006167091159006662,0.011388575230103767,0.31334370831480657,0.0020620764013325756,39.194022938457024,1.0,-0.5850340136054422,0.25052830466544784,0.5585470083655463,1.0618350579513327,-0.2144175824175824,-0.5273152205667543,0.0,-0.03274462931597601,0.19657802311470837,0.7167622804628774,Asset Management,Financial Services,NTRS
2008Q4,2008,Q4,2009-02-27,2008-12-31,342300000.0,1137500000.0,0.0,1.47,1137500000.0,1.0,82053600000.0,6389400000.0,81747600000.0,71041000000.0,75664200000.0,0.0,5091200000.0,11624143517.059,-11789456482.941,28.65960052211123,1.1507101532917612,0.06531584232745424,0.8387955050552478,0.0,28.65960052211123,0.05357310545591135,10.219027267744176,8.489733798611597,1.8192856163425362,0.18200408997955012,0.0,0.005359534653763668,0.01386288962336814,0.41500401176785234,0.004171663400508936,-77.54598743868578,1.0,3.1940298507462686,1.6055691695653738,1.1177049997185762,1.0646284195482474,0.2281364716044051,3.308159136884693,0.0,1.2640252639210425,0.6436997592731689,0.7322948115138348,Asset Management,Financial Services,NTRS
2008Q3,2008,Q3,2008-10-31,2008-09-30,-148300000.0,926200000.0,0.0,-0.67,926200000.0,1.0,79244000000.0,4836000000.0,78834000000.0,69826000000.0,74408000000.0,0.0,4821100000.0,16021121429.902405,-8109978570.097595,21.793679488647815,1.1290063873055882,0.06125006309625965,1.0036600496277917,0.0,21.793679488647815,-0.03066583953680728,17.297691027750382,-27.007959254724216,3.3128869788880078,-0.41739716790289955,0.0,0.0038636496371887916,0.011687951138256525,0.42737375762609914,-0.0018714350613295643,58.30102412628241,1.0,-1.6979166666666665,-2.2935548140893496,0.7488507485383122,0.5999542257743824,-0.14351766228962456,-1.687847866419295,0.0,-1.9864767412964532,0.35797368158235365,0.346358846254252,Asset Management,Financial Services,NTRS
2008Q2,2008,Q2,2008-07-31,2008-06-30,215600000.0,1081400000.0,0.0,0.96,1081400000.0,1.0,74806900000.0,4964100000.0,74381900000.0,66124000000.0,69842800000.0,0.0,5032200000.0,15126809560.14,-7106390439.860001,22.502321831097984,1.1248850644244148,0.05753212604719618,0.8669849519550372,0.0,22.502321831097984,0.04343184061562015,13.988172332291473,17.540363590143784,3.0472411031486066,0.2857142857142857,0.0,0.004072240068541584,0.014455885753854257,0.41546790877744844,0.0028820870802024946,65.62607184442516,1.0,-0.4385964912280702,2.2327403158618284,1.0068719609051893,0.6826327190129823,-0.04587965413799188,-0.4402907580477674,0.0,0.4211133461456181,0.5894107943584632,0.42415960156702087,Asset Management,Financial Services,NTRS
2008Q1,2008,Q1,2008-05-05,2008-03-31,385200000.0,1133400000.0,0.0,1.71,1133400000.0,1.0,77480300000.0,4758400000.0,77056300000.0,69104000000.0,72721900000.0,0.0,4879200000.0,14644691026.610306,-8615608973.389694,21.597646012720926,1.1150772748321371,0.07415175212279766,1.207401647612643,0.0,21.597646012720926,0.08095158036314727,12.921026139589118,9.504602171995266,3.0776502661840754,0.16069574247144341,0.0,0.004226787706720741,0.014628234531874553,0.4277364551979625,0.004971586325814433,76.31417939869883,1.0,2.01398179976,3.0685706136017483,1.2064529287526375,0.5728352351632476,0.1829662874438994,2.0816,0.0,1.7457668878988433,0.8520049842378568,0.4036061617176055,Asset Management,Financial Services,NTRS
2007Q4,2007,Q4,2008-02-28,2007-12-31,125000000.0,958100000.0,0.0,0.5673557816892476,958100000.0,1.0,67611200000.0,4509100000.0,67262200000.0,59489000000.0,63102100000.0,0.0,4556200000.0,16872129550.700613,-2609570449.299387,20.466111641719888,1.1306661735783086,0.08462207444920368,1.268856312789692,0.0,20.466111641719888,0.02772171830298729,17.609988049995422,33.74425910140122,3.74179538060824,0.44,0.0,0.0032598137558584673,0.014170729109969946,0.4331254517641917,0.0018488061149632014,82.6659948588957,1.0,-0.3899400196889811,0.2983425324361364,0.877979427089886,0.5034989344426946,0.09660066384342451,-0.399903984637542,0.0,-0.06530266615643941,0.6128725862500688,0.35662522390898926,Asset Management,Financial Services,NTRS
2007Q3,2007,Q3,2007-10-30,2007-09-30,208300000.0,873700000.0,0.0,0.93,873700000.0,1.0,63098900000.0,4359400000.0,0.0,55533000000.0,58739500000.0,0.0,4493600000.0,14883839822.880001,-724560177.1199989,19.823123300913714,0.0,0.08100458169635287,1.1724778639262283,0.0,19.823123300913714,0.047781804835527825,17.03541241030102,17.863465942006723,3.414194573308254,0.2640422467594815,0.0,0.0036952829817109368,0.013846517134213115,0.3792051572938613,0.0033011668983135996,82.64208674558579,1.0,0.010869565217391313,1.165867580602869,0.6828473084393045,0.48370082709918316,0.005408515535097813,0.006766553890768487,0.0,0.8104214513700662,0.5940629941831496,0.3473595607944995,Asset Management,Financial Services,NTRS
2007Q2,2007,Q2,2007-07-31,2007-06-30,206900000.0,869000000.0,0.0,0.92,869000000.0,1.0,59609700000.0,4227200000.0,0.0,52322000000.0,55382500000.0,0.0,4340700000.0,14109196949.614826,126996949.6148262,19.2466885617479,0.0,0.07137428975485534,1.0064818319454958,0.0,19.2466885617479,0.048944928084784255,16.236129976541804,17.048328841970548,3.337716916544007,0.2653455775737071,0.0,0.003891079003011489,0.01457816429205314,0.3584018195023126,0.0034709116133783595,73.14254509909189,1.0,0.09523809523809533,0.6408545939263994,0.5839652613883446,0.4591382668507854,0.07522890373669884,0.10819496518478842,0.0,0.5832026380523977,0.5216378917442142,0.33127873770423777,Asset Management,Financial Services,NTRS
2007Q1,2007,Q1,2007-04-30,2007-03-31,186700000.0,808200000.0,0.0,0.84,808200000.0,1.0,59532400000.0,4043400000.0,0.0,52084000000.0,55489000000.0,0.0,4190400000.0,13158657220.419579,-2224342779.5804214,18.479854584193376,0.0,0.06394333169836929,0.941460157293367,0.0,18.479854584193376,0.046174011970124156,16.281436798341474,17.620055196062637,3.2543545581489783,0.292447777182646,0.0,0.004149359549792955,0.01357580074043714,0.37383265494201673,0.003136107396980468,262.64784871096964,1.0,0.07606765409836067,0.476901288900139,0.5082026189912425,0.44130964174335474,0.06524317912218268,0.09309133489461359,0.0,0.4730300427826369,0.4389571768021026,0.30434463521334343,Asset Management,Financial Services,NTRS
