Quarters,Year,Quarter,FillingDate,Date,NetIncome,Revenue,OperatingIncome,EPSDiluted,GrossProfit,GrossProfitRatio,TotalAssets,CommonStockEquity,CurrentAssets,CurrentLiability,TotalLiability,Inventory,RetainedEarnings,MarketCap,EnterpriseValue,bookValuePerShare,currentRatio,debtToAssets,debtToEquity,roic,shareholdersEquityPerShare,roe,priceToSalesRatio,peRatio,pbRatio,payoutRatio,inventoryTurnover,dividendYield,assetTurnover,quickRatio,returnOnAssets,priceToFreeCashFlowsRatio,grossProfitMargin,epsdilutedGrowth,fiveYNetIncomeGrowthPerShare,fiveYRevenueGrowthPerShare,fiveYShareholdersEquityGrowthPerShare,grossProfitGrowth,netIncomeGrowth,operatingIncomeGrowth,threeYNetIncomeGrowthPerShare,threeYRevenueGrowthPerShare,threeYShareholdersEquityGrowthPerShare,Industry,Sector,Symbol
2023Q1,2023,Q1,2023-05-09,2023-03-31,-3484000.0,42466000.0,14613000.0,-0.0683,36999000.0,0.8712617153,414274000.0,250664000.0,137849000.0,94545000.0,163610000.0,16226000.0,-323085000.0,324901850.0,294919850.0,4.914498578570728,1.4580252789676873,0.09322573948642686,0.15407477739124883,0.03146075592079195,4.914498578570728,-0.013899084032808859,7.650870107850987,-23.3138526119403,1.296164786327514,0.0,0.3369283865401208,0.0,0.102507036405857,1.2170818128933312,-0.008409892969387411,14.30214596997843,0.8712617152545565,-1.0509701492537313,-1.032060603884161,-0.8970606740612258,-0.6214235764549508,-0.1655239298118995,-1.0393445585030097,-0.32751955821445006,-1.0293821284112692,-0.29407201336232053,0.03714592728145775,Drug Manufacturers—Specialty & Generic,Healthcare,ASRT
2022Q4,2022,Q4,2023-03-08,2022-12-31,88551000.0,50353000.0,21730000.0,1.34,44338000.0,0.8805433639,413913000.0,225725000.0,132262000.0,95316000.0,188188000.0,13696000.0,-319601000.0,207690000.0,209622000.0,4.673395445134576,1.3876159301691215,0.161562937138964,0.2962587218961125,0.7668264256698075,4.673395445134576,0.39229593531952595,4.12467976088813,0.5863570146017549,0.9201018938974416,0.0,0.43917932242990654,0.0,0.12165116824066893,1.1571824247765328,0.21393626196809473,7.860197555160277,0.8805433638512105,15.75,1.8741577592657357,-0.8256997645935517,-0.5648226511146056,0.4679998675628249,20.21490177287973,1.1187597503900155,1.173281394728613,-0.6795307827601316,0.4680459267569856,Drug Manufacturers—Specialty & Generic,Healthcare,ASRT
2022Q3,2022,Q3,2022-11-08,2022-09-30,4174000.0,34212000.0,10256000.0,0.08,30203000.0,0.882818894,323344000.0,134915000.0,126494000.0,92296000.0,188429000.0,14268000.0,-408154000.0,109368600.0,112699600.0,2.800228310502283,1.3705252665337608,0.21078789153347519,0.5051847459511545,0.04808502712209081,2.800228310502283,0.030937997998739947,3.1967905997895474,6.550586966938188,0.8106481858948227,0.0,0.2809784132324082,0.0,0.1058068187441239,1.186465285602843,0.0129088524914642,10.887864609258337,0.8828188939553373,-0.5,1.0853190638412813,-0.8827892810046131,-0.7779889223255138,-0.013070613992092278,-0.4671942813377585,-0.049578352330645906,-0.5269945842538095,-0.7658226577077215,-0.7950077194505285,Drug Manufacturers—Specialty & Generic,Healthcare,ASRT
2022Q2,2022,Q2,2022-08-08,2022-06-30,7834000.0,35131000.0,10791000.0,0.16,30603000.0,0.8711109846,321976000.0,128369000.0,116692000.0,116150000.0,193607000.0,12259000.0,-412328000.0,136508300.0,145406300.0,2.774106409646886,1.0046663796814463,0.18995825775834224,0.47645459573573057,0.05292879561343398,2.774106409646886,0.06102719503930076,3.8856935470097635,4.356277125351035,1.0634054950961682,0.0,0.3693612855861,0.0,0.10911061694039308,0.8678519156263452,0.024331006037717096,9.46003465003465,0.8711109846004953,-0.20000000000000004,1.0992756837416144,-0.8818555072609785,-0.7948523403000878,-0.05379834894722196,-0.13570167696381288,-0.06644173371398909,1.200591726474919,-0.7860562019096416,-0.7735067776705321,Drug Manufacturers—Specialty & Generic,Healthcare,ASRT
2022Q1,2022,Q1,2022-05-09,2022-03-31,9064000.0,36538000.0,11559000.0,0.2,32343000.0,0.8851880234,339135000.0,111862000.0,125115000.0,138527000.0,227273000.0,9480000.0,-420162000.0,129735480.0,141867480.0,2.474604017343598,0.9031813292715499,0.21678977398381175,0.6572473225939104,0.057804898036515125,2.474604017343598,0.08102841000518496,3.550700093053807,3.578317519858782,1.1597815165114158,0.0,0.44251054852320676,0.0,0.10773880608017457,0.7963212947656414,0.0267268197030681,4.730382848392037,0.8851880234276643,1.0,1.1164658981300404,-0.8611943538212327,-0.8330426703853159,0.1375562746201463,0.9678679982631351,0.5459408853818376,1.2251725283625312,-0.7759161001959398,-0.809434309777104,Drug Manufacturers—Specialty & Generic,Healthcare,ASRT
2021Q4,2021,Q4,2022-03-10,2021-12-31,4606000.0,33328000.0,7477000.0,0.1,28432000.0,0.8530964954,326547000.0,102414000.0,103498000.0,135019000.0,224133000.0,7489000.0,-429226000.0,98137060.0,134820060.0,2.2750072194948574,0.7665439678860012,0.22506101725019675,0.7176069677973714,0.03884522629697637,2.2750072194948574,0.04497431991719882,2.944582933269323,5.3265881458966575,0.9582387173628607,0.0,0.6537588463079183,0.0,0.10206187776950944,0.601182055858805,0.014105167096926323,24.06499754781756,0.8530964954392702,0.25000000000000006,1.0355686604081396,-0.9078462912161067,-0.8600844434275811,0.268040317545268,0.23253947016323254,0.26002696326255476,1.0678255347153236,-0.721913168413426,-0.8347861641630372,Drug Manufacturers—Specialty & Generic,Healthcare,ASRT
2021Q3,2021,Q3,2021-11-04,2021-09-30,3737000.0,25472000.0,5934000.0,0.08,22422000.0,0.8802606783919598,299305000.0,96860000.0,112545000.0,100480000.0,202445000.0,5481000.0,-433833000.0,40741914.0,60682914.0,2.1539282616913873,1.1200736464968153,0.26283222799485473,0.8121722073095189,0.033395685950328616,2.1539282616913873,0.03858145777410696,1.5994784076633166,2.725576264383195,0.42062682221763376,0.0,0.5564677978471082,0.0,0.08510382385860576,0.9441779458598726,0.012485591620587695,8.754171465406102,0.8802606783919598,1.25,1.0989660528201524,-0.9213031645260835,-0.8862362393959128,0.04521722916278202,1.2637447949749454,1.4944587951004082,-0.9724901032459979,-0.8831997604859563,-0.8580161702922247,Drug Manufacturers—Specialty & Generic,Healthcare,ASRT
2021Q2,2021,Q2,2021-08-05,2021-06-30,-14169000.0,25373000.0,-12001000.0,-0.32,21452000.0,0.845465652465219,312016000.0,92265000.0,119348000.0,116914000.0,219751000.0,6617000.0,-437570000.0,69741360.0,94286360.0,2.0638169373238493,1.020818721453376,0.25310560996871956,0.8559367040589606,-0.06863062795664161,2.0638169373238493,-0.15356852544301738,2.7486446222362355,-1.2305272072835063,0.755880994960169,0.0,0.5925646063170621,0.0,0.08131954771550177,0.8544400157380638,-0.04541113276242244,72.3458091286307,0.845465652465219,-3.666666666666667,0.540228576610397,-0.9256206219425241,-0.8937776272153202,-0.06212565033008351,-4.118177816901408,-2.598641268149727,0.7601324432446807,-0.8571140009945759,-0.8280593294282889,Drug Manufacturers—Specialty & Generic,Healthcare,ASRT
2021Q1,2021,Q1,2021-05-06,2021-03-31,4544000.0,26839000.0,7507000.0,0.12,22873000.0,0.852229963858564,325424000.0,105303000.0,124069000.0,109090000.0,220121000.0,8930000.0,-423401000.0,103259520.0,126398520.0,2.7840260152284264,1.137308644238702,0.25865332612222824,0.7993314530450225,0.035356106046941845,2.7840260152284264,0.04315166709400492,3.8473683818324083,5.6810915492957745,0.9805942850631036,0.0,0.4441209406494961,0.0,0.08247394168838193,0.9191859932166101,0.013963321697231919,-24.43433980123048,0.852229963858564,1.15,1.0874411422407813,-0.8968985360153731,-0.8585918678115231,-0.022646669230440543,1.186588921282799,1.2147495494464629,-0.9436132359585679,-0.9122693005135339,-0.7855393393545197,Drug Manufacturers—Specialty & Generic,Healthcare,ASRT
2020Q4,2020,Q4,2021-03-12,2020-12-31,-24353000.0,30176000.0,-34957000.0,-0.8,23403000.0,0.7755501060445387,303274000.0,55514000.0,94254000.0,132686000.0,247760000.0,11712000.0,-427945000.0,42819381.599999994,106135381.6,1.8544692294201652,0.7103537675414135,0.27731358441541315,1.5149691969593255,-0.17249900155342263,1.8544692294201652,-0.43868213423640884,1.4189879904559912,-0.43956988461380525,0.7713258205137442,0.0,0.5782957650273224,0.0,0.09950078147154058,0.5028036115339976,-0.08030032248066105,-7.158037713139417,0.7755501060445387,-1.2222222222222223,0.598252296958221,-0.8626728057383118,-0.9108538620889419,-0.1672419314663915,-1.31448393841475,-6.261528874117158,0.6121060044877997,-0.8314617285722999,-0.8273154899209758,Drug Manufacturers—Specialty & Generic,Healthcare,ASRT
2020Q3,2020,Q3,2020-11-06,2020-09-30,-10522000.0,34565000.0,-4814000.0,-0.36,28103000.0,0.8130478808042818,332797000.0,75950000.0,104492000.0,131374000.0,256847000.0,13469000.0,-403592000.0,79593754.8,133101754.8,2.540898598240273,0.795378080898808,0.2651616450869449,1.1618828176431863,-0.03256887564884535,2.540898598240273,-0.13853851217906518,2.3027268855778966,-1.89112703858582,1.0479757050691243,0.0,0.4797683569678521,0.0,0.10386211414165392,0.5629728865681185,-0.03161687154631802,-5.515088331485587,0.8130478808042818,0.7428571428571429,0.549564867117888,-0.8336944199628886,-0.8878488983795515,0.8273619871253007,0.6950056523377489,0.8130630630630631,0.6533283836433288,-0.8091238006234611,-0.7985494132956148,Drug Manufacturers—Specialty & Generic,Healthcare,ASRT
2020Q2,2020,Q2,2020-08-10,2020-06-30,-34499000.0,20617000.0,-25752000.0,-1.4,15379000.0,0.745937818305282,345724000.0,84978000.0,135463000.0,134372000.0,260746000.0,25398000.0,-393070000.0,84464206.0,124269206.0,3.4488524523630755,1.0081192510344417,0.2869572259953026,1.1674551060274423,-0.10969693957773896,3.4488524523630755,-0.4059756642895808,4.096823301159238,-0.6120772051363808,0.9939537998070089,0.0,0.20623671155209072,0.0,0.05963427473938749,0.7007114577441729,-0.09978769191609492,-4.203035728503185,0.745937818305282,-1.603448275862069,0.03018278388943916,-0.8672065241563847,-0.8505455417813989,-0.21206066195306897,-1.836745088527771,-0.5483405483405484,0.1789474052271734,-0.869787225585107,-0.7449542646265512,Drug Manufacturers—Specialty & Generic,Healthcare,ASRT
2020Q1,2020,Q1,2020-03-31,2020-03-31,41230000.0,20917000.0,-16632000.0,2.32,19518000.0,0.9331166037194626,219274000.0,84037000.0,180113000.0,122293000.0,135237000.0,518000.0,-358571000.0,46111000.0,-1996000.0,4.738483225260784,1.4727989337083889,0.26389813657798006,0.6885776503206921,-0.11166036714240057,4.738483225260784,0.4906172281257065,2.204474829086389,0.27959616783895225,0.5486987874388662,0.0,2.700772200772201,0.0,0.09539206654687742,1.3814690947151513,0.18802958855131024,-1.839143267389917,0.9331166037194626,1.2188679245283018,3.975715930476018,-0.45465300092823707,-0.8040452130889828,-0.6555424174505409,1.2140417181481213,0.912914626803152,2.350323704102781,-0.7974615739945415,-0.6803025857192453,Drug Manufacturers—Specialty & Generic,Healthcare,ASRT
2019Q4,2019,Q4,2019-12-31,2019-12-31,-192626000.0,59226000.0,-190985000.0,-10.6,56663000.0,0.9567250869550535,527170000.0,57958000.0,103951000.0,184553000.0,469212000.0,3412000.0,-399801000.0,91031250.0,402276250.0,3.1834122897356676,0.563258251017323,0.6702809340440465,6.096690707063736,-0.44528613446475396,3.1834122897356676,-3.3235446357707303,1.537014993415054,-0.11814507127802062,1.5706416715552642,0.0,0.7511723329425557,0.0,0.11234706072045071,0.4597649455711909,-0.3653963617049529,11.522943037974683,0.9567250869550535,-53.99999999999999,-2.647389332510714,-0.753710787063409,-0.8713063652115451,0.07105322848933918,-58.8282797958571,-17.847823941577026,-2.6780237507998823,-0.5950774010325224,-0.8042164884132794,Drug Manufacturers—Specialty & Generic,Healthcare,ASRT
2019Q3,2019,Q3,2019-09-30,2019-09-30,3331000.0,55147000.0,-10133000.0,0.2,52904000.0,0.9593268899486826,756866000.0,248434000.0,124402000.0,205732000.0,508432000.0,3314000.0,-207175000.0,93116160.0,406616160.0,13.66016468033046,0.6046798747885599,0.4857940507302482,1.479994686717599,-0.03349638548514055,13.66016468033046,0.013407987634542776,1.6885081690753803,6.988604022815971,0.37481246528252976,0.0,0.6768255884127942,0.0,0.07286230323465448,0.47444247856434585,0.004401043249399497,2.8211888747500455,0.9593268899486826,1.2380952380952381,-0.5844809137665814,-0.13764421661865364,-0.240851366766494,-0.03948873436336898,1.2448364571848585,-3.800718629076838,1.2181202149998713,-0.5787166959477767,-0.2785127842255954,Drug Manufacturers—Specialty & Generic,Healthcare,ASRT
2019Q2,2019,Q2,2019-06-30,2019-06-30,-13605000.0,57203000.0,3618000.0,-0.84,55079000.0,0.9628690802929917,812874000.0,197439000.0,139009000.0,176938000.0,615435000.0,3005000.0,-210506000.0,223100800.0,649829800.0,12.248076923076923,0.7856367767240502,0.6090451902754916,2.507493453674299,0.005702691216002528,12.248076923076923,-0.06890735872851868,3.9001590825655996,-4.099610437339214,1.1299733082116503,0.0,0.7068219633943428,0.0,0.07037129985705042,0.6204037572483017,-0.016736911255618953,10.671615804075385,0.9628690802929917,0.0454545454545455,-1.9618776540949547,-0.2389378744184679,-0.007832755868341174,-0.004968023991039491,0.0486679253199077,0.177734375,-0.22434016456007877,-0.5349492969156949,-0.36960504137273764,Drug Manufacturers—Specialty & Generic,Healthcare,ASRT
2019Q1,2019,Q1,2019-03-31,2019-03-31,-14301000.0,57929000.0,3072000.0,-0.88,55354000.0,0.9555490341625092,883464000.0,208545000.0,181982000.0,222962000.0,674919000.0,3077000.0,-196901000.0,327618900.0,761949900.0,12.985569513846729,0.8162018639947615,0.6157828728731448,2.6086552063103885,0.0041428635780030275,12.985569513846729,-0.06857512767028699,5.655524866647102,-5.727202643171806,1.5709746097964468,0.0,0.8368540786480339,0.0,0.06557030054422139,0.6870184156941541,-0.016187416804759446,12.052788610109632,0.9555490341625092,0.42105263157894735,-1.714140214847815,-0.3220460569129556,0.1650614678982904,0.32125551975176037,0.40753169276659207,1.2348264791316312,0.35185439485812814,-0.47588908081646963,-0.3404281711763996,Drug Manufacturers—Specialty & Generic,Healthcare,ASRT
2018Q4,2018,Q4,2018-12-31,2018-12-31,-24138000.0,42599000.0,-13082000.0,-1.52,41895000.0,0.9834737904645648,932866000.0,220335000.0,208107000.0,246036000.0,712531000.0,3396000.0,-182600000.0,231054440.0,686212440.0,13.770076870195613,0.8458396332244061,0.6068470712835499,2.5693012912156488,-0.0136242892818426,13.770076870195613,-0.10955136496698209,5.423940468086105,-2.393057005551413,1.0486506456078244,0.0,0.20730270906949352,0.0,0.04566465065722194,0.6021882976474987,-0.02587509888880075,16.223454570987222,0.9834737904645648,-1.5846153846153845,-1.5151078260773696,-0.06424825446427268,0.43030851449029456,-0.4377868434472208,-1.5000621504039777,-2.3587453261321145,0.25503137777509616,-0.6373146240341071,-0.3380590239827567,Drug Manufacturers—Specialty & Generic,Healthcare,ASRT
2018Q3,2018,Q3,2018-09-30,2018-09-30,48270000.0,77493000.0,9628000.0,2.6,74518000.0,0.9616094356909657,983507000.0,242409000.0,227368000.0,261074000.0,741098000.0,4255000.0,-158462000.0,367522750.0,831145750.0,15.17023640033168,0.8708948420754269,0.5953460422752457,2.4154507464656843,0.010184666250855076,15.17023640033168,0.19912627006423028,4.742657401313667,1.9034739486223329,1.5161266702143898,0.0,0.699177438307873,0.0,0.07879252511675057,0.6351302695787401,0.04907946766011833,5.44018754533209,0.9616094356909657,2.9696969696969697,5.587275548752541,0.8389545133282793,1.3368609675481702,0.23127509459526446,3.2933295324971494,3.278816568047337,4.865407736615147,-0.30254404402126955,-0.33041061720522,Drug Manufacturers—Specialty & Generic,Healthcare,ASRT
2018Q2,2018,Q2,2018-06-30,2018-06-30,-21048000.0,63274000.0,-4225000.0,-1.32,60521000.0,0.9564908177134368,912195000.0,191206000.0,127100000.0,231778000.0,720989000.0,4977000.0,-206732000.0,425005730.0,947810730.0,12.003076005587031,0.5483695605277463,0.6358706197687994,3.033576352206521,-0.005447107209695592,12.003076005587031,-0.11008022760792026,6.716909473085312,-5.048053615545419,2.2227635639048984,0.0,0.5531444645368696,0.0,0.06936455472788165,0.4287809887047088,-0.023074013779948367,34.93102079395085,0.9564908177134368,-1.6875000000000002,-40.08787506337482,0.8745590212967804,1.046650740847355,-0.4798814025438295,-1.6222800378429518,-1.0822977131949043,0.08479760413451168,-0.3696242637496515,-0.4798521403423473,Drug Manufacturers—Specialty & Generic,Healthcare,ASRT
2018Q1,2018,Q1,2018-03-31,2018-03-31,33824000.0,128404000.0,51338000.0,1.92,116360000.0,0.9062022989938008,1002071000.0,206090000.0,193304000.0,257128000.0,795981000.0,5368000.0,-185684000.0,418481896.76,948935896.76,12.981523076768994,0.7517812140256993,0.6308405292638944,3.0673346596147315,0.061839396365997355,12.981523076768994,0.16412247076519967,3.2591032737297905,3.0930840287961208,2.03057837236159,0.0,2.243666169895678,0.0,0.1281386249078159,0.6382852120344731,0.03375409526869853,-15.513118948695135,0.9062022989938008,1.923076923076923,6.48782670945312,3.361786829632977,1.2831549716391453,0.5170004171881518,2.0217496375060415,2.5706899189230534,3.7271123120640954,2.739831260432034,-0.46316332308030417,Drug Manufacturers—Specialty & Generic,Healthcare,ASRT
2017Q4,2017,Q4,2017-12-31,2017-12-31,-33104000.0,94407000.0,-32685000.0,-2.08,76704000.0,0.812482125266135,1038617000.0,169508000.0,230851000.0,310580000.0,869109000.0,13042000.0,-219508000.0,508252850.00000006,1008098850.0,10.739059505519743,0.7432899735977848,0.6034274424547259,3.6973476178115487,-0.03999927901914808,10.739059505519743,-0.19529461736319229,5.3836352177275,-3.838303905872402,2.9984003704839894,0.0,1.3573838368348412,0.0,0.09089683685131285,0.645794964260416,-0.03187315439666403,18.71397510954012,0.812482125266135,-1.08,-6.953162337268496,2.1594843734211873,0.7971001594629729,-0.016829665329351297,-1.0700350175087543,-27.401453957996768,-1.3265565261792953,-0.5471715164333473,-0.5658593747247234,Drug Manufacturers—Specialty & Generic,Healthcare,ASRT
2017Q3,2017,Q3,2017-09-30,2017-09-30,-15992000.0,95413000.0,1238000.0,-1.0,78017000.0,0.8176768364897865,1059507000.0,198647000.0,219274000.0,263150000.0,860860000.0,10415000.0,-186404000.0,364755432.36,891559432.36,12.613011656148046,0.8332661979859396,0.5987586679465072,3.1935493614300743,0.0014399391080501837,12.613011656148046,-0.08050461371176006,3.8229112632450506,-5.702154707978989,1.83619904836217,0.0,1.670283245319251,0.0,0.0900541478253565,0.7264107923237697,-0.015093812499587073,-111.71682461255743,0.8176768364897865,0.41860465116279066,-8.515468728591443,1.550155909959963,1.063162248368395,-0.03362978744487936,0.4001275366667917,1.3043264503441494,-3.303620894152599,0.7229156786468263,-0.2990457447771097,Drug Manufacturers—Specialty & Generic,Healthcare,ASRT
2017Q2,2017,Q2,2017-06-30,2017-06-30,-26659000.0,100457000.0,-4068000.0,-1.72,80732000.0,0.8036473316941577,1085600000.0,211396000.0,219043000.0,278941000.0,874204000.0,10433000.0,-170412000.0,671590415.04,1187915415.04,13.522486260407842,0.7852664183465321,0.57990972733972,2.9780601335881474,-0.004792645105200249,13.522486260407842,-0.1261092925126303,6.685352091342564,-6.297970807607187,3.1769305712501654,0.0,1.8906354835617751,0.0,0.09253592483419307,0.7008901523978189,-0.0245569270449521,30.428635541661002,0.8036473316941577,0.0,-0.5071853564262975,5.351597964334533,1.2083282056845008,0.11089400465097078,0.003066452264313227,0.38964741185296325,-2.943524255090808,0.3781812249963257,0.09540199747754377,Drug Manufacturers—Specialty & Generic,Healthcare,ASRT
2017Q1,2017,Q1,2017-03-31,2017-03-31,-26741000.0,90447000.0,-6665000.0,-1.72,72673000.0,0.803487125056663,1179724000.0,230215000.0,286771000.0,301531000.0,949509000.0,11959000.0,-143753000.0,779717193.0,1315334193.0,14.821775258712295,0.9510498091406854,0.6132171592677609,3.142397324240384,-0.007042192191674631,14.821775258712295,-0.1161566361879113,8.620708182692626,-7.289529121947572,3.3869087287969943,0.0,1.4862446692867297,0.0,0.07666793249946598,0.8699768846320942,-0.02266716621853925,50.18776988928939,0.803487125056663,0.4027777777777778,-1.7159643348596514,3.8040497726366227,1.078602110529237,-0.28227033006103464,0.39729084024522177,-1.372263181411975,-2.3807025091851064,0.09446962451966277,0.32980530590979906,Drug Manufacturers—Specialty & Generic,Healthcare,ASRT
2016Q4,2016,Q4,2016-12-31,2016-12-31,-44368000.0,123911000.0,17904000.0,-2.88,101254000.0,0.8171510196834825,1225337000.0,250788000.0,306204000.0,227242000.0,974549000.0,13033000.0,-116744000.0,1111743900.0,2178861900.0,16.25985898371019,1.3474797792661568,0.9669397071989175,4.724416638754645,0.22511273034050125,16.25985898371019,-0.1769143659186245,8.97211627700527,-6.264334092138478,4.433002775252404,0.0,1.738433208010435,0.0,0.10112401731115603,1.2322061942774662,-0.036208814391469446,29.654411843158176,0.8171510196834825,-2.428571428571429,-1.8873390203515872,8.197024195523607,1.1320964606105912,0.12154273878224654,-2.4409803009151543,13.232114467408586,-1.9822541343657234,1.8237630530733246,0.6889241046394983,Drug Manufacturers—Specialty & Generic,Healthcare,ASRT
2016Q3,2016,Q3,2016-09-30,2016-09-30,-12894000.0,110524000.0,1258000.0,-0.84,90281000.0,0.8168452100901161,1249686000.0,290731000.0,260947000.0,216030000.0,958955000.0,11258000.0,-72376000.0,1533701497.4387999,2622985497.4388,18.9333426589803,1.2079201962690367,0.9439499202199593,4.057499888212815,0.0005825763337604914,18.9333426589803,-0.04435027568439554,13.876637630187107,-29.73672827359237,5.275328387543124,0.0,1.7980991295079054,0.0,0.08844141648382074,1.100796185714947,-0.010317791829307522,94.96603699311454,0.8168452100901161,-0.23529411764705868,-0.35540376837735965,5.030589560758676,1.216496276676384,-0.056792419319452135,-0.22322360307371217,-0.8697857364662043,-2.831085155691334,1.729338814180978,1.9165392204447385,Drug Manufacturers—Specialty & Generic,Healthcare,ASRT
2016Q2,2016,Q2,2016-06-30,2016-06-30,-10541000.0,116682000.0,9661000.0,-0.68,95717000.0,0.8203236146106512,1246077000.0,297102000.0,230223000.0,217851000.0,948975000.0,10436000.0,-59482000.0,1200077783.28,1821984783.28,19.42921141017392,1.0567911095198095,0.569569938294343,2.3888361572793184,0.006244722810046918,19.42921141017392,-0.035479397647945825,10.285029252841055,-28.46214266388388,4.039278709938001,0.0,2.008911460329628,0.0,0.09363947813818889,0.9367962506483789,-0.008459348820337748,46.9073555065666,0.8203236146106512,0.5,-0.6403781354351363,3.859968415301278,1.0868602823458535,0.1783309327719713,0.4960558397475737,3.23945294390357,-21.39255293660105,2.601108875172954,2.3128849561731633,Drug Manufacturers—Specialty & Generic,Healthcare,ASRT
2016Q1,2016,Q1,2016-03-31,2016-03-31,-20917000.0,104780000.0,-4314000.0,-1.36,81231000.0,0.7752529108608514,1335632000.0,299739000.0,292639000.0,309121000.0,1035893000.0,10854000.0,-48941000.0,848311703.12,1470900703.12,19.687877720623,0.9466810731072945,0.6023829917222708,2.6842085948108187,-0.0030364227418151466,19.687877720623,-0.06978404545287734,8.09612238137049,-10.139022124587656,2.8301679231598156,0.0,2.169614888520361,0.0,0.07844975262647197,0.871619851126258,-0.015660750865507864,-51.15550281131279,0.7752529108608514,0.3333333333333333,-1.1854490212921558,0.10466083943541564,1.1012797391950093,-0.09907501885453174,0.3179535672362071,0.837654762352764,-2.5388466096898967,2.7115148009112016,2.462650386479289,Drug Manufacturers—Specialty & Generic,Healthcare,ASRT
2015Q4,2015,Q4,2015-12-31,2015-12-31,-30668000.0,111171000.0,-26573000.0,-2.04,90164000.0,0.8110388500598178,1363432000.0,315055000.0,308972000.0,219632000.0,1048377000.0,10494000.0,-28024000.0,1098315400.0,2367212400.0,20.802575107296136,1.4067713265826474,1.004803319857536,4.348386789608163,-0.009898971232215937,20.802575107296136,-0.09734173398295536,9.879513542200753,-8.95326887961393,3.486106870229008,0.0,2.001810558414332,0.0,0.08153761977128306,1.3104329059517739,-0.022493237653216296,33.79432,0.8110388500598178,-1.5499999999999998,-16.813553619770786,3.693857657743211,11.008630849464438,0.07412260846775154,-1.6022910479422996,-9.214219474497682,-6.678908659844683,2.8775570837377336,2.4811531701958893,Drug Manufacturers—Specialty & Generic,Healthcare,ASRT
2015Q3,2015,Q3,2015-09-30,2015-09-30,-11785000.0,104856000.0,3235000.0,-0.8,83942000.0,0.8005455100328069,1362592000.0,341655000.0,302777000.0,180221000.0,1020937000.0,11354000.0,2644000.0,1137038936.8000002,1832147936.8000002,22.656028888948423,1.6800317388095727,0.5890310525821376,2.3491797280882762,0.0017230129435028103,22.656028888948423,-0.03449386076597737,10.843813771267264,-24.12046959694527,3.3280324795480825,0.0,1.8419940109212611,0.0,0.07695333599492732,1.4502250015259044,-0.008648957281416594,23.33296950195974,0.8005455100328069,0.4444444444444444,-6.434008152176011,3.5425160181908852,13.583622686791585,0.17173606555088708,0.4557336165889253,1.1879284303473916,-6.323458326674315,1.926925649771673,2.705939927427074,Drug Manufacturers—Specialty & Generic,Healthcare,ASRT
2015Q2,2015,Q2,2015-06-30,2015-06-30,-21653000.0,94504000.0,-17214000.0,-1.44,71639000.0,0.75805256920342,1322759000.0,346098000.0,232163000.0,135661000.0,976661000.0,10376000.0,14428000.0,1287428320.0,2790996320.0,23.07627683691159,1.7113466655855405,1.2078254617810198,4.61621274899017,-0.004887962387556409,23.07627683691159,-0.06256320464145994,13.623003470752561,-14.864318108345264,3.7198375026726533,0.0,2.203643022359291,0.0,0.07144460933548742,1.4181526009685907,-0.01636957299099836,33.197398726180346,0.75805256920342,-0.7999999999999998,-5.587020683546301,2.382705287524283,16.062088890137414,1.4625829294283454,-0.861342731883435,-0.7477916539750229,-0.27599142100231017,5.228161343392915,2.768537237885041,Drug Manufacturers—Specialty & Generic,Healthcare,ASRT
2015Q1,2015,Q1,2015-03-31,2015-03-31,-11633000.0,32203000.0,-9849000.0,-0.8,29091000.0,0.9033630407104928,704424000.0,360068000.0,613472000.0,61720000.0,344356000.0,6455000.0,36081000.0,1334759141.52,1515033141.52,24.181512990609004,9.939598185353208,0.33084761450490047,0.6472582956552652,-0.012215068346557176,24.181512990609004,-0.03230778630703089,41.44828561065739,-28.684757618842948,3.706964077674217,0.0,0.48210689388071265,0.0,0.04571536460995083,1.4423039533376538,-0.0165142016739918,-470.814512,0.9033630407104928,-1.1626016260162602,-1.6690905730623504,0.8409210423124975,23.775924179105772,-0.847973661519166,-1.1229405112921806,-1.0624057482480262,-0.23245333443910424,0.7841936987970176,2.3912094240212434,Drug Manufacturers—Specialty & Generic,Healthcare,ASRT
2014Q4,2014,Q4,2014-12-31,2014-12-31,94623000.0,194601000.0,157822000.0,4.92,191355000.0,0.9833197157260241,711004000.0,364447000.0,617620000.0,57499000.0,346618000.0,8456000.0,47714000.0,949410630.0,690633630.0,24.7363616310047,10.741404198333884,0.32333292077119113,0.6307940523587792,0.16547418905992345,24.7363616310047,0.2596344598803118,4.878755145143139,2.5084034272851206,2.6050718760203813,0.0,0.3838694418164617,0.0,0.27369888214412297,10.28798761717595,0.13308363947319565,277.60544736842104,0.9833197157260241,10.18181818181818,24.254219532422194,12.049277921497628,19.565944132393877,2.9897210291480754,13.661140378060118,8.450419161676647,7.4463823359104655,14.120771614861537,2.243589574465942,Drug Manufacturers—Specialty & Generic,Healthcare,ASRT
2014Q3,2014,Q3,2014-09-30,2014-09-30,6454000.0,51485000.0,16700000.0,0.44,47962000.0,0.9315723026124114,742436000.0,263469000.0,632450000.0,115962000.0,478967000.0,7292000.0,-46909000.0,889647920.0,569721920.0,17.994058188772026,5.453941808523481,0.30544316277766703,0.8607160614721276,0.02104074308671123,17.994058188772026,0.024496240544428376,17.279749830047585,34.461106290672454,3.3766701964937047,0.0,0.4831321996708722,0.0,0.06934604464223179,5.198496059053828,0.008693005188325997,-1167.5169553805774,0.9315723026124114,-0.47619047619047616,3.1412701106366434,0.9708961556506461,11.8162870706566,-0.2393865867389822,-0.49364506511846856,-0.37087963834997173,1.7114979098794718,1.9461003735343145,1.1065357394138784,Drug Manufacturers—Specialty & Generic,Healthcare,ASRT
2014Q2,2014,Q2,2014-06-30,2014-06-30,12746000.0,67732000.0,26545000.0,0.84,63057000.0,0.930977972007323,458480000.0,179326000.0,309616000.0,114605000.0,279154000.0,7782000.0,-53364000.0,807672010.0,596527010.0,12.344770496627708,2.7015924261594173,0.0,0.0,0.08964866288702182,12.344770496627708,0.07107725594726921,11.924526220988602,15.841676016005023,4.5039314432932205,0.0,0.600745309689026,0.0,0.14773163496771943,2.384887221325422,0.027800558366777178,118.68802498163116,0.930977972007323,-0.3,2.1695361870685987,4.147845910007449,9.614519015872762,-0.1343318415200022,-0.28948101900886336,-0.25735787824529993,3.08797951353712,1.9697072716322532,0.3259319022385714,Drug Manufacturers—Specialty & Generic,Healthcare,ASRT
2014Q1,2014,Q1,2014-03-31,2014-03-31,17939000.0,76544000.0,35744000.0,1.2,72842000.0,0.9516356605351171,468705000.0,160349000.0,313305000.0,118882000.0,308356000.0,8494000.0,-66109000.0,834414970.0,639128970.0,11.145823522317679,2.635428408001211,0.0,0.0,0.13434287805554948,11.145823522317679,0.11187472325988937,10.901115306229096,11.628504515301858,5.2037428983030765,0.0,0.4358370614551448,0.0,0.16330954438292744,2.154682794703992,0.03827354092659562,-12.646675002652358,0.9516356605351171,-0.5833333333333334,2.571947836200654,5.89963052741754,5.032535025705233,0.8949038786712105,-0.5708475873782923,3.7786096256684494,-0.8316885597123436,-0.14601159290224675,0.1895895269380095,Drug Manufacturers—Specialty & Generic,Healthcare,ASRT
2013Q4,2013,Q4,2013-12-31,2013-12-31,41801000.0,40609000.0,7480000.0,2.88,38441000.0,0.9466128198182668,508653000.0,137416000.0,337045000.0,156857000.0,371237000.0,10145000.0,-84048000.0,604054773.92,359380773.91999996,9.627347338488525,2.1487405726234723,0.0,0.0,0.7482290170411146,9.627347338488525,0.30419310706176866,14.87489901056416,3.612681358819167,4.395811069453339,0.0,0.21370133070478067,0.0,0.07983635209071803,1.875670196420944,0.08217979644276156,-544.193490018018,0.9466128198182668,5.545454545454545,4.338788041246511,3.17924819240219,2.7175577921269922,0.0765073230838164,5.417101627264354,0.09388710149166422,21.870165538565946,0.8192790314853696,4.5575456236153205,Drug Manufacturers—Specialty & Generic,Healthcare,ASRT
2013Q3,2013,Q3,2013-09-30,2013-09-30,6514000.0,37460000.0,6838000.0,0.44,35709000.0,0.9532568072610785,156744000.0,92213000.0,110621000.0,34119000.0,64531000.0,7822000.0,-125849000.0,424437033.59999996,360155033.59999996,6.491715429800799,3.2422110847328467,0.0,0.0,0.07341060542499117,6.491715429800799,0.070640799019661,11.330406663107313,16.28941639545594,4.602789558955895,0.0,0.22385579135770903,0.0,0.2389884142295718,2.8329376593686804,0.04155820956464043,30.530645489857573,0.9532568072610785,10.0,21.35844094616105,1.2484127242595997,0.7997347572023397,0.26291777188328913,12.627615062761507,11.853383458646617,2.188671400914551,0.722829373458489,3.178699139301465,Drug Manufacturers—Specialty & Generic,Healthcare,ASRT
2013Q2,2013,Q2,2013-06-30,2013-06-30,478000.0,29963000.0,532000.0,0.04,28275000.0,0.9436638520842372,133980000.0,82931000.0,97514000.0,28047000.0,51049000.0,7226000.0,-132363000.0,328627729.91999996,283693729.91999996,5.864740752307115,3.4768067886048417,0.0,0.0,0.005699547153433729,5.864740752307115,0.0057638277604273435,10.967784598337948,171.8764277824268,3.962664503261747,0.0,0.23360088569056187,0.0,0.2236378563964771,3.0069169608157735,0.003567696671144947,686.0704173695198,0.9436638520842372,1.0999999999999999,-0.8833350715001528,3.029986635787943,0.6335780470367302,0.14520048602673147,1.0872262773722627,1.0961503705042472,-0.8925996280775139,0.1375343811079016,3.3362596462448884,Drug Manufacturers—Specialty & Generic,Healthcare,ASRT
2013Q1,2013,Q1,2013-03-31,2013-03-31,-5480000.0,26174000.0,-5533000.0,-0.4,24690000.0,0.9433025139451364,135228000.0,80256000.0,96011000.0,32065000.0,54972000.0,8743000.0,-132841000.0,319568286.48,297638286.48,5.685782716470258,2.9942616560112274,0.0,0.0,-0.06771850422794753,5.685782716470258,-0.06828149920255183,12.209379020401926,-14.578845186131387,3.981861623803828,0.0,0.16973578863090472,0.0,0.1935545892862425,2.546702011539061,-0.04052415180288106,-58.32602417959482,0.9433025139451364,-0.4285714285714285,0.3619271646209945,2.892241559009454,0.7491657578704257,0.017137678174178134,-0.4794816414686825,-0.42199948599331794,-0.3263738359803116,0.5784205718752922,4.825546215277962,Drug Manufacturers—Specialty & Generic,Healthcare,ASRT
2012Q4,2012,Q4,2012-12-31,2012-12-31,-3704000.0,26590000.0,-3891000.0,-0.28,24274000.0,0.912899586310643,141653000.0,83936000.0,95267000.0,36681000.0,57717000.0,9587000.0,-127361000.0,347780272.28000003,318704272.28000003,5.975771271829887,2.5971756495188245,0.0,0.0,-0.045007967126173394,5.975771271829887,-0.04412886008387343,13.079363380218128,-23.473290515658746,4.143398211494472,0.0,0.2415771357046,0.0,0.18771222635595433,2.1947329680215915,-0.02614840490494377,-33.283593863527614,0.912899586310643,-1.3333333333333337,-1.1276235409780997,3.286344003957436,0.5709403419835589,-0.22986135346933595,-1.4775919732441471,-1.5249837767683323,0.045182679858815265,0.8702687003427189,3.968288382814451,Drug Manufacturers—Specialty & Generic,Healthcare,ASRT
2012Q3,2012,Q3,2012-09-30,2012-09-30,-1495000.0,33282000.0,-1541000.0,-0.12,31519000.0,0.9470284237726099,144916000.0,85648000.0,105354000.0,42888000.0,59268000.0,7795000.0,-123657000.0,336235104.0,308863104.0,6.113436626771724,2.4564913262451036,0.0,0.0,-0.01812561305271045,6.113436626771724,-0.01745516532785354,10.102611141157382,-56.22660602006689,3.9257788156174107,0.0,0.22617062219371392,0.0,0.22966408126086837,2.2106649878753966,-0.01031632117916586,-164.09717130307467,0.9470284237726099,0.8928571428571428,-1.0286713819457933,-0.4648449308212917,2.7020539770305243,1.4880802020839912,0.9052598225602028,0.9035850591253206,-2.002569250900622,0.33156089566640085,3.35430173532855,Drug Manufacturers—Specialty & Generic,Healthcare,ASRT
2012Q2,2012,Q2,2012-06-30,2012-06-30,-15780000.0,14110000.0,-15983000.0,-1.12,12668000.0,0.8978029766123317,143109000.0,85401000.0,97470000.0,40274000.0,57708000.0,8029000.0,-122162000.0,317425845.04,303904845.04,6.123404222977067,2.420171823012365,0.0,0.0,-0.18716423611639155,6.123404222977067,-0.1847753539185724,22.49651630333097,-5.028926569074778,3.7168867465252164,0.0,0.17959895379250218,0.0,0.09859617494357448,2.063365943288474,-0.11026560174412511,-23.13936762210235,0.8978029766123317,-0.7500000000000001,-0.4595867553480161,2.2410923777488923,3.8123050814010924,-0.22363179506036648,-0.7923671058609723,-0.7882076527187291,-0.5081236936668676,0.11698892502080946,4.265143696630185,Drug Manufacturers—Specialty & Generic,Healthcare,ASRT
2012Q1,2012,Q1,2012-03-31,2012-03-31,-8804000.0,16835000.0,-8938000.0,-0.64,16317000.0,0.9692307692307692,151959000.0,99035000.0,115225000.0,35702000.0,52924000.0,6554000.0,-106384000.0,347771645.76,307560645.76,7.130645727545468,3.2274102291188167,0.0,0.0,-0.09034327594430082,7.130645727545468,-0.08889786439137679,20.657656415800414,-9.875387487505678,3.511603430706316,0.0,0.07903570338724443,0.0,0.11078646213781349,2.9006498235392977,-0.0579366802887621,-29.85420600566572,0.9692307692307692,0.35761031035451885,0.38635882137573624,2.330146415894723,3.001247365883781,0.417267436810562,0.3637349136373491,0.30210041383618336,0.20087598578038862,0.5718896327176474,2.8593711825044776,Drug Manufacturers—Specialty & Generic,Healthcare,ASRT
2011Q4,2011,Q4,2011-12-31,2011-12-31,-13837000.0,12132000.0,-12807000.0,-0.99628,11513000.0,0.9489779096604023,164372000.0,105918000.0,109489000.0,39840000.0,58454000.0,5395000.0,-97580000.0,287772703.68,263729703.68,7.6262304656955715,2.7482178714859438,0.0,0.0,-0.127755884316544,7.6262304656955715,-0.13063879604977435,23.720137131552917,-5.199333375731734,2.7169386098680106,0.0,0.11473586654309546,0.0,0.07380819117611272,2.4775100401606425,-0.0841810040639525,-19.492833684210527,0.9489779096604023,-0.6604666666666669,-0.12012371620709787,0.8242520495650447,3.939729539664185,-0.2510408534998699,-0.613456156716418,-0.37561761546723954,-0.1358341830208343,0.2831548971103815,1.9448353212478857,Drug Manufacturers—Specialty & Generic,Healthcare,ASRT
2011Q3,2011,Q3,2011-09-30,2011-09-30,-8576000.0,16522000.0,-9310000.0,-0.6,15372000.0,0.9303958358552233,171785000.0,118247000.0,125243000.0,34218000.0,53538000.0,3292000.0,-83743000.0,299008540.8,279063540.8,8.54201419520121,3.660149628850313,0.0,0.0,-0.07566320969791421,8.54201419520121,-0.07252615288337125,18.097599612637698,-8.716433675373136,2.52867760535151,0.0,0.34933171324422846,0.0,0.09617836248799372,3.402741247296744,-0.049922868702156765,-30.12984087061669,0.9303958358552233,-0.3636363636363636,0.4878290422920464,12.001174968558994,5.6679684953735805,-0.1942551630149911,-0.5101250220109174,-0.5527018012008005,-26.503272367437827,0.017592070691027924,1.3681506082424082,Drug Manufacturers—Specialty & Generic,Healthcare,ASRT
2011Q2,2011,Q2,2011-06-30,2011-06-30,-5679000.0,21218000.0,-5996000.0,-0.44,19078000.0,0.8991422377226883,181261000.0,125819000.0,129709000.0,32114000.0,55442000.0,5014000.0,-75167000.0,442178603.52,405988603.52,9.310259807299325,4.039017251043159,0.0006675456937785845,0.0009616989484894968,-0.0476183579929791,9.310259807299325,-0.045136267177453324,20.839787139221414,-19.465513449550976,3.5144024632209763,0.0,0.4268049461507778,0.0,0.11705772339333889,3.7920221710157564,-0.03133051235511224,220.64800574850298,0.8991422377226883,-1.0621468926553672,0.5601908824900685,6.362782084936414,14.234690661148955,-0.7658164142096089,-1.057469868544886,-1.060682731330142,-2.4503337242097643,1.9861141885764093,1.5933006548379058,Drug Manufacturers—Specialty & Generic,Healthcare,ASRT
2011Q1,2011,Q1,2011-03-31,2011-03-31,98817000.0,83101000.0,98809000.0,7.08,81466000.0,0.9803251465084656,181339000.0,124973000.0,158315000.0,32412000.0,56366000.0,3465000.0,-69489000.0,535666971.35999995,452976971.35999995,9.369470115466557,4.884456374182402,0.006396858921688109,0.009282004913061222,0.783355665863733,9.369470115466557,0.7907067926672161,6.44597503471679,1.3551994377485654,4.286261603386331,0.0,0.47186147186147187,0.0,0.4582632528027617,4.705757126990004,0.5449296621245292,6.726442455171028,0.9803251465084656,58.0,10.757533439993782,46.39845703546277,76.36270863735379,3.1305075292805356,56.855386416861826,80.45836768342951,13.176078765381575,12.077418551714556,1.8824098831442029,Drug Manufacturers—Specialty & Generic,Healthcare,ASRT
2010Q4,2010,Q4,2010-12-31,2010-12-31,1708000.0,20859000.0,1213000.0,0.12,19723000.0,0.9455390958339326,87031000.0,23106000.0,79599000.0,32984000.0,63925000.0,1571000.0,-168306000.0,339326886.24,318970886.24,1.7323019891334148,2.413260975018191,0.024933644333628248,0.09391500043278803,0.048216024501270674,1.7323019891334148,0.07392019388903315,16.26764879620308,49.66728428571429,14.68566113736692,0.0,0.7231063017186505,0.0,0.23967321988716664,2.3253092408440454,0.01962519102388804,352.3643678504673,0.9455390958339326,-0.25000000000000006,1.3341559147881679,4.048302466804229,1.6162293871362243,0.11884501928749716,-0.0967741935483871,-0.3688865764828304,-0.9380272431117872,2.540913416593252,-0.5446038753095176,Drug Manufacturers—Specialty & Generic,Healthcare,ASRT
2010Q3,2010,Q3,2010-09-30,2010-09-30,1891000.0,20127000.0,1922000.0,0.16,17628000.0,0.8758384259949322,89481000.0,20427000.0,79024000.0,35625000.0,69054000.0,962000.0,-170014000.0,235626549.76000002,218550549.76000002,1.553525442582112,2.218217543859649,0.035191828432851666,0.15415871150927693,0.08148049473037045,1.553525442582112,0.0925735546090958,11.706988113479406,31.151050999471185,11.535054083321095,0.0,2.5977130977130978,0.0,0.2249304321587823,2.136252631578947,0.02113297795062639,1323.744661573034,0.8758384259949322,-0.5,1.2058015556466917,18.19507571297441,0.5728736541533772,-0.17772180240694094,-0.5416868637905963,-0.5454115421002839,-0.9613593382696531,-0.6551780792160381,-0.05924680433528541,Drug Manufacturers—Specialty & Generic,Healthcare,ASRT
2010Q2,2010,Q2,2010-06-30,2010-06-30,4126000.0,24419000.0,4228000.0,0.32,21438000.0,0.877922928866866,85328000.0,17730000.0,74846000.0,31358000.0,67598000.0,1476000.0,-171906000.0,146822704.0,128676704.0,1.3524883726429666,2.386823139230818,0.04803815863491468,0.23119007332205302,0.19364036497398893,1.3524883726429666,0.23271291596164692,6.012641959130185,8.89618904507998,8.281032374506486,0.0,2.019647696476965,0.0,0.2861780423776486,2.289782511639773,0.04835458466154135,24.601659517426274,0.877922928866866,2.142857142857143,1.4591829220375832,42.20590555728371,-0.17916536624250415,0.5446357806758412,2.078129082832506,2.1313888145571314,1.4060195727290243,4.967426820157526,1.6211593722079116,Drug Manufacturers—Specialty & Generic,Healthcare,ASRT
2010Q1,2010,Q1,2010-03-31,2010-03-31,-3827000.0,15360000.0,-3737000.0,-0.28,13879000.0,0.9035807291666667,84213000.0,12761000.0,70621000.0,31489000.0,71452000.0,2760000.0,-176029000.0,185660470.2,183255470.2,0.9760085160012699,2.2427196798882147,0.05959887428306793,0.39330773450356554,-0.2102349121545379,0.9760085160012699,-0.29989812710602615,12.087270195312499,-12.128329644630258,14.549053381396442,0.0,0.5365942028985508,0.0,0.18239464215738663,2.0714217663311,-0.04544429007397908,-19.20162066397766,0.9035807291666667,-0.013831559128105025,0.5781867892188262,610.7711183622758,-0.5833172408474664,0.1959500215424386,-0.05981722514538909,-0.0059219380888290716,0.7166510105062107,2.2275291089329854,1.2739211210819792,Drug Manufacturers—Specialty & Generic,Healthcare,ASRT
2009Q4,2009,Q4,2009-12-31,2009-12-31,-3611000.0,13234000.0,-3715000.0,-0.27618,11605000.0,0.8769079643342904,91581000.0,15726000.0,78426000.0,32202000.0,75855000.0,2565000.0,-172202000.0,175200725.4,154296725.4,1.2027826912182409,2.4354387926215764,0.06460947139690547,0.3762558819788885,-0.1717441547860188,1.2027826912182409,-0.22961973801348087,13.238682590297719,-12.12965420936029,11.140832086989699,0.0,0.6350877192982456,0.0,0.1445059564756882,2.3189863983603503,-0.03942957600375624,-25.87134161252215,0.8769079643342904,-3.3015,0.5397866510536085,526.094985703539,0.3975505741361949,-0.46389799972282536,-3.6300072833211945,-3.623587570621469,0.6894866444292271,1.1138409937590144,1.4636439749724441,Drug Manufacturers—Specialty & Generic,Healthcare,ASRT
2009Q3,2009,Q3,2009-09-30,2009-09-30,1373000.0,23014000.0,1416000.0,0.12,21647000.0,0.9406013730772573,98487000.0,18111000.0,79597000.0,32740000.0,80376000.0,2154000.0,-168591000.0,225484640.92000002,214619640.92000002,1.403999308814652,2.4311850946854,0.0688923411211632,0.37463420020981725,0.057547222532692524,1.403999308814652,0.07581028104466898,9.797716212740072,41.05692660597232,12.450148579316437,0.0,0.6346332404828227,0.0,0.2336755104734635,2.3357055589492974,0.013940926213611949,48.933298810763894,0.9406013730772573,1.1578947368421053,1.137515195933071,240.05967148720762,-0.13075501822393204,1.0856537238654977,1.1427977119084762,1.1476538060479666,1.0879943969301136,18.434188007034724,1.7672458030747515,Drug Manufacturers—Specialty & Generic,Healthcare,ASRT
2009Q2,2009,Q2,2009-06-30,2009-06-30,-9615000.0,11608000.0,-9590000.0,-0.76,10379000.0,0.8941247415575465,93907000.0,14905000.0,76875000.0,27713000.0,79002000.0,2366000.0,-169964000.0,166606765.0,166080765.0,1.1630079967040954,2.7739688954642228,0.081218652496619,0.5117074807111708,-0.42552838696328205,1.1630079967040954,-0.6450855417645086,14.352753704341833,-4.331949167966719,11.177911103656491,0.0,0.5194420963651732,0.0,0.12361165834282854,2.6171832713888787,-0.10238853333617302,-17.645283308621053,0.8941247415575465,0.050000000000000044,0.14875633602528635,0.0,-0.5098067302796007,0.17409502262443438,0.053175775480059084,0.05823431208877541,0.2148063160582534,3.2474673638876865,2.6532353974433396,Drug Manufacturers—Specialty & Generic,Healthcare,ASRT
2009Q1,2009,Q1,2009-03-31,2009-03-31,-10155000.0,9872000.0,-10183000.0,-0.8,8840000.0,0.8954619124797407,105484000.0,23653000.0,87513000.0,26931000.0,81831000.0,2902000.0,-160349000.0,120849794.39999999,119704794.39999999,1.8476185343017844,3.2495265678957335,0.08004057487391453,0.3569526064347017,-0.317298194666542,1.8476185343017844,-0.42933243140405025,12.241672852512155,-2.975130339734121,5.109279770008033,0.0,0.3556168159889731,0.0,0.09358765310378825,3.012884779621997,-0.09627052443972546,9.430339008973858,0.8954619124797407,0.0879449118726771,-0.026587207459934203,54.689602479651796,-0.4314536281285362,0.17709720372836218,0.09564520438151215,0.10745902357787711,-0.044757637066202324,4.866652230399435,14.255587838015748,Drug Manufacturers—Specialty & Generic,Healthcare,ASRT
2008Q4,2008,Q4,2008-12-31,2008-12-31,-11229000.0,8715000.0,-11409000.0,-0.87714,7510000.0,0.861732644865175,95084000.0,33153000.0,93987000.0,22378000.0,61931000.0,2849000.0,150194000.0,84492441.0,71496441.0,2.589696751689302,4.199973187952454,0.09603087796054015,0.2754200223207553,-0.269746304142441,2.589696751689302,-0.3387023798751244,9.695059208261618,-1.8811212262890726,2.5485609447108857,0.0,0.42295542295542293,0.0,0.09165579908291616,3.831173473947627,-0.11809557864624963,-21.810129323696437,0.861732644865175,-37.94021600509225,0.20237755423931447,51.64110829474325,-0.3524102492834548,-0.35894152795561246,-40.435424354243544,-20.405253283302063,-1.2889147177019291,1.197589231276014,2.911119878659316,Drug Manufacturers—Specialty & Generic,Healthcare,ASRT
2008Q3,2008,Q3,2008-09-30,2008-09-30,-271000.0,14111000.0,-533000.0,-0.022525298778139687,11715000.0,0.8302033874282475,97006000.0,43396000.0,95693000.0,16137000.0,53610000.0,3008000.0,-138965000.0,175651388.2,170651388.2,3.6070400951149444,5.930036561938403,0.09401480320804899,0.21015761821366025,-0.010301337092059408,3.6070400951149444,-0.006244815190340124,12.447834186095953,-162.04002601476014,4.047640063600332,0.0,0.7965425531914894,0.0,0.14546522895491001,5.550845882134226,-0.0027936416304146137,19.85883416619559,0.8302033874282475,-1.0804474956362131,0.9793778799119618,19.72642334415258,3.939537714213863,1.1884924341490752,-1.077873563218391,-1.181787175989086,0.967766022138445,13.708082687515404,2.6519635788207045,Drug Manufacturers—Specialty & Generic,Healthcare,ASRT
2008Q2,2008,Q2,2008-06-30,2008-06-30,3480000.0,6315000.0,2932000.0,0.28,5353000.0,0.8476642913697545,83599000.0,43119000.0,82131000.0,17220000.0,40480000.0,3547000.0,-138693000.0,154214344.92,108792344.91999999,3.59011971478535,4.769512195121951,0.042010071890812094,0.08144901319603887,0.0628766271364543,3.59011971478535,0.08070688095735058,24.42032381947743,11.07861673275862,3.5764824072914494,0.0,0.2712151113617141,0.0,0.0755391810906829,4.360452961672474,0.04162729219249034,38.1813183758356,0.8476642913697545,1.4375,1.239356200337728,25.241736143147385,19.38272194536471,0.19167408726625113,1.4779563246806757,1.3626917367639781,1.422718440249633,11.195624323379851,1.178868714022821,Drug Manufacturers—Specialty & Generic,Healthcare,ASRT
2008Q1,2008,Q1,2008-03-31,2008-03-31,-7281000.0,5701000.0,-8084000.0,-0.64,4492000.0,0.7879319417646027,74060000.0,38898000.0,64852000.0,14708000.0,35162000.0,2206000.0,-142173000.0,162744712.79999998,151152712.79999998,3.250568272839153,4.409301060647267,0.0,0.0,-0.20782559514628002,3.250568272839153,-0.1871818602498843,28.54669580775302,-5.58799316028018,4.183883819219497,0.0,0.5480507706255666,0.0,0.07697812584391034,4.012374218112591,-0.09831217931406967,-27.509248275862067,0.7879319417646027,-1.3091787439613527,0.602726864737292,4.066085646676085,2.0506074890156145,0.04806346243583761,-1.2944673622907061,-1.3327159731654115,0.12316905621178263,247.0915184380069,0.3877499371517182,Drug Manufacturers—Specialty & Generic,Healthcare,ASRT
2007Q4,2007,Q4,2007-12-31,2007-12-31,24726000.0,5285000.0,24297000.0,2.07,4286000.0,0.8109744560075686,80645000.0,45520000.0,62769000.0,14334000.0,35125000.0,3263000.0,-134892000.0,156043459.92,141669459.92,3.803945389985044,4.379028882377564,0.0,0.0,0.5265252825686059,3.803945389985044,0.5431898066783831,29.525725623462627,1.5777264814365446,3.428019769771529,0.0,0.30615997548268464,0.0,0.06553413106826214,3.982698479140505,0.3066030132060264,6.686812646554679,0.8109744560075686,-0.43750000000000006,0.07591976906859768,5.289287670509215,3.4406140752065046,-0.9177919288015959,-0.442090299871387,-0.44690295704432154,4.443092654901323,228.98836606645614,3.4199223206078893,Drug Manufacturers—Specialty & Generic,Healthcare,ASRT
2007Q3,2007,Q3,2007-09-30,2007-09-30,44319000.0,52860000.0,43929000.0,3.68,52136000.0,0.986303443057132,56230000.0,19664000.0,37944000.0,15398000.0,36566000.0,3851000.0,-159618000.0,101453910.72,91869910.72,1.6513634497775227,2.4642161319651903,0.0,0.0,2.221549544862953,1.6513634497775227,2.253814076484947,1.9192945652667424,0.5722935463345292,5.159373002441009,0.0,0.1880031160737471,0.0,0.940067579583852,2.1218989479153136,0.7881735728258936,9.818437116036002,0.986303443057132,5.6000000000000005,2.707077330752297,127.68108917476614,0.0,16.15564330371833,5.946316964285714,5.666843726760862,5.808575576675296,598.7992928800331,0.02239323252902392,Drug Manufacturers—Specialty & Generic,Healthcare,ASRT
2007Q2,2007,Q2,2007-06-30,2007-06-30,-8960000.0,3608000.0,-9413000.0,-0.8,3039000.0,0.8422949002217295,45805000.0,-25167000.0,38394000.0,16293000.0,70972000.0,4393000.0,-203937000.0,220535912.87999997,210981912.87999997,-2.177361291089508,2.356472104584791,0.0,0.0,0.37414680850751414,-2.177361291089508,0.3560217745460325,61.124144368070944,-6.153345783482142,-8.762900340922636,0.0,0.12952424311404506,0.0,0.0787686933740858,1.9639108819738538,-0.19561183276934832,-19.792503594379518,0.8422949002217295,0.23076923076923075,0.6131513157060124,0.7859590234263655,0.0,-0.1374252697781233,0.1754332104581573,0.16520439233921383,0.12044917232894103,0.0,-1.9177304486869808,Drug Manufacturers—Specialty & Generic,Healthcare,ASRT
2007Q1,2007,Q1,2007-03-31,2007-03-31,-10866312.0,3828833.0,-11275814.0,-1.04,3523173.0,0.9201688869689537,36983615.0,-37480430.0,34504503.0,18711938.0,74464045.0,4390834.0,-194977497.0,150212019.72,145047488.72,-3.5631006186966143,1.8439833971232698,0.0,0.0,0.3008654759292527,-3.5631006186966143,0.2899196193853699,39.231802410812904,-3.4559107938369524,-4.007745367916002,0.0,0.06961319876816113,0.0,0.10352781900849876,1.4350408813881277,-0.2938142201620907,-18.725933082710142,0.9201688869689537,-0.16927504946932906,0.44872640847924355,0.735226645306639,0.0,-0.2783003794523792,-0.16142077464092489,-0.17073771917301528,-0.33688956795743563,25.286504512268568,-2.096431915876225,Drug Manufacturers—Specialty & Generic,Healthcare,ASRT
