Quarters,Year,Quarter,FillingDate,Date,NetIncome,Revenue,OperatingIncome,EPSDiluted,GrossProfit,GrossProfitRatio,TotalAssets,CommonStockEquity,CurrentAssets,CurrentLiability,TotalLiability,Inventory,RetainedEarnings,MarketCap,EnterpriseValue,bookValuePerShare,currentRatio,debtToAssets,debtToEquity,roic,shareholdersEquityPerShare,roe,priceToSalesRatio,peRatio,pbRatio,payoutRatio,inventoryTurnover,dividendYield,assetTurnover,quickRatio,returnOnAssets,priceToFreeCashFlowsRatio,grossProfitMargin,epsdilutedGrowth,fiveYNetIncomeGrowthPerShare,fiveYRevenueGrowthPerShare,fiveYShareholdersEquityGrowthPerShare,grossProfitGrowth,netIncomeGrowth,operatingIncomeGrowth,threeYNetIncomeGrowthPerShare,threeYRevenueGrowthPerShare,threeYShareholdersEquityGrowthPerShare,Industry,Sector,Symbol
2023Q1,2023,Q1,2023-03-31,2023-03-31,4713000.0,0.0,4545000.0,0.05,0.0,0.0,469008000.0,460213000.0,59018000.0,5020000.0,8795000.0,0.0,-173098000.0,1281164033.73,1226783033.73,4.551250703646304,11.756573705179283,0.0004946610718793709,0.0005041143992021086,0.009196609201295737,4.551250703646304,0.010240910187239388,0.0,67.95905122692552,2.78385016009978,0.0,0.0,0.0,0.0,11.36593625498008,0.010048869102446014,-412.48037145202835,0.0,6.9523809523809526,20.77391513079098,0.0,0.7707519386835978,0.0,6.712727272727273,5.5359281437125745,1.2708019615885815,0.0,0.9669770776476272,Silver,Basic Materials,MAG
2022Q4,2022,Q4,2022-12-31,2022-12-31,-825000.0,0.0,-1002000.0,-0.0084,0.0,0.0,407829000.0,401696000.0,31895000.0,2663000.0,6133000.0,0.0,-177811000.0,1538318760.78,1508624760.78,4.081409289201219,11.977093503567405,0.0006399741067947595,0.0006497450808571657,-0.0030675056067835196,4.081409289201219,-0.0020537919222496613,0.0,-466.1572002363637,3.8295595693758466,0.0,0.0,0.0,0.0,11.514457378895981,-0.0020229066594087226,-2018.7910246456693,0.0,-1.105,0.8338937513596583,0.0,0.49718688372930375,0.0,-1.1002795672784733,-1.1144096825759306,0.28834539271309423,0.0,0.6387907152363107,Silver,Basic Materials,MAG
2022Q3,2022,Q3,2022-09-30,2022-09-30,8227000.0,0.0,8758000.0,0.08,0.0,0.0,405594000.0,400565000.0,44118000.0,1684000.0,5029000.0,0.0,-176986000.0,1232183035.2,1192962035.2,4.057068679888606,26.19833729216152,0.000705138636173119,0.0007139914870245778,0.020469469663535533,4.057068679888606,0.02053848938374546,0.0,37.44326714476723,3.076112578982188,0.0,0.0,0.0,0.0,25.31413301662708,0.020283830628658215,-959.644108411215,0.0,0.0,3.073922072246094,0.0,0.8579624919305648,0.0,0.08793969849246232,1.9732192465829537,4.591839597651276,0.0,0.6288205874615297,Silver,Basic Materials,MAG
2022Q2,2022,Q2,2022-06-30,2022-06-30,7562000.0,0.0,-8999000.0,0.08,0.0,0.0,395691000.0,391211000.0,49311000.0,1638000.0,4480000.0,0.0,-185213000.0,1195564467.86,1151268467.86,3.9822510604735664,30.104395604395606,0.0009072736049088809,0.0009176633581366577,-0.019659137717786136,3.9822510604735664,0.01932972232375879,0.0,39.52540557590584,3.0560604580648296,0.0,0.0,0.0,0.0,28.86141636141636,0.019110871867189298,-237.07405668451315,0.0,1.9304029304029302,5.70236152057167,0.0,0.8244982461535453,1.0,1.8216417910447762,-2.0981086028065894,7.89326708075246,0.0,0.5847572426479897,Silver,Basic Materials,MAG
2022Q1,2022,Q1,2022-03-31,2022-03-31,2680000.0,0.0,8195000.0,0.0273,-34000.0,0.0,376380000.0,370653000.0,57396000.0,4118000.0,5727000.0,0.0,-192775000.0,1581740360.9700003,1529863360.9700003,3.7891547550348403,13.937833899951432,0.0009857059354907275,0.001000936185596771,0.05485660654493223,3.7891547550348403,0.007230482418866163,0.0,147.550406806903,4.2674424892554494,0.0,0.0,0.0,0.0,13.254006799417192,0.00712046336149636,-950.5651207752405,0.0,-0.700657894736842,8.087829755798591,0.0,0.7370419213945142,0.1282051282051282,-0.690602632186562,0.5257866319121206,6.30217348445941,0.0,0.518265297442354,Silver,Basic Materials,MAG
2021Q4,2021,Q4,2021-12-31,2021-12-31,8662000.0,0.0,5371000.0,0.0912,-39000.0,0.0,372372000.0,367521000.0,59371000.0,1610000.0,4851000.0,0.0,-196419000.0,1488694111.05,1432331111.05,3.8685274746858815,36.87639751552795,0.0010339123242349049,0.001047559187094071,0.023519445221305977,3.8685274746858815,0.02356872124313985,0.0,42.96623502222351,4.050636864424074,0.0,0.0,0.0,0.0,36.54968944099379,0.023261684552007132,-914.4312721437346,0.0,4.8,1.1456634957607972,0.0,0.7684458178724023,0.0,4.799122807017544,7.730576441102757,3.0368681845013707,0.0,0.5471772297503451,Silver,Basic Materials,MAG
2021Q3,2021,Q3,2021-09-30,2021-09-30,-2280000.0,0.0,-798000.0,-0.024,-39000.0,0.0,320599000.0,313360000.0,34770000.0,793000.0,7239000.0,0.0,-207603000.0,1539045603.0,1507746603.0,3.298428578142658,43.84615384615385,0.001272617818520956,0.0013020168496298188,-0.007257078834793237,3.298428578142658,-0.007275976512637223,0.0,-168.75500032894735,4.911429675134031,0.0,0.0,0.0,0.0,42.6796973518285,-0.0071116878093818135,-1207.0945905882354,0.0,-1.8,0.027713594260484302,0.0,0.17482234180515988,0.0,-1.6898638426626325,-1.42,-4.438671011271069,0.0,0.29342232337063995,Silver,Basic Materials,MAG
2021Q2,2021,Q2,2021-06-30,2021-06-30,3305000.0,0.0,1900000.0,0.03,-39000.0,0.0,322290000.0,316322000.0,69096000.0,722000.0,5968000.0,0.0,-205416000.0,1984981878.1200001,1919083878.1200001,3.333761538552418,95.70083102493075,0.0013776412547705482,0.0014036330068727435,0.010418965354181773,3.333761538552418,0.010448214161518959,0.0,150.1499151376702,6.275193878769103,0.0,0.0,0.0,0.0,94.13019390581718,0.010254739520307797,-2210.4475257461027,0.0,1.7772020725388598,2.2498752207287662,0.0,0.18577854997771429,-0.3448275862068966,1.9025122883670125,1.9429280397022333,2.081870417252082,0.0,0.31276671676774065,Silver,Basic Materials,MAG
2021Q1,2021,Q1,2021-03-31,2021-03-31,-3662000.0,0.0,-2015000.0,-0.0386,-29000.0,0.0,318983000.0,311402000.0,95816000.0,893000.0,7581000.0,0.0,-208721000.0,1423396108.54,1331014108.54,3.2837971046544054,107.29675251959686,0.0014483530470275846,0.0014836128220114193,-0.011724928440155477,3.2837971046544054,-0.011759718948497441,0.0,-97.17340992217368,4.57092795980758,0.0,0.0,0.0,0.0,105.38521836506159,-0.011480235623842023,-486.46483545454544,0.0,-1.350909090909091,-1.1667135920556067,0.0,0.05765427305354892,0.03333333333333333,-1.3621798041736723,-1.3256302521008403,-19.04016342105927,0.0,0.2776246504398813,Silver,Basic Materials,MAG
2020Q4,2020,Q4,2020-12-31,2020-12-31,10111000.0,0.0,6188000.0,0.11,-30000.0,0.0,323082000.0,316668000.0,95414000.0,901000.0,6414000.0,0.0,-207470000.0,1917295536.6,1823763536.6,3.389163139409981,105.89789123196448,0.0014733101813161984,0.0015031515656776181,0.031833637680246836,3.389163139409981,0.03192933924488739,0.0,47.406179819009,6.05459199098109,0.0,0.0,0.0,0.0,105.33296337402885,0.03129546059514303,-762.3441497415506,0.0,3.849740932642487,1.7369476229405658,0.0,0.5226457144130845,0.03225806451612903,3.8031605212087607,2.2795698924731185,3.144380186366953,0.0,0.2432496325641815,Silver,Basic Materials,MAG
2020Q3,2020,Q3,2020-09-30,2020-09-30,-3607000.0,0.0,-4836000.0,-0.0386,-31000.0,0.0,310418000.0,300958000.0,138410000.0,596000.0,9460000.0,0.0,-217062000.0,1519260498.3000002,1383690498.3000002,3.2210256802409747,232.23154362416108,0.0015301947696332043,0.0015782933166754165,-0.011947348198789037,3.2210256802409747,-0.011985061038417321,0.0,-105.29945233573608,5.048081454222849,0.0,0.0,0.0,0.0,231.3708053691275,-0.011619815861193617,-2519.5033139303487,0.0,-4.86,-0.3448632123265685,0.0,0.37577418882867325,-0.03333333333333333,-3.7810331534309944,-2.967186218211649,0.03917119671328593,0.0,0.4750908529350261,Silver,Basic Materials,MAG
2020Q2,2020,Q2,2020-08-13,2020-06-30,1297000.0,0.0,-1219000.0,0.01,-30000.0,0.0,262599000.0,251986000.0,88441000.0,759000.0,10613000.0,0.0,-215571000.0,1264267151.7,1177644151.7,2.8103258043384627,116.52305665349144,0.0018469224939927419,0.0019247101029422268,0.005127373930644065,2.8103258043384627,0.005147111347455811,0.0,243.69066146877407,5.0172118756597595,0.0,0.0,0.0,0.0,115.18050065876153,0.004939089638574404,-816.1827964493222,0.0,1.0588235294117647,1.4686125477855954,0.0,0.1869296814924834,0.0,1.087058665592697,0.8035138620245004,1.883653490977162,0.0,0.2875718841608711,Silver,Basic Materials,MAG
2020Q1,2020,Q1,2020-04-23,2020-03-31,-14898000.0,0.0,-6204000.0,-0.17,-30000.0,0.0,212330000.0,200282000.0,71121000.0,678000.0,12048000.0,0.0,-216616000.0,664770408.9599999,594927408.9599999,2.3138300671451115,104.89823008849558,0.002279470635331795,0.002416592604427757,-0.07402732919254658,2.3138300671451115,-0.07438511698505108,0.0,-11.15536328634716,3.3191720122627095,0.0,0.0,0.0,0.0,103.86578171091445,-0.07016436678754769,-410.0989567921036,0.0,-13.40677966101695,-3.6853197502695814,0.0,-0.028554012427869913,-0.1111111111111111,-13.634577603143418,-4.275510204081633,-43.52676779940888,0.0,0.06071672588025148,Silver,Basic Materials,MAG
2019Q4,2019,Q4,2020-02-11,2019-12-31,-1018000.0,0.0,-1176000.0,-0.0118,-27000.0,0.0,218810000.0,215247000.0,72712000.0,854000.0,3563000.0,0.0,-201510000.0,1023298071.68,951479071.68,2.4905006180808678,85.14285714285714,0.0024724646953978337,0.002513391591985022,-0.0047057953395060305,2.4905006180808678,-0.004729450352385864,0.0,-251.30109815324167,4.754064268863213,0.0,0.0,0.0,0.0,84.82786885245902,-0.004652438188382615,-941.3965700827966,0.0,0.49137931034482757,0.915082870513452,0.0,0.010525233699373748,-0.038461538461538464,0.49226932668329176,0.16595744680851063,0.9811823083637502,0.0,0.13849919155902263,Silver,Basic Materials,MAG
2019Q3,2019,Q3,2019-11-08,2019-09-30,-2005000.0,0.0,-1410000.0,-0.0232,-26000.0,0.0,218585000.0,215273000.0,95331000.0,436000.0,3312000.0,0.0,-200492000.0,916992613.2199999,822941613.2199999,2.4908014492937074,218.64908256880733,0.0025070338769814945,0.002545604883101922,-0.009266577005023825,2.4908014492937074,-0.009313755092371083,0.0,-114.33823107481297,4.259673127702963,0.0,0.0,0.0,0.0,217.36926605504587,-0.009172633071802732,-1483.8068175080905,0.0,-1.0714285714285714,0.5772360290641345,0.0,-0.037120632480554604,0.0,-1.0863683662851196,-0.1652892561983471,0.06014736332548692,0.0,-0.11283536317203281,Silver,Basic Materials,MAG
2019Q2,2019,Q2,2019-06-30,2019-06-30,-961000.0,0.0,-1210000.0,-0.0112,-26000.0,0.0,219014000.0,216252000.0,114782000.0,456000.0,2762000.0,0.0,-198487000.0,892427609.41,779165609.41,2.5128461024223343,251.71491228070175,0.002607139269635731,0.0026404380075097573,-0.004420545185239703,2.5128461024223343,-0.004443889536281745,0.0,-232.16118871227886,4.126794708996911,0.0,0.0,0.0,0.0,250.2061403508772,-0.004387847352224058,-621.9007731080139,0.0,-1.153846153846154,0.6727254689202524,0.0,0.5124369368635867,0.037037037037037035,-1.1742081447963801,-0.5900131406044679,0.5993001253415916,0.0,-0.10621111522531423,Silver,Basic Materials,MAG
2019Q1,2019,Q1,2019-04-01,2019-03-31,-442000.0,0.0,-761000.0,-0.0052,-27000.0,0.0,217202000.0,213482000.0,129429000.0,1418000.0,3720000.0,0.0,-197526000.0,851117786.1999999,723085786.1999999,2.4957132073149477,91.27574047954866,0.0026473052734321046,0.0026934355121274864,-0.0020593387752059337,2.4957132073149477,-0.0020704321675832156,0.0,-481.40146278280537,3.9868362962685375,0.0,0.0,0.0,0.0,90.88434414668548,-0.0020349720536643307,-765.3936926258992,0.0,0.8839285714285714,0.7156357145716434,0.0,0.5000901147467244,-5.75,0.8845651606163489,0.6628267611874169,0.7100761564621985,0.0,-0.19617392490799762,Silver,Basic Materials,MAG
2018Q4,2018,Q4,2019-03-05,2018-12-31,-3829000.0,0.0,-2257000.0,-0.0448,-4000.0,0.0,217557000.0,213881000.0,130879000.0,1563000.0,3676000.0,0.0,-197050000.0,624438174.8,494258174.79999995,2.5003777203404893,83.73576455534229,0.0,0.0,-0.017902478481024494,2.5003777203404893,-0.017902478481024494,0.0,-40.77031697571167,2.9195588892889037,0.0,0.0,0.0,0.0,83.52655150351887,-0.01759998529121104,-308.36453076543205,0.0,-7.492753623188405,0.8317869898781983,0.0,0.48325433681688923,-0.3333333333333333,-7.413735343383585,-7.032028469750889,0.6951592667383236,0.0,0.12334203568412386,Silver,Basic Materials,MAG
2018Q3,2018,Q3,2018-11-13,2018-09-30,597000.0,0.0,-281000.0,0.0069,-3000.0,0.0,219237000.0,218139000.0,142422000.0,557000.0,1098000.0,0.0,-193221000.0,697146729.4,555370729.4,2.550155906963938,255.6947935368043,0.0,0.0,0.002736787094467289,2.550155906963938,0.002736787094467289,0.0,291.93749137353433,3.1958830351289778,0.0,0.0,0.0,0.0,255.23877917414723,0.002723080501922577,-628.0601165765765,0.0,1.2142857142857142,1.282019466922816,0.0,0.30479370530418254,0.25,1.2168543407192154,0.8066070199587061,1.2431372061964319,0.0,0.08923027090783214,Silver,Basic Materials,MAG
2018Q2,2018,Q2,2018-06-30,2018-06-30,-2753000.0,0.0,-1453000.0,-0.0322,-4000.0,0.0,219030000.0,217146000.0,152230000.0,465000.0,1884000.0,0.0,-193818000.0,924337458.6800001,772933458.6800001,2.539492733911412,327.3763440860215,0.0,0.0,-0.012678105974781945,2.539492733911412,-0.012678105974781945,0.0,-83.93910812568107,4.25675563298426,0.0,0.0,0.0,0.0,326.44301075268817,-0.012569054467424554,-1197.3283143523317,0.0,-16.333333333333332,0.810549027650152,0.0,0.29412086976035035,0.0,-16.043715846994534,-0.4315270935960591,-0.043025751533855884,0.0,0.07254443494087211,Silver,Basic Materials,MAG
2018Q1,2018,Q1,2018-03-31,2018-03-31,183000.0,0.0,-1015000.0,0.0021,-4000.0,0.0,220865000.0,219731000.0,153879000.0,1015000.0,1134000.0,0.0,-191065000.0,881407951.97,728715951.97,2.570236182844317,151.60492610837437,0.0,0.0,0.0008328365137372513,2.570236182844317,0.0008328365137372514,0.0,1204.1092240027322,4.011304513109211,0.0,0.0,0.0,0.0,151.05517241379312,0.0008285604328435922,-459.30586345492446,0.0,1.0415841584158416,1.0775942685074835,0.0,0.20493908277552403,0.2,1.0448859455481971,0.6322463768115942,1.0582712742022446,0.0,0.07909637029547258,Silver,Basic Materials,MAG
2017Q4,2017,Q4,2017-12-31,2017-12-31,-4077000.0,0.0,-2760000.0,-0.0505,-5000.0,0.0,222492000.0,220239000.0,160842000.0,936000.0,2253000.0,0.0,-191248000.0,1032502104.3599999,872107104.3599999,2.7260519936128103,171.8397435897436,0.0,0.0,-0.01851170773568714,2.7260519936128103,-0.01851170773568714,0.0,-63.31261370860927,4.688098403824935,0.0,0.0,0.0,0.0,171.53311965811966,-0.01832425435521277,-681.9696858388374,0.0,-0.2562189054726369,0.5318140221584345,0.0,0.2029897852068825,0.2857142857142857,-0.256007393715342,-2.6487455197132617,0.6361866761103669,0.0,0.10610064013755684,Silver,Basic Materials,MAG
2017Q3,2017,Q3,2017-09-30,2017-09-30,-3246000.0,0.0,1674000.0,-0.0402,-7000.0,0.0,176836000.0,176415000.0,125304000.0,421000.0,421000.0,0.0,-187171000.0,907276888.26,785638888.26,2.1836117238690873,297.63420427553444,0.0,0.0,0.03918735164935733,2.1836117238690873,-0.01839979593571975,0.0,-69.87653175138632,5.142855699685401,0.0,0.0,0.0,0.0,296.353919239905,-0.018355990861589268,-821.0650572488688,0.0,-1.4512195121951217,0.3651725063217402,0.0,-0.06434206023167831,-0.75,-1.4553706505295008,2.2662632375189107,0.2678122328756681,0.0,-0.15587222892321914,Silver,Basic Materials,MAG
2017Q2,2017,Q2,2017-06-30,2017-06-30,-1322000.0,0.0,-1322000.0,-0.0164,-4000.0,0.0,176741000.0,176270000.0,127280000.0,471000.0,471000.0,0.0,-186385000.0,1053102901.9999999,928091901.9999999,2.182655460957034,270.2335456475584,0.0,0.0,-0.007499858172122312,2.182655460957034,-0.007499858172122312,0.0,-199.1495654311649,5.974373983094116,0.0,0.0,0.0,0.0,269.411889596603,-0.0074798716766341705,-1562.4672136498514,0.0,-3.2051282051282053,0.49467741198462345,0.0,0.225184043197381,0.0,-3.2371794871794872,-0.4672586015538291,0.5202430222365254,0.0,0.31370112018249463,Silver,Basic Materials,MAG
2017Q1,2017,Q1,2017-03-31,2017-03-31,-312000.0,0.0,-901000.0,-0.0039,-4000.0,0.0,176926000.0,176072000.0,134492000.0,854000.0,854000.0,0.0,-185063000.0,1059797718.72,982355718.72,2.181383597232282,157.4847775175644,0.0,0.0,-0.0017720023626698169,2.181383597232282,-0.0017720023626698169,0.0,-849.19689,6.019115581807443,0.0,0.0,0.0,0.0,156.8185011709602,-0.001763449125623142,-630.8319754285715,0.0,0.9938095238095238,0.7147601124545747,0.0,0.19973594372121364,0.5555555555555556,0.9938017760295608,0.9839699681534329,0.7872763841580729,0.0,0.31115705165471386,Silver,Basic Materials,MAG
2016Q4,2016,Q4,2016-12-31,2016-12-31,-50337000.0,0.0,-56207000.0,-0.63,-9000.0,0.0,177240000.0,175918000.0,139874000.0,733000.0,1322000.0,0.0,-184751000.0,887016838.13,803669838.13,2.187529544637146,190.82401091405185,0.0,0.0,-0.2861389965779511,2.187529544637146,-0.2861389965779511,0.0,-4.405391849583805,5.042217613490376,0.0,0.0,0.0,0.0,190.57708049113234,-0.2840047393364929,-700.6452117930489,0.0,-24.506072874493924,-8.018396719807377,0.0,0.20837535379880778,-0.5,-24.35869017632242,-36.82436069986541,-1.3521866391216835,0.0,0.2976690112069465,Silver,Basic Materials,MAG
2016Q3,2016,Q3,2016-09-30,2016-09-30,-1985000.0,0.0,-1486000.0,-0.0247,-6000.0,0.0,232664000.0,225783000.0,141325000.0,422000.0,6881000.0,0.0,-134414000.0,1212712050.68,1182276050.68,2.807597762462106,334.89336492890993,0.0,0.0,-0.00879162735901286,2.807597762462106,-0.008791627359012857,0.0,-152.73451519899245,5.371139769956109,0.0,0.0,0.0,0.0,334.2298578199052,-0.008531616408210983,-1606.241126728477,0.0,0.11469534050179216,0.5268151361570115,0.0,0.49243377521590403,-0.5,0.1086663673102829,-0.08546384222059898,0.0025859049381602036,0.0,0.43651448034328627,Silver,Basic Materials,MAG
2016Q2,2016,Q2,2016-06-30,2016-06-30,-2227000.0,0.0,-1369000.0,-0.0279,-4000.0,0.0,230967000.0,224668000.0,141630000.0,339000.0,6299000.0,0.0,-132429000.0,1007686322.63,976828322.63,2.8114537394988917,417.78761061946904,0.0,0.0,-0.009912404080687949,2.8114537394988917,-0.009912404080687949,0.0,-113.12150007072293,4.485224075658304,0.0,0.0,0.0,0.0,416.716814159292,-0.009642070079275394,-784.1916907626459,0.0,-0.5674157303370787,-38.75256862340196,0.0,0.4685669737224241,0.0,-0.7170393215111797,-0.006617647058823529,0.8360145084039383,0.0,0.4327117026428224,Silver,Basic Materials,MAG
2016Q1,2016,Q1,2016-03-31,2016-03-31,-1297000.0,0.0,-1360000.0,-0.0178,-4000.0,0.0,231841000.0,225944000.0,144291000.0,795000.0,5897000.0,0.0,-130202000.0,686973872.64,544945872.64,3.1047925473545996,181.49811320754716,0.0,0.0,-0.005740360443295684,3.1047925473545996,-0.005740360443295684,0.0,-132.41593535851968,3.040460789576178,0.0,0.0,0.0,0.0,180.9245283018868,-0.005594351301107224,-585.6554753964194,0.0,0.8813333333333333,0.32927475397767,0.0,0.6193574881911462,0.014778325123152709,0.872454109785248,0.866258742720075,0.353946322418866,0.0,0.45554167713790106,Silver,Basic Materials,MAG
2015Q4,2015,Q4,2015-12-31,2015-12-31,-10168889.0,0.0,-10168889.0,-0.15,-4060.0,0.0,160263869.0,154142122.0,76180196.0,957070.0,6121747.0,0.0,-128905196.0,488913945.02,413490264.02,2.2258382940488293,79.59730845183738,0.0,0.0,-0.06597086421322265,2.2258382940488293,-0.06597086421322265,0.0,-12.019846637621866,3.1718386815772526,0.0,0.0,0.0,0.0,79.44016738587564,-0.06345091419201916,-318.0184580870262,0.0,-4.2264808362369335,-0.5561252436206464,0.0,0.11714653961490419,0.05515475913427973,-4.115516145065126,-4.115516145065126,-0.36233390700448614,0.0,-0.0177514084335651,Silver,Basic Materials,MAG
2015Q3,2015,Q3,2015-09-30,2015-09-30,-1987852.0,0.0,-1987852.0,-0.0287,-4297.0,0.0,166393398.0,162134245.0,78258283.0,576806.0,4259153.0,0.0,-118736307.0,493069021.04,415700389.04,2.3412459009594726,135.67522355870085,0.0,0.0,-0.012260531388664992,2.3412459009594726,-0.012260531388664992,0.0,-62.01027805892994,3.0411158422454183,0.0,0.0,0.0,0.0,135.09657319792097,-0.011946699952602688,-576.0818377826407,0.0,0.07119741100323626,0.6315627727827653,0.0,0.1920380660093081,-0.08977935582044129,0.06927009517281355,0.06927009517281355,0.5464516127337775,0.0,0.0032027636769091862,Silver,Basic Materials,MAG
2015Q2,2015,Q2,2015-06-30,2015-06-30,-2135799.0,0.0,-2135799.0,-0.0309,-3943.0,0.0,167895918.0,163827098.0,82067403.0,386473.0,4068820.0,0.0,-116748455.0,2380886706.6899996,2299855243.6899996,2.3677272951879247,212.34964150147616,0.0,0.0,-0.013036909193129942,2.3677272951879247,-0.013036909193129942,0.0,-278.68805850761237,14.532923647893709,0.0,0.0,0.0,0.0,211.26255132958835,-0.012720970381185802,-1769.489244092627,0.0,0.15803814713896464,-0.24758805715888435,0.0,0.14302013707256195,-0.0002536783358701167,0.1578657458045071,0.1578657458045071,0.04712310611515473,0.0,0.32906991167317606,Silver,Basic Materials,MAG
2015Q1,2015,Q1,2015-03-31,2015-03-31,-2536174.0,0.0,-2536174.0,-0.0367,-3942.0,0.0,168713636.0,164442311.0,84326204.0,588978.0,4271325.0,0.0,-114612656.0,2659420722.96,2576152645.96,2.3818411900880996,143.17377559093887,0.0,0.0,-0.015422879820753674,2.3818411900880996,-0.015422879820753674,0.0,-262.1488828211314,16.172362859580584,0.0,0.0,0.0,0.0,142.2470058304385,-0.015032418600711089,-2521.2200461313123,0.0,0.7378571428571428,0.14036855773590612,0.0,0.4786514017247641,0.6500665778961385,0.7273733819011134,0.7273733819011134,-1.7107670163031847,0.0,0.30998531923045286,Silver,Basic Materials,MAG
2014Q4,2014,Q4,2014-12-31,2014-12-31,-9302738.0,0.0,-9302738.0,-0.14,-11265.0,0.0,169523496.0,165290640.0,87584251.0,550509.0,4232856.0,0.0,-112076482.0,2726272858.95,2639992473.95,2.4645605424057915,159.0968558188876,0.0,0.0,-0.05628109371468342,2.4645605424057915,-0.05628109371468342,0.0,-73.26533486565998,16.49381271044749,0.0,0.0,0.0,0.0,158.45034686081428,-0.05487580317480003,-1917.0686123387513,0.0,-1.5500910746812389,-1.4835768482980376,0.0,0.5580777535749577,-0.031404504669474455,-1.527761323483219,-1.527761323483219,-0.9984826330426811,0.0,0.36140525493207504,Silver,Basic Materials,MAG
2014Q3,2014,Q3,2014-09-30,2014-09-30,-3680228.0,0.0,-3680228.0,-0.0549,-10922.0,0.0,178096218.0,173490620.0,89942348.0,370876.0,4605598.0,0.0,-102773744.0,2098525898.07,2010393940.07,2.5868260690957277,242.51326049676982,0.0,0.0,-0.02121283559883526,2.5868260690957277,-0.02121283559883526,0.0,-142.5540685298574,12.095904078675838,0.0,0.0,0.0,0.0,241.89501882030652,-0.02066426812050551,-1442.8550493940566,0.0,-0.6099706744868035,0.26287450747573965,0.0,0.6296573168666508,-0.5496594778660613,-0.7890587363124826,-0.7890587363124826,-0.051944045593159585,0.0,0.37507824224146186,Silver,Basic Materials,MAG
2014Q2,2014,Q2,2014-06-30,2014-06-30,-2057075.0,0.0,-2057075.0,-0.0341,-7048.0,0.0,105282084.0,100166340.0,20418283.0,881022.0,5115744.0,0.0,-99093516.0,1431847623.75,1413686198.75,1.6614551266073574,23.175678927427466,0.0,0.0,-0.020536589437130277,1.6614551266073574,-0.020536589437130277,0.0,-174.01499990885114,14.294698436121354,0.0,0.0,0.0,0.0,22.49737690999771,-0.01953869948091073,-612.4073694090496,0.0,-0.8736263736263734,0.5551688525750146,0.0,0.10942503633586455,-0.18453781512605041,-0.8817659230745306,-0.8817659230745306,-47.22250764678049,0.0,-0.13213648406241696,Silver,Basic Materials,MAG
2014Q1,2014,Q1,2014-03-31,2014-03-31,-1093162.0,0.0,-1093162.0,-0.0182,-5950.0,0.0,105460693.0,100087818.0,22287599.0,1138153.0,5372875.0,0.0,-97036441.0,1143029645.0,1122957609.0,1.663708855075233,19.582252122517797,0.0,0.0,-0.010922028493018002,1.663708855075233,-0.010922028493018002,0.0,-261.4044498894034,11.42026739957504,0.0,0.0,0.0,0.0,19.094713979579197,-0.010365587110261072,-395.12492952405444,0.0,0.9325925925925926,0.7812710258125523,0.0,0.1653833898670064,0.3709029393106365,0.9316954714310377,-1.106377127616509,0.31616151799194925,0.0,-0.13226428125399053,Silver,Basic Materials,MAG
2013Q4,2013,Q4,2013-12-31,2013-12-31,-16004239.0,0.0,10276288.0,-0.27,-9458.0,0.0,106448871.0,101383160.0,26801204.0,830989.0,5065711.0,0.0,-95938634.0,1441596980.46,1416546032.46,1.6857376771312054,32.252176623276604,0.0,0.0,0.13783097596929852,1.6857376771312054,-0.15785894817245782,0.0,-22.51898669564982,14.21929421473941,0.0,0.0,0.0,0.0,31.914166132163,-0.15034672373368807,-477.46350968872736,0.0,-9.931174089068827,-15.360826576216546,0.0,0.07687331603790885,0.10528805221833318,-9.753022142670934,7.9044927664766576,-1.8200574971509922,0.0,-0.15392954746950738,Silver,Basic Materials,MAG
2013Q3,2013,Q3,2013-09-30,2013-09-30,-1488348.0,0.0,-1488348.0,-0.0247,-10571.0,0.0,118315209.0,117544066.0,29388191.0,771143.0,771143.0,0.0,-79939040.0,1065109825.7800001,1037389139.7800001,1.9544514175667547,38.1099108725619,0.0,0.0,-0.01266204284612717,1.9544514175667547,-0.01266204284612717,0.0,-178.90806212324,9.061366192488185,0.0,0.0,0.0,0.0,37.53353917496496,-0.012579515453503531,-775.0029656487162,0.0,0.8547058823529412,-2.6030713426485077,0.0,0.06133066358571459,-0.3345537179649034,0.8543789545386012,0.8543789545386012,0.6823595226889955,0.0,-0.004897141752324729,Silver,Basic Materials,MAG
2013Q2,2013,Q2,2013-06-30,2013-06-30,-10220693.0,0.0,-10220693.0,-0.17,-7921.0,0.0,119020750.0,118017922.0,34877058.0,1002828.0,1002828.0,0.0,-78450692.0,1061501322.6999999,1028098903.6999999,1.9623304076547996,34.77870382558125,0.0,0.0,-0.08660288900867107,1.9623304076547996,-0.08660288900867107,0.0,-25.964514409639342,8.994407838328147,0.0,0.0,0.0,0.0,34.18181781920728,-0.08587320278186787,-1062.4043664114497,0.0,-5.159420289855073,-6.76403276472076,0.0,0.01617806136433037,-0.015382643250865274,-5.164199646215818,-5.164199646215818,-5.868618591831958,0.0,-0.052685173627133625,Silver,Basic Materials,MAG
2013Q1,2013,Q1,2013-03-31,2013-03-31,-1658073.0,0.0,-1658073.0,-0.0276,-7801.0,0.0,129428892.0,128206027.0,39140096.0,1222865.0,1222865.0,0.0,-68229999.0,844455608.1,806664634.1,2.1330839206608614,32.00688219877092,0.0,0.0,-0.012932878732760356,2.1330839206608614,-0.012932878732760356,0.0,-127.32485362526259,6.586707566407936,0.0,0.0,0.0,0.0,31.71310324524784,-0.012810686813265774,-304.05368912665574,0.0,0.7490909090909091,0.5129991063648338,0.0,0.09607746488840849,0.823909166835963,0.7302685840504978,0.7302685840504978,0.35443918154584986,0.0,0.324222430280952,Silver,Basic Materials,MAG
2012Q4,2012,Q4,2012-12-31,2012-12-31,-6147126.0,0.0,-6147126.0,-0.11,-44301.0,0.0,130550840.0,129235579.0,41808166.0,1315261.0,1315261.0,0.0,-66571926.0,602245849.9200001,561624691.9200001,2.2660641238479022,31.7869730798678,0.0,0.0,-0.047565276122607074,2.2660641238479022,-0.047565276122607074,0.0,-24.492984604512746,4.66006230312165,0.0,0.0,0.0,0.0,31.64714760036221,-0.047086070070479824,-180.59012368971932,0.0,-0.7377567140600317,-0.37024367351770476,0.0,0.1519908480243607,0.0,-0.7030583219719941,-0.7030583219719941,-0.9299133059905793,0.0,0.4325897208819355,Silver,Basic Materials,MAG
2012Q3,2012,Q3,2012-09-30,2012-09-30,-3609463.0,0.0,-3609463.0,-0.0633,0.0,0.0,135242280.0,133096982.0,45830324.0,2145298.0,2145298.0,0.0,-60424800.0,702049849.6700001,657967964.6700001,2.333771382744608,21.363150480725754,0.0,0.0,-0.027119044667744608,2.333771382744608,-0.027119044667744608,0.0,-48.625643874864494,5.274724032961168,0.0,0.0,0.0,0.0,21.242184535668237,-0.026688865345955423,-124.81054849274409,0.0,-0.9537037037037036,-6.750031266997207,0.0,1.55769052364323,0.0,-1.001518829830062,-1.001518829830062,0.14982530870772753,0.0,0.47023708134859116,Silver,Basic Materials,MAG
2012Q2,2012,Q2,2012-06-30,2012-06-30,-1803362.0,0.0,-1803362.0,-0.0324,0.0,0.0,102728435.0,99173866.0,16593905.0,3554569.0,3554569.0,0.0,-56815337.0,859529298.24,844875379.24,1.7814919097876312,4.668331097244138,0.0,0.0,-0.018183842908775987,1.7814919097876312,-0.018183842908775987,0.0,-119.1565113160863,8.666893133318005,0.0,0.0,0.0,0.0,4.604683155679353,-0.017554652711296536,-155.7247218184549,0.0,-1.3823529411764706,0.6119879645492406,0.0,1.003723479954282,0.0,-1.3905505381304424,-0.13104364400162316,0.5776740403752233,0.0,0.1895787584609685,Silver,Basic Materials,MAG
2012Q1,2012,Q1,2012-03-31,2012-03-31,-754371.0,0.0,-1594423.0,-0.0136,0.0,0.0,104803666.0,101215092.0,23832634.0,3588574.0,3588574.0,0.0,-55011975.0,1071035754.3599999,1049259528.3599999,1.8182197579796584,6.64125471566143,0.0,0.0,-0.007453147402168048,1.8182197579796584,-0.007453147402168048,0.0,-354.94330851795735,10.581779191190183,0.0,0.0,0.0,0.0,6.553318671985028,-0.007197944774183758,-282.88486293220046,0.0,0.8040345821325648,0.7258391257862171,0.0,1.2228582850409442,0.0,0.8043119171567258,0.586397700718583,0.8368782897828777,0.0,0.273614129427522,Silver,Basic Materials,MAG
2011Q4,2011,Q4,2011-12-31,2011-12-31,-3854966.48053,0.0,-3854966.48053,-0.0694,0.0,0.0,103222626.836435,100547443.682664,27516879.529873,1838435.847209,2675183.153771,0.0,-57726906.953967,478213813.14,452099629.986229,1.8103063239084944,14.96754949140457,0.0,0.0,-0.03833977612296729,1.8103063239084944,-0.03833977612296729,0.0,-31.01283860412794,4.7561011560799304,0.0,0.0,0.0,0.0,14.909709580438175,-0.037346138135377245,-171.72544663124117,0.0,-0.32950191570881227,-3.4649502808045174,0.0,3.2205617813286245,0.0,-0.330541196082572,-0.330541196082572,-3.2672460386490387,0.0,0.15644954758877633,Silver,Basic Materials,MAG
2011Q3,2011,Q3,2011-09-30,2011-09-30,-2897292.088272,0.0,-2897292.088272,-0.0522,0.0,0.0,106575728.052424,104486163.631107,32175747.325817,2089564.421316,2089564.421316,0.0,-53073114.580322,51098340.080000006,21828689.892084006,1.881221002289326,15.398303587861069,0.0,0.0,-0.027728954605903775,1.881221002289326,-0.027728954605903775,0.0,-4.409146413546107,0.4890440830080138,0.0,0.0,0.0,0.0,15.326159953626494,-0.02718529013329225,-12.837001025274548,0.0,-75.57142857142857,-2.7923535915570943,0.0,3.2636399407882495,0.0,-71.83390971451104,-71.83390971451104,-6.594820581292904,0.0,0.021564167195739156,Silver,Basic Materials,MAG
2011Q2,2011,Q2,2011-06-30,2011-06-30,40902.614298,0.0,40902.614298,0.0007,0.0,0.0,108049338.16544801,106077876.553917,38003563.168546,1971461.611531,1971461.611531,0.0,-53759809.81291,100846079.88000001,66183108.54228901,1.9144198322617927,19.276846653399023,0.0,0.0,0.0003855904324895693,1.9144198322617927,0.0003855904324895693,0.0,616.3791826683498,0.9506796624906251,0.0,0.0,0.0,0.0,19.186020739499565,0.0003785549730565571,-95.95866197208876,0.0,1.0263157894736843,1.0204790582893861,0.0,3.3497780740914473,0.0,1.0278492090938833,1.0278492090938833,1.033724559046333,0.0,-0.008632070217893896,Silver,Basic Materials,MAG
2011Q1,2011,Q1,2011-03-31,2011-03-31,-1468717.26806,0.0,-1468717.26806,-0.0266,0.0,0.0,107568710.06574701,105974397.835191,40372097.210647,1594312.230556,1594312.230556,0.0,-53613056.764515,121600058.80000001,85118664.43220901,1.9172990337190543,25.322578875636957,0.0,0.0,-0.013859170687094783,1.9172990337190543,-0.013859170687094783,0.0,-20.698343623449592,1.1474475088701113,0.0,0.0,0.0,0.0,25.056489460021012,-0.01365375923130719,-24.72082636842557,0.0,0.7182203389830508,-0.13832348627046964,0.0,3.4829786317622107,0.0,0.7148679606603024,0.7148679606603024,0.5309126647846157,0.0,-0.01480281954368796,Silver,Basic Materials,MAG
2010Q4,2010,Q4,2010-12-31,2010-12-31,-5151007.482222,0.0,-5151007.482222,-0.0944,0.0,0.0,111081195.008799,108761305.191169,42791442.369221,2319889.817629,2319889.817629,0.0,-48240954.447288,73692741.60000001,33874041.592001006,1.9924318029182693,18.445463247455084,0.0,0.0,-0.047360662628754865,1.9924318029182693,-0.047360662628754865,0.0,-3.5766178681714424,0.6775639688257766,0.0,0.0,0.0,0.0,18.408480770052478,-0.046371552645017695,-24.93972385235508,0.0,-0.21181001283697048,-4.589926839023128,0.0,2.6236385279197743,0.0,-0.2111792363753063,-0.2111792363753063,-0.19960101215775097,0.0,0.012885371653578373,Silver,Basic Materials,MAG
2010Q3,2010,Q3,2010-09-30,2010-09-30,-4252886.218259,0.0,-4252886.218259,-0.0779,0.0,0.0,109296062.22136,107213099.437876,47745939.135491,2082962.783485,2082962.783485,0.0,-42003808.877689,72055125.12,26981425.759659007,1.9640697455220284,22.922127804706804,0.0,0.0,-0.03966759883407074,1.9640697455220284,-0.03966759883407074,0.0,-4.235660291747538,0.6720738930017774,0.0,0.0,0.0,0.0,22.839281202644003,-0.03891161430542232,-18.553492264265227,0.0,-2.1538461538461537,-6.827537817869411,0.0,4.280274760673578,0.0,-2.299293154720754,-2.299293154720754,-8.540333936822542,0.0,1.1525170001820173,Silver,Basic Materials,MAG
2010Q2,2010,Q2,2010-06-30,2010-06-30,-1289029.503842,0.0,-1289029.503842,-0.0247,0.0,0.0,109946797.267811,107920896.499383,51306914.903709,2025900.768428,2025900.768428,0.0,-36952283.464567,47930898.760000005,-748677.1815619916,2.071465950942923,25.325482720222602,0.0,0.0,-0.011944206781578853,2.071465950942923,-0.011944206781578853,0.0,-9.29592740452026,0.4441299165845423,0.0,0.0,0.0,0.0,25.247507143520203,-0.011724120537155361,-9.614183515563262,0.0,0.4215456674473068,-2.5957633952666055,0.0,4.612296159393077,0.0,0.39370799216526686,0.39370799216526686,0.7036460063811191,0.0,1.3298702290065136,Silver,Basic Materials,MAG
2010Q1,2010,Q1,2010-03-31,2010-03-31,-2126086.913871,0.0,-2126086.913871,-0.0427,0.0,0.0,82436545.02648601,80142342.554444,26052041.3969,2294202.472042,2294202.472042,0.0,-36877217.971356,83584223.52,59794074.412682,1.610819958855627,11.355598171643441,0.0,0.0,-0.026528884059343057,1.610819958855627,-0.026528884059343057,0.0,-9.828410938268851,1.0429470970756536,0.0,0.0,0.0,0.0,11.260212681351812,-0.025790587332206977,-29.036630866207584,0.0,0.23613595706618956,-0.7824436492936552,0.0,4.307173628179645,0.0,0.22709208729427938,0.22709208729427938,0.13545943244913394,0.0,0.9693023769746109,Silver,Basic Materials,MAG
2009Q4,2009,Q4,2009-12-31,2009-12-31,-2750763.550121,0.0,-2750763.550121,-0.0559,0.0,0.0,78935668.03552699,77907489.25604,27648729.825232,1028178.779486,1028178.779486,0.0,-33831824.08557,75848948.56,50250961.73925701,1.5817956047128836,26.89097497135076,0.0,0.0,-0.0353080759807407,1.5817956047128836,-0.0353080759807407,0.0,-6.893444963368768,0.9735771141427151,0.0,0.0,0.0,0.0,26.806171431336455,-0.034848169637114484,-19.37540458716508,0.0,0.2486559139784946,-5.07046666184312,0.0,4.005362740965097,0.0,0.24976055730539454,-3.177179024679664,-2.5928526229022353,0.0,2.687810171657033,Silver,Basic Materials,MAG
2009Q3,2009,Q3,2009-09-30,2009-09-30,-3666514.17345,0.0,1263453.082608,-0.0744,0.0,0.0,79279869.959772,78180740.948639,30949883.057349,1099129.011133,1099129.011133,0.0,-30653821.685845,76833999.84,48308041.37803,1.5873435735983006,28.158553494503213,0.0,0.0,0.0493148696438607,1.5873435735983006,-0.04689792049756505,0.0,-5.23889968818143,0.982774004284204,0.0,0.0,0.0,0.0,28.060610677534868,-0.046247731931327,-13.164108836278606,0.0,0.029986962190352153,-20.410359083464908,0.0,4.2217335890640415,0.0,0.029207073119109448,1.3345279079850338,-4.412027965226044,0.0,2.597589784459779,Silver,Basic Materials,MAG
2009Q2,2009,Q2,2009-06-30,2009-06-30,-3776824.152634,0.0,-3776824.152634,-0.0767,0.0,0.0,76465507.558465,73738732.934235,33682648.692881,2726774.62423,2726774.62423,0.0,-27117062.750334,68441546.97,37929179.512314,1.4975821458786447,12.352560564990762,0.0,0.0,-0.05121899987083338,1.4975821458786447,-0.05121899987083338,0.0,-4.530363620600928,0.9281627747935487,0.0,0.0,0.0,0.0,12.305577466106607,-0.04939252053935908,-9.706812949971164,0.0,0.07701564380264729,-9.070728585472217,0.0,4.316334225701741,0.0,0.0760905913372755,0.0760905913372755,-1.1279836941715986,0.0,2.4026757728463357,Silver,Basic Materials,MAG
2009Q1,2009,Q1,2009-03-31,2009-03-31,-4087872.812228,0.0,-4087872.812228,-0.0831,0.0,0.0,73491830.997069,70247611.46749,37574067.474459,3244219.529579,3244219.529579,0.0,-21459451.968005,88571818.8,53804922.466745995,1.4276064594202733,11.581851083713486,0.0,0.0,-0.05819233888286483,1.4276064594202733,-0.05819233888286483,0.0,-5.416742574221995,1.2608516780814718,0.0,0.0,0.0,0.0,11.532706892462443,-0.05562349933002802,-13.190631978723916,0.0,-4.098159509202454,-21.7796444976868,0.0,4.24789986521104,0.0,-4.113037598926949,-4.113037598926949,-2.5588764944245885,0.0,2.3379922169639946,Silver,Basic Materials,MAG
2008Q4,2008,Q4,2008-12-31,2008-12-31,-799499.853685,0.0,-799499.853685,-0.0163,0.0,0.0,78182013.147083,76946666.392769,45027087.921118,1235346.754314,1235346.754314,0.0,-18023905.505341,117971112.0,75027347.825801,1.565400174770291,36.448946632900636,0.0,0.0,-0.01039031177262453,1.565400174770291,-0.01039031177262453,0.0,-36.88903489358242,1.5331542941421858,0.0,0.0,0.0,0.0,36.37567953534853,-0.010226135417885817,-40.38655034476362,0.0,-1.36231884057971,-0.35060978468931225,0.0,4.064061417411676,0.0,-1.3680897629856832,-1.9956526412817974,0.03648418877390631,0.0,1.8469955039874766,Silver,Basic Materials,MAG
2008Q3,2008,Q3,2008-09-30,2008-09-30,-337613.8295860002,0.0,802990.74249,-0.0069,0.0,0.0,91313705.837899,90518760.627244,58185861.515209,794945.210656,794945.210656,0.0,-19199272.624221,199076251.5,143157357.677971,1.8415103648881905,73.19480730903858,0.0,0.0,-0.0036284734153670963,1.8415103648881905,-0.003729766373805017,0.0,-147.41417120273016,2.1992816750971156,0.0,0.0,0.0,0.0,73.05656964877981,-0.003697296331235703,-40.19092129955354,0.0,0.684931506849315,0.31577423052503995,0.0,6.249569340981881,0.0,0.6852923022264011,1.748510119423792,0.30993793566953254,0.0,3.9507817751418264,Silver,Basic Materials,MAG
2008Q2,2008,Q2,2008-06-30,2008-06-30,-1072785.419532,0.0,-1072785.419532,-0.0219,0.0,0.0,96256802.908233,94645076.635881,65649905.678915,1611726.272352,1611726.272352,0.0,-19594440.951071,207317553.66000003,143635134.71718204,1.9310891292222507,40.732664600119584,0.0,0.0,-0.01133482540945289,1.9310891292222507,-0.01133482540945289,0.0,-48.31291278885058,2.1904737259349805,0.0,0.0,0.0,0.0,40.683527034320996,-0.011145034814367837,-41.95831318655711,0.0,0.6130742049469964,-1.991411000366055,0.0,7.2095877229539,0.0,0.6041004682364736,0.6041004682364736,-2.181069433501456,0.0,4.231968258250355,Silver,Basic Materials,MAG
2008Q1,2008,Q1,2008-03-31,2008-03-31,-2709741.571942,0.0,-2709741.571942,-0.0566,0.0,0.0,94826160.497425,93093890.022345,69106747.303993,1732270.47508,1732270.47508,0.0,-18314719.712426,164555698.96,96730647.954462,1.9461069030171425,39.89373963139417,0.0,0.0,-0.02910761996616094,1.9461069030171425,-0.02910761996616094,0.0,-15.181862789416048,1.7676315698108893,0.0,0.0,0.0,0.0,39.86993010758462,-0.028575886208274594,-76.46062444313932,0.0,0.28081321473951726,-1.5134570150768232,-1.0,33.050538027841704,0.0,0.20515286314564127,0.20515286314564127,-1.3627796090830915,0.0,5.411844586683966,Silver,Basic Materials,MAG
2007Q4,2007,Q4,2007-12-31,2007-12-31,-3409135.475616,0.0,-3409135.475616,-0.0787,0.0,0.0,85895114.611734,85251693.426234,61614975.260022,643421.185499,643421.185499,0.0,-16219533.474705,185491330.88000003,124754880.30946603,1.9670851793086317,95.76149596665365,0.0,0.0,-0.03998906459923677,1.9670851793086317,-0.03998906459923677,0.0,-13.602519774201948,2.175808167851829,0.0,0.0,0.0,0.0,95.68354625071743,-0.0396895154168673,-67.48773792148246,0.0,-8.597560975609756,-5.531912317620188,0.0,5.36351031630677,0.0,-8.63241465725491,-8.63241465725491,-7.549920434361251,0.0,5.224555710915156,Silver,Basic Materials,MAG
2007Q3,2007,Q3,2007-09-30,2007-09-30,-353923.247381,0.0,-353923.247381,-0.0082,0.0,0.0,43598247.381144,39544871.071716,21149726.027397,4053376.309428,4053376.309428,0.0,-12790276.994359,216695480.0,196815271.498791,0.9124526056500117,5.217804717070936,0.0,0.0,-0.008949915318705879,0.9124526056500117,-0.008949915318705879,0.0,-153.06671828110115,5.479736666912258,0.0,0.0,0.0,0.0,5.2039157177389335,-0.00811783199189034,-78.35679963096999,0.0,0.9017964071856288,0.18647131314568954,0.0,2.5920994859135567,0.0,0.8980028120975945,-1.1590260408570607,-1.3487060628716865,0.0,2.0016087875361364,Silver,Basic Materials,MAG
2007Q2,2007,Q2,2007-06-30,2007-06-30,-3469931.423204001,0.0,2225567.87224,-0.0835,0.0,0.0,37938417.097229,36952398.309065,21436484.734617,986018.788163,986018.788163,0.0,-11598696.101456,214044361.8,193436827.746454,0.8890906991958185,21.740442466166584,0.0,0.0,-0.2596181999418992,0.8890906991958185,-0.09390273925340248,0.0,-15.421368299143483,5.792434905300628,0.0,0.0,0.0,0.0,21.659985499482612,-0.09146220872397555,-100.7471924723626,0.0,-0.6902834008097167,-10.409937373096854,0.0,2.779767582064015,0.0,-0.7772225043125601,2.139886881040361,-9.9613355396033,0.0,2.156223067225887,Silver,Basic Materials,MAG
2007Q1,2007,Q1,2007-03-31,2007-03-31,-1952446.255201,0.0,-1952446.255201,-0.0494,0.0,0.0,32787988.904299,32309711.338419,18540801.837725,478277.565881,478277.565881,0.0,-8811796.116505,199080635.04,181028925.60865498,0.8179647664521121,38.7657777833931,0.0,0.0,-0.06042908383645554,0.8179647664521121,-0.06042908383645554,0.0,-25.491179912082277,6.161634591989565,0.0,0.0,0.0,0.0,38.581410480618665,-0.05954760631704999,-121.05949229422012,0.0,-2.1870967741935483,-1.1932022367178143,-1.0,13.311721695417553,0.0,-2.3796775636778142,-4.10737995791042,-12.553555295797645,0.0,2.006849092959813,Silver,Basic Materials,MAG
