Quarters,Year,Quarter,FillingDate,Date,NetIncome,Revenue,OperatingIncome,EPSDiluted,GrossProfit,GrossProfitRatio,TotalAssets,CommonStockEquity,CurrentAssets,CurrentLiability,TotalLiability,Inventory,RetainedEarnings,MarketCap,EnterpriseValue,bookValuePerShare,currentRatio,debtToAssets,debtToEquity,roic,shareholdersEquityPerShare,roe,priceToSalesRatio,peRatio,pbRatio,payoutRatio,inventoryTurnover,dividendYield,assetTurnover,quickRatio,returnOnAssets,priceToFreeCashFlowsRatio,grossProfitMargin,epsdilutedGrowth,fiveYNetIncomeGrowthPerShare,fiveYRevenueGrowthPerShare,fiveYShareholdersEquityGrowthPerShare,grossProfitGrowth,netIncomeGrowth,operatingIncomeGrowth,threeYNetIncomeGrowthPerShare,threeYRevenueGrowthPerShare,threeYShareholdersEquityGrowthPerShare,Industry,Sector,Symbol
2023Q1,2023,Q1,2023-05-11,2023-03-31,3910000.0,4328752.0,3910000.0,0.23,4328752.0,1.0,14619274.0,14619274.0,1292066.0,0.0,0.0,0.0,0.0,140590000.0,139297934.0,0.8599572941176471,0.0,0.0,0.0,0.2674551417532772,0.8599572941176471,0.2674551417532772,32.478183088335854,8.989130434782608,9.616756618693923,0.0,0.0,0.0,0.29609897180940725,0.0,0.2674551417532772,36.455136637399356,1.0,1.2473118279569892,1.090909090909091,1.1323901477832512,-0.8063891239211799,1.5215979718087196,-0.3698630136986301,-0.3698630136986301,1.090909090909091,1.0878963564627688,-0.28789352047368827,Oil & Gas E&P,Energy,VOC
2022Q4,2022,Q4,2023-03-16,2022-12-31,6205000.0,6801471.0,6205000.0,-0.93,-8299020.0,-1.220180164,15048316.0,15048316.0,1248877.0,0.0,0.0,0.0,0.0,176290000.0,175041123.0,0.8851950588235294,0.0,0.0,0.0,0.4404599823661332,0.8851950588235294,0.4123384968789863,25.91939302542053,7.102739726027397,11.7149320894112,0.0,0.0,0.0,0.45197555660048605,0.0,0.4123384968789863,0.026665823637999457,-1.2201801639674712,-3.447368421052632,2.8421052631578947,2.9088913793103446,-0.8063558571863773,-3.812970806175017,-0.039473684210526314,-0.039473684210526314,0.9729729729729729,1.0359400401651988,-0.7624421470055678,Oil & Gas E&P,Energy,VOC
2022Q3,2022,Q3,2022-11-10,2022-09-30,6460000.0,6897212.0,6460000.0,0.38,-1724303.0,-0.25,15118800.0,15118800.0,837495.0,0.0,0.0,0.0,0.0,115090000.0,114252505.0,0.8893411764705882,0.0,0.0,0.0,0.42728258856523005,0.8893411764705882,0.42728258856523005,16.686452439043485,4.453947368421052,7.612376643648966,0.0,0.0,0.0,0.45620102124507234,0.0,0.42728258856523005,-241.13071006698192,-0.25,0.35714285714285704,2.4545454545454546,2.2229962616822427,-0.8105451377324618,-0.33069119729586854,0.35714285714285715,0.24633887954134728,0.853658536585366,0.8392565333333334,-0.7665464316244998,Oil & Gas E&P,Energy,VOC
2022Q2,2022,Q2,2022-08-09,2022-06-30,4760000.0,5183181.0,5183181.0,0.28,-1295795.0,-0.2499999518,15320205.0,15320205.0,561607.0,0.0,0.0,0.0,0.0,110330000.0,109768393.0,0.9011885294117647,0.0,0.0,0.0,0.30824507229108783,0.9011885294117647,0.31070080328559574,21.28615612690354,5.794642857142857,7.201600761869701,0.0,0.0,0.0,0.3383232143434112,0.0,0.31070080328559574,-239.57960109876984,-0.24999995176707124,0.1200000000000001,0.33333333333333354,0.36041496062992134,-0.8124419750124635,-1.2749880840866639,0.12,0.219572,0.7500000000000001,0.7510746621621625,-0.7697069789005412,Oil & Gas E&P,Energy,VOC
2022Q1,2022,Q1,2022-05-10,2022-03-31,4250000.0,4712186.0,4250000.0,0.25,4712186.0,1.0,15594738.0,15594738.0,375625.0,0.0,0.0,0.0,0.0,116280000.0,115904375.0,0.9173375294117647,0.0,0.0,0.0,0.27252782316701957,0.9173375294117647,0.27252782316701957,24.676445284630105,6.84,7.456361241849654,,0.0,,0.30216512775014237,0.0,0.27252782316701957,0.0,1.0,0.24999999999999994,2.1249999999999996,2.1001223684210526,-0.8132930762737475,0.3198845986863297,0.25,0.25,0.7241379310344829,0.8054352490421457,-0.771317500652295,Oil & Gas E&P,Energy,VOC
2021Q4,2021,Q4,2022-03-17,2021-12-31,3400000.0,3570150.0,3400000.0,0.2,3570150.0,1.0,16005190.0,16005190.0,287204.0,0.0,0.0,0.0,0.0,79730000.0,79442796.0,0.9414817647058824,0.0,0.0,0.0,0.212431092664317,0.9414817647058824,0.212431092664317,22.33239499740907,5.8625,4.981509122978234,,0.0,,0.22306201925750335,0.0,0.212431092664317,0.0,1.0,0.25000000000000006,1.0,0.8031060606060607,-0.8127314890082529,6.0222404159422,0.25,0.25,-0.09090909090909087,-0.09616455696202529,-0.7713973895334384,Oil & Gas E&P,Energy,VOC
2021Q3,2021,Q3,2021-11-12,2021-09-30,2720000.0,2843473.0,2720000.0,0.16,-710868.0,-0.2499999121,16567616.0,16567616.0,328802.0,0.0,0.0,0.0,0.0,78030000.0,77701198.0,0.9745656470588235,0.0,0.0,0.0,0.1641757027685818,0.9745656470588235,0.1641757027685818,27.441793890780747,7.171875,4.70979047317369,0.0,0.0,0.0,0.17162837429356162,0.0,0.1641757027685818,0.0,-0.24999991207934805,0.3333333333333334,0.7777777777777779,0.672631176470588,-0.8106605387280513,-1.3047038551552093,0.3333333333333333,0.3333333333333333,-0.20000000000000004,-0.2273171195652174,-0.7689316137902544,Oil & Gas E&P,Energy,VOC
2021Q2,2021,Q2,2021-08-12,2021-06-30,2040000.0,2332980.0,2040000.0,0.12,2332980.0,1.0,17334400.0,17334400.0,379832.0,0.0,0.0,0.0,0.0,80410000.0,80030168.0,1.019670588235294,0.0,0.0,0.0,0.11768506553442865,1.019670588235294,0.11768506553442865,34.466647806667865,9.854166666666668,4.638752999815396,,0.0,,0.13458671774044675,0.0,0.11768506553442865,0.0,1.0,3.0,1.3999999999999997,1.1803551401869157,-0.8062105849597618,3.1983253343122913,3.0,3.0,-0.3333333333333333,-0.28872560975609757,-0.7644120721851718,Oil & Gas E&P,Energy,VOC
2021Q1,2021,Q1,2021-05-14,2021-03-31,510000.0,555693.0,510000.0,0.03,555693.0,1.0,17892065.0,17892065.0,252298.0,0.0,0.0,0.0,0.0,59500000.0,59247702.0,1.0524744117647058,0.0,0.0,0.0,0.028504255936919524,1.0524744117647058,0.028504255936919524,107.07351001362262,29.166666666666668,3.3254965259739446,,0.0,,0.031058069596773766,0.0,0.028504255936919524,0.0,1.0,-0.6470588235294118,-0.3333333333333333,-0.444307,-0.8042312870485636,-0.6283815233005112,-0.6470588235294118,-0.6470588235294118,-0.7272727272727273,-0.72625960591133,-0.7630457997087137,Oil & Gas E&P,Energy,VOC
2020Q4,2020,Q4,2021-03-16,2020-12-31,1445000.0,1495332.0,1445000.0,0.085,1495332.0,1.0,19012202.0,19012202.0,603004.0,0.0,0.0,0.0,0.0,37740000.0,37136996.0,1.1183648235294117,0.0,0.0,0.0,0.07600382112498068,1.1183648235294117,0.07600382112498068,25.238542343773823,6.529411764705882,1.9850409752642018,,0.0,,0.07865117359893399,0.0,0.07600382112498068,0.0,1.0,0.0,-0.15,-0.2485768844221106,-0.7965642167085967,0.0,0.0,0.0,-0.1052631578947368,-0.1406137931034483,-0.7553479366535469,Oil & Gas E&P,Energy,VOC
2020Q3,2020,Q3,2020-11-09,2020-09-30,0.0,0.0,0.0,0.0,0.0,0.0,19915749.0,19915749.0,795448.0,0.0,0.0,0.0,0.0,27030000.0,26234552.0,1.1715146470588236,0.0,0.0,0.0,,1.1715146470588236,0.0,0.0,0.0,1.3572173459306,0.0,0.0,,0.0,0.0,0.0,0.0,0.0,-1.0,-1.0,-1.0,-0.7912547925216705,-1.0,-1.0,-1.0,-1.0,-1.0,-0.7504341955876219,Oil & Gas E&P,Energy,VOC
2020Q2,2020,Q2,2020-08-10,2020-06-30,510000.0,1437635.0,510000.0,0.03,1437635.0,1.0,20553091.0,20553091.0,934678.0,0.0,0.0,0.0,0.0,41140000.0,40205322.0,1.2090053529411764,0.0,0.0,0.0,0.024813785916677933,1.2090053529411764,0.024813785916677933,28.61644297752907,20.166666666666668,2.0016453972786867,,0.0,,0.06994738650259467,0.0,0.024813785916677933,0.0,1.0,-0.7272727272727273,-0.8125,-0.4920017667844523,-0.7888361854414676,-0.30658238715838826,-0.7272727272727273,-0.7272727272727273,-0.8571428571428571,-0.6226679790026246,-0.7483782263129566,Oil & Gas E&P,Energy,VOC
2020Q1,2020,Q1,2020-05-11,2020-03-31,1870000.0,2073260.0,1870000.0,0.11,2073260.0,1.0,20529618.0,20529618.0,238934.0,0.0,0.0,0.0,0.0,26860000.0,26621066.0,1.207624588235294,0.0,0.0,0.0,0.09108791015984807,1.207624588235294,0.09108791015984807,12.955442153902549,3.5909090909090913,1.308353618659636,,0.0,,0.1009887276032121,0.0,0.09108791015984807,0.0,1.0,-0.38888888888888884,0.09999999999999995,0.15824581005586583,-0.7932926891338369,-0.37939409758963905,-0.40540540540540543,-0.40540540540540543,0.375,0.36398684210526305,-0.7542105662785037,Oil & Gas E&P,Energy,VOC
2019Q4,2019,Q4,2020-03-13,2019-12-31,3145000.0,3340703.0,3145000.0,0.18,3340703.0,1.0,63345900.0,63345900.0,326132.0,0.0,0.0,0.0,0.0,78710000.0,78383868.0,3.726229411764706,0.0,0.0,0.0,0.04964804351978581,3.726229411764706,0.04964804351978581,23.560909185880934,6.256756756756757,1.2425429270086934,,0.0,,0.0527374778793892,0.0,0.04964804351978581,0.0,1.0,-0.14285714285714285,-0.5,-0.4722428120063192,-0.37653409237256574,-0.10914586666666666,-0.0975609756097561,-0.0975609756097561,0.8499999999999999,0.6872237373737373,-0.25882214641424955,Oil & Gas E&P,Energy,VOC
2019Q3,2019,Q3,2019-11-13,2019-09-30,3485000.0,3750000.0,3485000.0,0.21,3750000.0,1.0,64800000.0,64761486.0,272596.0,0.0,0.0,0.0,0.0,89930000.0,89630000.0,3.809499176470588,0.0,0.0,0.0,0.053889943734092484,3.809499176470588,0.05381284796337132,23.981333333333332,6.451219512195123,1.3886339791523623,,0.0,,0.05787037037037037,0.0,0.053780864197530864,0.0,1.0,0.31249999999999994,-0.4743589743589744,-0.4565217391304348,-0.3776320617691579,0.2668918918918919,0.28125,0.28125,1.2777777777777777,1.2058823529411762,-0.25988718772750147,Oil & Gas E&P,Energy,VOC
2019Q2,2019,Q2,2019-08-09,2019-06-30,2720000.0,2960000.0,2720000.0,0.16,2960000.0,1.0,66500000.0,66524834.0,206964.0,0.0,0.0,0.0,0.0,85850000.0,85650000.0,3.913225529411765,0.0,0.0,0.0,0.040886986655239155,3.913225529411765,0.040886986655239155,29.00337837837838,7.890625,1.2904955163059857,,0.0,,0.044511278195488724,0.0,0.040902255639097745,0.0,1.0,0.14285714285714277,-0.6923076923076923,-0.6775599128540306,-0.3746113320765802,0.13409961685823754,0.10344827586206896,0.10344827586206896,2.1999999999999997,1.7663551401869155,-0.2562875746198918,Oil & Gas E&P,Energy,VOC
2019Q1,2019,Q1,2019-05-09,2019-03-31,2465000.0,2610000.0,2465000.0,0.14,2610000.0,1.0,68200000.0,68193841.0,125526.0,0.0,0.0,0.0,0.0,100470000.0,100370000.0,4.011402411764706,0.0,0.0,0.0,0.03622013135383458,4.011402411764706,0.03614695937130158,38.49425287356322,10.189655172413794,1.4733002060992575,,0.0,,0.038269794721407624,0.0,0.036143695014662754,0.0,1.0,-0.3636363636363636,-0.7456140350877193,-0.73582995951417,-0.3721591860886708,-0.3392405063291139,-0.3409090909090909,-0.3409090909090909,2.2222222222222223,1.61,-0.25384685983507815,Oil & Gas E&P,Energy,VOC
2018Q4,2018,Q4,2019-03-12,2018-12-31,3740000.0,3950000.0,3740000.0,0.22,3950000.0,1.0,70000000.0,70013155.0,360165.0,0.0,0.0,0.0,0.0,61370000.0,60970000.0,4.118420882352941,0.0,0.0,0.0,0.05341853256005961,4.118420882352941,0.05341853256005961,15.536708860759493,4.1022727272727275,0.8765495570082508,,0.0,,0.056428571428571425,0.0,0.05342857142857143,0.0,1.0,0.09999999999999995,-0.5849056603773586,-0.5640176600441501,-0.371739221339911,0.07336956521739131,0.1,0.1,1.2,0.9849246231155778,-0.25084001168684,Oil & Gas E&P,Energy,VOC
2018Q3,2018,Q3,2018-11-08,2018-09-30,3400000.0,3680000.0,3400000.0,0.2,3680000.0,1.0,71700000.0,71700055.0,391787.0,0.0,0.0,0.0,0.0,95710000.0,95310000.0,4.2176502941176475,0.0,0.0,0.0,0.04741976836698382,4.2176502941176475,0.04741976836698382,26.008152173913043,7.0375,1.3348664795305945,,0.0,,0.051324965132496514,0.0,0.04741980474198047,0.0,1.0,0.11111111111111122,-0.5121951219512194,-0.4972677595628416,-0.37189048248804407,0.12195121951219512,0.1111111111111111,0.1111111111111111,0.8181818181818182,0.8217821782178217,-0.24848205020144437,Oil & Gas E&P,Energy,VOC
2018Q2,2018,Q2,2018-08-10,2018-06-30,3060000.0,3280000.0,3060000.0,0.18,3280000.0,1.0,73600000.0,73579322.0,236676.0,0.0,0.0,0.0,0.0,90270000.0,90070000.0,4.328195411764706,0.0,0.0,0.0,0.04158777108601246,4.328195411764706,0.04158777108601246,27.521341463414632,7.375,1.2268392470373672,,0.0,,0.04456521739130435,0.0,0.04157608695652174,0.0,1.0,0.6363636363636362,-0.625,-0.6122931442080378,-0.3697801180428647,0.6157635467980296,0.6363636363636364,0.6363636363636364,0.12499999999999993,0.15901060070671372,-0.24404118552530396,Oil & Gas E&P,Energy,VOC
2018Q1,2018,Q1,2018-05-10,2018-03-31,1870000.0,2030000.0,1870000.0,0.11,2030000.0,1.0,75500000.0,75508537.0,190912.0,0.0,0.0,0.0,0.0,69190000.0,68990000.0,4.441678647058824,0.0,0.0,0.0,0.02476541162491335,4.441678647058824,0.02476541162491335,34.083743842364534,9.25,0.9163202301217941,,0.0,,0.026887417218543045,0.0,0.0247682119205298,0.0,1.0,0.15789473684210525,-0.576923076923077,-0.5438202247191012,-0.36734747072834045,0.16666666666666666,0.15789473684210525,0.15789473684210525,0.09999999999999995,0.13407821229050276,-0.23972444929524833,Oil & Gas E&P,Energy,VOC
2017Q4,2017,Q4,2018-03-14,2017-12-31,1615000.0,1740000.0,1615000.0,0.095,1740000.0,1.0,77700000.0,77711186.0,316520.0,0.0,0.0,0.0,0.0,100640000.0,100340000.0,4.571246235294118,0.0,0.0,0.0,0.02084622113348308,4.571246235294118,0.020782078914610827,57.839080459770116,15.578947368421053,1.2950516544683799,,0.0,,0.022393822393822392,0.0,0.020785070785070785,0.0,1.0,-0.13636363636363635,-0.7934782608695652,-0.7825,-0.3648441199562049,-0.18691588785046728,-0.13636363636363635,-0.13636363636363635,-0.7432432432432433,-0.7251184834123223,-0.23514741897590272,Oil & Gas E&P,Energy,VOC
2017Q3,2017,Q3,2017-11-09,2017-09-30,1870000.0,2140000.0,1870000.0,0.11,2140000.0,1.0,79800000.0,79801594.0,386774.0,0.0,0.0,0.0,0.0,63410000.0,63010000.0,4.694211411764706,0.0,0.0,0.0,0.02343311588487819,4.694211411764706,0.02343311588487819,29.630841121495326,8.477272727272727,0.7945956568235968,,0.0,,0.02681704260651629,0.0,0.02343358395989975,0.0,1.0,-0.47619047619047616,-0.8166666666666667,-0.7983034872761546,-0.3616631283806031,-0.43832020997375326,-0.47619047619047616,-0.47619047619047616,-0.717948717948718,-0.6898550724637682,-0.2330942880879117,Oil & Gas E&P,Energy,VOC
2017Q2,2017,Q2,2017-08-10,2017-06-30,3570000.0,3810000.0,3570000.0,0.21,3810000.0,1.0,81700000.0,81682482.0,331759.0,0.0,0.0,0.0,0.0,72556000.0,72256000.0,4.804851882352941,0.0,0.0,0.0,0.04370582176971557,4.804851882352941,0.04370582176971557,19.043569553805774,5.080952380952381,0.8882687967292668,,0.0,,0.04663402692778458,0.0,0.04369645042839657,0.0,1.0,1.625,-0.6956521739130435,-0.6792929292929293,-0.3602786312292786,1.506578947368421,1.625,1.625,-0.5961538461538463,-0.5849673202614379,-0.2321168571325001,Oil & Gas E&P,Energy,VOC
2017Q1,2017,Q1,2017-05-11,2017-03-31,1360000.0,1520000.0,1360000.0,0.08,1520000.0,1.0,83500000.0,83525226.0,215474.0,0.0,0.0,0.0,0.0,59670000.0,59470000.0,4.9132485882352945,0.0,0.0,0.0,0.01628250607786443,4.9132485882352945,0.01628250607786443,39.25657894736842,10.968749999999998,0.7143949541663017,,0.0,,0.01820359281437126,0.0,0.0162874251497006,0.0,1.0,-0.20000000000000004,-0.8181818181818181,-0.800524934383202,-0.36112858447006874,-0.23232323232323232,-0.2,-0.2,-0.8596491228070176,-0.8461538461538461,-0.231007593868078,Oil & Gas E&P,Energy,VOC
2016Q4,2016,Q4,2017-03-15,2016-12-31,1700000.0,1980000.0,1700000.0,0.1,1980000.0,1.0,85500000.0,85466531.0,238640.0,0.0,0.0,0.0,0.0,54060000.0,53860000.0,5.027443,0.0,0.0,0.0,0.019890827205798257,5.027443,0.019890827205798257,27.303030303030305,7.95,0.6325283051443846,,0.0,,0.023157894736842106,0.0,0.019883040935672516,0.0,1.0,0.11111111111111122,-0.8214285714285715,-0.7962962962962963,-0.36037268069649514,0.16470588235294117,0.1111111111111111,0.1111111111111111,-0.8113207547169812,-0.7814569536423841,-0.23306885234015473,Oil & Gas E&P,Energy,VOC
2016Q3,2016,Q3,2016-11-09,2016-09-30,1530000.0,1700000.0,1530000.0,0.09,1700000.0,1.0,87500000.0,87502182.0,268616.0,0.0,0.0,0.0,0.0,50828300.0,50528300.0,5.147187176470588,0.0,0.0,0.0,0.0174852782528326,5.147187176470588,0.0174852782528326,29.899,8.305277777777778,0.5808803716460466,,0.0,,0.019428571428571427,0.0,0.017485714285714285,0.0,1.0,0.7999999999999998,-0.8953488372093024,-0.8876404494382023,-0.35826006655095205,0.5887850467289719,0.8,0.8,-0.7804878048780487,-0.76775956284153,-0.23346009543140037,Oil & Gas E&P,Energy,VOC
2016Q2,2016,Q2,2016-08-09,2016-06-30,850000.0,1070000.0,850000.0,0.05,1070000.0,1.0,89400000.0,89449674.0,273494.0,0.0,0.0,0.0,0.0,56100000.0,55800000.0,5.2617455294117645,0.0,0.0,0.0,0.009502550003703758,5.2617455294117645,0.009502550003703758,52.429906542056074,16.499999999999996,0.627168300244448,,0.0,,0.011968680089485458,0.0,0.009507829977628635,0.0,1.0,0.11111111111111122,0.0,0.0,-0.36198520684736085,0.07,0.1111111111111111,0.1111111111111111,-0.8958333333333334,-0.8735224586288416,-0.2338477515546524,Oil & Gas E&P,Energy,VOC
2016Q1,2016,Q1,2016-05-10,2016-03-31,765000.0,1000000.0,765000.0,0.045,1000000.0,1.0,91400000.0,91393894.0,164879.0,0.0,0.0,0.0,0.0,46410000.0,46210000.0,5.376111411764706,0.0,0.0,0.0,0.008424715249221492,5.376111411764706,0.00837036224761361,46.41,15.166666666666668,0.5078019763552256,,0.0,,0.010940919037199124,0.0,0.00836980306345733,0.0,1.0,-0.55,-0.8977272727272728,-0.868766404199475,-0.3009423712236051,-0.49748743718592964,-0.55,-0.55,-0.826923076923077,-0.7752808988764045,-0.2342511125717355,Oil & Gas E&P,Energy,VOC
2015Q4,2015,Q4,2016-03-15,2015-12-31,1700000.0,1990000.0,1700000.0,0.1,1990000.0,1.0,93500000.0,93455545.0,251537.0,0.0,0.0,0.0,0.0,41820000.0,41520000.0,5.497385,0.0,0.0,0.0,0.018190466922000187,5.497385,0.018190466922000187,21.015075376884422,6.1499999999999995,0.44748548628120455,,0.0,,0.021283422459893047,0.0,0.01818181818181818,0.0,1.0,-0.09090909090909087,-0.6095586473917255,-0.7914941560212558,-0.05631596403065584,-0.01485148514851485,-0.09090909090909091,-0.09090909090909091,-0.7826086956521738,-0.75125,-0.23616094432727489,Oil & Gas E&P,Energy,VOC
2015Q3,2015,Q3,2015-11-05,2015-09-30,1870000.0,2020000.0,1870000.0,0.11,2020000.0,1.0,95400000.0,95406976.0,149600.0,0.0,0.0,0.0,0.0,62730000.0,62630000.0,5.61217505882353,0.0,0.0,0.0,0.019600243906692946,5.61217505882353,0.019600243906692946,31.054455445544555,8.386363636363637,0.6574990910517905,,0.0,,0.021174004192872117,0.0,0.01960167714884696,0.0,1.0,-0.3125,0.0,0.0,0.0,-0.2862190812720848,-0.3125,-0.3125,-0.8166666666666667,-0.8096135721017909,-0.23683491096046425,Oil & Gas E&P,Energy,VOC
2015Q2,2015,Q2,2015-08-06,2015-06-30,2720000.0,2830000.0,2720000.0,0.16,2830000.0,1.0,97300000.0,97332448.0,177639.0,0.0,0.0,0.0,0.0,96390000.0,96190000.0,5.725438117647059,0.0,0.0,0.0,0.027945459668290682,5.725438117647059,0.027945459668290682,34.06007067137809,8.859375,0.990317226995051,,0.0,,0.02908530318602261,0.0,0.027954779033915723,0.0,1.0,0.6,0.0,0.0,-0.3057599999999999,0.5810055865921788,0.6,0.6,-0.7681159420289855,-0.7617845117845118,-0.2377111305167605,Oil & Gas E&P,Energy,VOC
2015Q1,2015,Q1,2015-05-07,2015-03-31,1700000.0,1790000.0,1700000.0,0.1,1790000.0,1.0,99300000.0,99317329.0,194233.0,0.0,0.0,0.0,0.0,85850000.0,85650000.0,5.842195823529412,0.0,0.0,0.0,0.017116851783237144,5.842195823529412,0.017116851783237144,47.960893854748605,12.624999999999998,0.8644010150534757,,0.0,,0.018026183282980866,0.0,0.017119838872104734,0.0,1.0,-0.7297297297297298,-0.7727272727272727,-0.7650918635170604,-0.24033725374317588,-0.717219589257504,-0.7297297297297297,-0.7297297297297297,-0.7727272727272727,-0.7650918635170604,-0.24033725374317588,Oil & Gas E&P,Energy,VOC
2014Q4,2014,Q4,2015-03-12,2014-12-31,6290000.0,6330000.0,6290000.0,0.37,6330000.0,1.0,101600000.0,101602829.0,415099.0,0.0,0.0,0.0,0.0,90780000.0,90380000.0,5.976637,0.0,0.0,0.0,0.06190772502997923,5.976637,0.06190772502997923,14.341232227488153,3.608108108108108,0.8934790585407814,,0.0,,0.062303149606299214,0.0,0.061909448818897636,0.0,1.0,-0.05128205128205133,0.48309250960473343,-0.18857961053103162,0.13648799373016143,-0.08260869565217391,-0.05128205128205128,-0.05128205128205128,-0.33928571428571436,-0.3487654320987654,-0.2396094191898065,Oil & Gas E&P,Energy,VOC
2014Q3,2014,Q3,2014-11-06,2014-09-30,6630000.0,6900000.0,6630000.0,0.39,6900000.0,1.0,104100000.0,104056591.0,556037.0,0.0,0.0,0.0,0.0,213690000.0,213090000.0,6.120975941176471,0.0,0.0,0.0,0.06371532967094799,6.120975941176471,0.06371532967094799,30.969565217391306,8.057692307692308,2.0535940870867084,,0.0,,0.06628242074927954,0.0,0.06368876080691642,0.0,1.0,-0.25,0.0,0.0,0.0,-0.24836601307189543,-0.25,-0.25,-0.5465116279069767,-0.5439524124256444,-0.2368502332516142,Oil & Gas E&P,Energy,VOC
2014Q2,2014,Q2,2014-08-07,2014-06-30,8840000.0,9180000.0,8840000.0,0.52,9180000.0,1.0,106400000.0,106373584.0,432357.0,0.0,0.0,0.0,0.0,290190000.0,289790000.0,6.257269647058823,0.0,0.0,0.0,0.08310333888909863,6.257269647058823,0.08310333888909863,31.61111111111111,8.206730769230768,2.728026913147911,,0.0,,0.0862781954887218,0.0,0.0830827067669173,0.0,1.0,-0.08771929824561392,0.0,0.0,-0.24127258202567753,-0.0708502024291498,-0.08771929824561403,-0.08771929824561403,0.0,0.0,-0.24127258202567753,Oil & Gas E&P,Energy,VOC
2014Q1,2014,Q1,2014-05-08,2014-03-31,9690000.0,9880000.0,9690000.0,0.57,9880000.0,1.0,108600000.0,108616451.0,265942.0,0.0,0.0,0.0,0.0,247520000.0,247220000.0,6.389203,0.0,0.0,0.0,0.0892130051275566,6.389203,0.0892130051275566,25.05263157894737,6.385964912280703,2.278844481854779,,0.0,,0.09097605893186003,0.0,0.08922651933701657,0.0,1.0,0.0754716981132074,0.29545454545454536,0.29658792650918636,-0.16920972114212043,0.09050772626931568,0.07547169811320754,0.07547169811320754,0.29545454545454536,0.29658792650918636,-0.16920972114212043,Oil & Gas E&P,Energy,VOC
2013Q4,2013,Q4,2014-03-13,2013-12-31,9010000.0,9060000.0,9010000.0,0.53,9060000.0,1.0,111400000.0,111439640.0,451270.0,0.0,0.0,0.0,0.0,247350000.0,246850000.0,6.5552729411764705,0.0,0.0,0.0,0.08085094316528661,6.5552729411764705,0.08085094316528661,27.301324503311257,6.863207547169812,2.2195872133111703,,0.0,,0.08132854578096949,0.0,0.08087971274685817,0.0,1.0,0.29268292682926844,1.1244298110554292,0.16136946739160402,0.2465185677616461,0.23770491803278687,0.2926829268292683,0.2926829268292683,1.0693391688238552,-0.050722137463607105,0.12528164318308513,Oil & Gas E&P,Energy,VOC
2013Q3,2013,Q3,2013-11-08,2013-09-30,6970000.0,7320000.0,6970000.0,0.41,7320000.0,1.0,114200000.0,114152155.0,532582.0,0.0,0.0,0.0,0.0,266220000.0,265720000.0,6.714832647058824,0.0,0.0,0.0,0.061058856050505574,6.714832647058824,0.061058856050505574,36.368852459016395,9.548780487804878,2.3321504530510175,,0.0,,0.06409807355516638,0.0,0.06103327495621716,0.0,1.0,-0.14583333333333334,0.0,0.0,0.0,-0.1347517730496454,-0.14583333333333334,-0.14583333333333334,0.0,0.0,0.0,Oil & Gas E&P,Energy,VOC
2013Q2,2013,Q2,2013-08-08,2013-06-30,8160000.0,8460000.0,8160000.0,0.48,8460000.0,1.0,116800000.0,116751826.0,306832.0,0.0,0.0,0.0,0.0,239870000.0,239570000.0,6.867754470588236,0.0,0.0,0.0,0.06989184049249902,6.867754470588236,0.06989184049249902,28.35342789598109,7.348958333333333,2.054528894477419,,0.0,,0.07243150684931507,0.0,0.06986301369863014,0.0,1.0,0.846153846153846,0.0,0.0,-0.1672480313837374,0.9011235955056179,0.8461538461538461,0.8461538461538461,0.0,0.0,-0.1672480313837374,Oil & Gas E&P,Energy,VOC
2013Q1,2013,Q1,2013-05-08,2013-03-31,4420000.0,4450000.0,4420000.0,0.26,4450000.0,1.0,119400000.0,119352304.0,243197.0,0.0,0.0,0.0,0.0,207230000.0,207030000.0,7.020723764705882,0.0,0.0,0.0,0.037033218897894085,7.020723764705882,0.037033218897894085,46.5685393258427,11.721153846153845,1.7362882244820343,,0.0,,0.03726968174204355,0.0,0.037018425460636516,0.0,1.0,-0.43478260869565216,-0.40909090909090906,-0.41601049868766404,-0.08709285739330216,-0.44375,-0.43478260869565216,-0.43478260869565216,-0.40909090909090906,-0.41601049868766404,-0.08709285739330216,Oil & Gas E&P,Energy,VOC
2012Q4,2012,Q4,2013-03-15,2012-12-31,7820000.0,8000000.0,7820000.0,0.46,8000000.0,1.0,122300000.0,122349786.0,474600.0,0.0,0.0,0.0,0.0,218110000.0,217610000.0,7.197046235294118,0.0,0.0,0.0,0.0639151097493542,7.197046235294118,0.0639151097493542,27.26375,6.9728260869565215,1.7826757784439442,,0.0,,0.06541291905151267,0.0,0.06394112837285364,0.0,1.0,-0.23333333333333328,0.8438447416707499,0.025491803436294886,0.3685550313215648,-0.23002272299191612,-0.23333333333333334,-0.23333333333333334,0.8438447416707499,0.025491803436294886,0.3685550313215648,Oil & Gas E&P,Energy,VOC
2012Q3,2012,Q3,2012-11-13,2012-09-30,10200000.0,10610000.0,10200000.0,0.6,10389917.0,0.9792570217,125000000.0,125014859.0,442558.0,0.0,0.0,0.0,0.0,319430000.0,319030000.0,7.3538152352941175,0.0,0.0,0.0,0.08159030119771603,7.3538152352941175,0.08159030119771603,30.10650329877474,7.829166666666667,2.555136265841807,,0.0,,0.08488,0.0,0.0816,0.0,0.9792570216776626,-0.13043478260869562,0.0,0.0,0.0,-0.12633454725310744,-0.13043478260869565,-0.13043478260869565,0.0,0.0,0.0,Oil & Gas E&P,Energy,VOC
2012Q2,2012,Q2,2012-08-09,2012-06-30,11730000.0,11880000.0,11730000.0,0.69,11892329.0,1.0010377946,127700000.0,127684467.0,222475.0,0.0,0.0,0.0,0.0,309400000.0,309200000.0,7.510851,0.0,0.0,0.0,0.09186708669896394,7.510851,0.09186708669896394,26.043771043771045,6.594202898550725,2.4231608375668747,,0.0,,0.09303054032889585,0.0,0.0918559122944401,0.0,1.0010377946127946,0.568181818181818,0.0,0.0,-0.08926913694721819,0.5737550912056626,0.5681818181818182,0.5951986831519277,0.0,0.0,-0.08926913694721819,Oil & Gas E&P,Energy,VOC
2012Q1,2012,Q1,2012-05-14,2012-03-31,7480000.0,7620000.0,7353316.0,0.44,7556658.0,0.9916874016,130700000.0,130738712.0,234805.0,0.0,0.0,0.0,0.0,375870000.0,375670000.0,7.690512470588235,0.0,0.0,0.0,0.05719694128322979,7.690512470588235,0.057213352384869756,49.326771653543304,12.5625,2.874970957339705,,0.0,,0.05830145371078806,0.0,0.05723029839326702,0.0,0.9916874015748032,-0.21428571428571436,0.0,0.0,0.0,-0.21809171598092333,-0.21428571428571427,-0.22759285714285715,0.0,0.0,0.0,Oil & Gas E&P,Energy,VOC
2011Q4,2011,Q4,2012-03-30,2011-12-31,9520000.0,9720000.0,9520000.0,0.56,9664379.0,0.9942776749,133600000.0,133619263.0,298147.0,0.0,0.0,0.0,0.0,377060000.0,376760000.0,7.859956647058824,0.0,0.0,0.0,0.0712472123124942,7.859956647058824,0.0712472123124942,38.79218106995885,9.901785714285714,2.821898516234145,,0.0,,0.07275449101796407,0.0,0.07125748502994012,0.0,0.9942776748971194,-0.34883720930232553,1.2446805550774347,0.24597254117509834,0.4946108255565678,-0.35088182979666016,-0.3488372093023256,-0.3488372093023256,1.2446805550774347,0.24597254117509834,0.4946108255565678,Oil & Gas E&P,Energy,VOC
2011Q3,2011,Q3,2011-11-14,2011-09-30,14620000.0,15130000.0,14620000.0,0.86,14888474.0,0.984036616,136400000.0,136351468.0,242526.0,0.0,0.0,0.0,0.0,354110000.0,353910000.0,8.020674588235295,0.0,0.0,0.0,0.10722290133319283,8.020674588235295,0.10722290133319283,23.40449438202247,6.055232558139535,2.5970384125237285,,0.0,,0.11092375366568914,0.0,0.10718475073313782,0.0,0.9840366159947125,0.0,0.0,0.0,0.0,0.0,0.0,0.0,0.0,0.0,0.0,Oil & Gas E&P,Energy,VOC
2011Q2,2011,Q2,2011-08-15,2011-06-30,0.0,0.0,0.0,0.0,0.0,0.0,140200000.0,140200000.0,0.0,0.0,0.0,0.0,0.0,382330000.0,382330000.0,8.24705882352941,0.0,0.0,0.0,,8.24705882352941,0.0,0.0,0.0,2.7270328102710413,0.0,0.0,,0.0,0.0,0.0,0.0,0.0,0.0,0.0,0.0,0.0,0.0,0.0,0.0,0.0,0.0,0.0,Oil & Gas E&P,Energy,VOC
2010Q4,2010,Q4,2010-12-31,2010-12-31,4354047.0,9544097.0,2757317.0,0.26,6646314.0,0.6963795527,109037710.0,99032665.0,16598661.0,11861097.0,38101598.0,0.0,0.0,357000000.0,369405655.0,5.825450882352941,1.3994203908795282,0.22010733717720227,0.24234428105110573,,5.825450882352941,0.043965766244905155,37.40531974895058,20.498171011934414,3.6048711806351976,0.0,0.0,0.0,0.08753024068462187,1.376872392157319,0.03993157046309942,-323.9379236940175,0.6963795527224839,0.0,0.02662233579760914,0.22342415558761655,0.10773918273083882,0.0,0.0,0.0,0.02662233579760914,0.22342415558761655,0.10773918273083882,Oil & Gas E&P,Energy,VOC
2009Q4,2009,Q4,2009-12-31,2009-12-31,4241138.0,7801135.0,3688751.0,0.25,5678691.0,0.7279313843,101279505.0,89400706.0,9713511.0,5452963.0,33767650.0,0.0,0.0,357000000.0,379260445.0,5.258865058823529,1.781327142692881,0.2684875582675883,0.3041618821220495,,5.258865058823529,0.04743964773611519,45.76257172834466,21.043880203850946,3.993257055486788,0.0,0.0,0.0,0.07702580102460019,1.7687050141363512,0.04187557986188815,73.99037337573513,0.7279313843434321,0.0,0.0,0.0,0.0,0.0,0.0,0.0,0.0,0.0,0.0,Oil & Gas E&P,Energy,VOC
2010Q3,2010,Q3,2010-09-30,2010-09-30,,,,,,,109626385.0,107208401.0,15939746.0,2929580.0,29694445.0,0.0,0.0,0.0,14226188.0,0.0,5.440966281856102,0.22136270387826798,0.22635533012007147,,0.0,,0.0,0.0,0.0,0.0,0.0,,,5.086345141624396,,0.0,0.0,0.0,0.0,0.0,0.0,0.0,0.0,0.0,0.0,0.0,0.0,Oil & Gas E&P,Energy,VOC
