Quarters,Year,Quarter,FillingDate,Date,NetIncome,Revenue,OperatingIncome,EPSDiluted,GrossProfit,GrossProfitRatio,TotalAssets,CommonStockEquity,CurrentAssets,CurrentLiability,TotalLiability,Inventory,RetainedEarnings,MarketCap,EnterpriseValue,bookValuePerShare,currentRatio,debtToAssets,debtToEquity,roic,shareholdersEquityPerShare,roe,priceToSalesRatio,peRatio,pbRatio,payoutRatio,inventoryTurnover,dividendYield,assetTurnover,quickRatio,returnOnAssets,priceToFreeCashFlowsRatio,grossProfitMargin,epsdilutedGrowth,fiveYNetIncomeGrowthPerShare,fiveYRevenueGrowthPerShare,fiveYShareholdersEquityGrowthPerShare,grossProfitGrowth,netIncomeGrowth,operatingIncomeGrowth,threeYNetIncomeGrowthPerShare,threeYRevenueGrowthPerShare,threeYShareholdersEquityGrowthPerShare,Industry,Sector,Symbol
2023Q1,2023,Q1,2023-02-14,2023-03-31,40505000.0,106074000.0,40997000.0,0.47,87820000.0,0.8279125893,669612000.0,602979000.0,654933000.0,59671000.0,66633000.0,40811000.0,0.0,2657601840.0,2568169840.0,7.251352911465474,10.975733605939233,0.005270216184895133,0.00585260846563479,0.06146644305282466,7.251352911465474,0.06717481039969883,25.054224786469824,16.40292457721269,4.40745339389929,0.0,0.44728137021881353,0.0,0.15841113958531208,10.29180003686883,0.06049025405757364,127.94154823801271,0.8279125893244339,0.06818181818181812,3.8930540138211547,2.900965881008717,0.0,-0.21985626593467117,0.07417524132810013,-0.3155531069484791,4.052269882863965,1.1425943522773263,1.5775285608500638,Medical Devices,Healthcare,INMD
2022Q4,2022,Q4,2022-12-31,2022-12-31,37708000.0,133571000.0,59898000.0,0.44,112569000.0,0.8427652709,644409000.0,554618000.0,629371000.0,82020000.0,89791000.0,39897000.0,495507000.0,2943429300.0,2850851300.0,6.726800810197819,7.673384540356011,0.007700078676741014,0.008946698448301354,0.062811600858507,6.726800810197819,0.06798913847008212,22.036439796063515,19.514620902726215,5.307129050986445,0.0,0.5264054941474297,0.0,0.2072767450485639,7.18695440136552,0.05851563215287186,51.79905145713079,0.8427652709046125,-0.24137931034482754,138.30604418893296,2.599248894792435,8.942900401475548,0.09858783803566026,-0.22712086740863718,0.1144850683784538,0.5749942652378826,1.2597616816425836,1.5048704163108684,Medical Devices,Healthcare,INMD
2022Q3,2022,Q3,2022-09-30,2022-09-30,48789000.0,121232000.0,53745000.0,0.58,102467000.0,0.8452141349,578984000.0,508303000.0,563983000.0,57927000.0,70681000.0,35810000.0,0.0,2395927660.0,2322536660.0,6.1757709037008235,9.736098883076977,0.006316236718113108,0.007194527673454612,0.09429097476634726,6.1757709037008235,0.09598408823083869,19.763162036426028,12.276986923281887,4.713581584212566,0.0,0.524015638089919,0.0,0.20938747875588962,9.117907020905623,0.08426657731474445,53.00138612985289,0.8452141348818794,0.11538461538461527,3.388320856869165,2.705659845457481,8.120410874805817,0.08314922675235992,0.10763258263712314,0.09231144442412048,1.2191185683929724,1.2307291643543565,1.3536401508160538,Medical Devices,Healthcare,INMD
2022Q2,2022,Q2,2022-06-30,2022-06-30,44048000.0,113547000.0,49203000.0,0.52,94601000.0,0.8331439844,523205000.0,452814000.0,509208000.0,57989000.0,70391000.0,29760000.0,0.0,1842460560.0,1757734560.0,5.507614089714897,8.781113659487144,0.007029749333435269,0.008122540380818614,0.09754100803258799,5.507614089714897,0.09727614428882499,16.226413379481624,10.45711814384308,4.068912533623077,0.0,0.6366263440860215,0.0,0.21702200858172227,8.267912880028971,0.08418879788992842,39.69109349418354,0.8331439844293552,0.44444444444444453,3.5198268498732856,2.5255976126796718,0.0,0.3296181253425909,0.4220500403551251,0.405478747714808,1.168784422487783,1.2763672499839103,4.019470844731457,Medical Devices,Healthcare,INMD
2022Q1,2022,Q1,2022-03-31,2022-03-31,30975000.0,85921000.0,35008000.0,0.36,71149000.0,0.8280746267,464466000.0,403318000.0,454848000.0,49818000.0,61148000.0,25100000.0,0.0,3062533429.9999995,3020942429.9999995,4.860834247285261,9.130193905817174,0.006629118170113636,0.007634174522337213,0.07483528502786205,4.860834247285261,0.07680044034731899,35.6435962104724,24.717783938660208,7.593346763595971,0.0,0.5885258964143426,0.0,0.1849887828172568,8.626359950218797,0.06668948857397528,97.0569002345186,0.8280746266919612,-0.4098360655737705,2.7499807705748682,2.1667142830850463,0.0,-0.24061562763493538,-0.4120717471766157,-0.3563286018974774,1.3579985762030433,1.1674247962029134,4.7687297955066015,Medical Devices,Healthcare,INMD
2021Q4,2021,Q4,2021-12-31,2021-12-31,52685000.0,110540000.0,54388000.0,0.61,93693000.0,0.8475936313,478541000.0,415802000.0,470114000.0,51850000.0,62739000.0,21026000.0,333987000.0,5874655720.0,5811035720.0,4.995578729845977,9.066808100289297,0.00943701793576726,0.010860938619823858,0.12428278742501046,4.995578729845977,0.12670694224655005,53.145067125022614,27.876320204991934,14.128493177040994,0.0,0.8012460762865025,0.0,0.230993791545552,8.499209257473481,0.11009505977544244,111.45028020716738,0.8475936312647006,0.17307692307692302,191.0324500404482,1.950555507536209,6.3839768948246265,0.16776139493724526,0.1781609195402299,0.208138966635568,191.0324500404482,1.950555507536209,6.3839768948246265,Medical Devices,Healthcare,INMD
2021Q3,2021,Q3,2021-09-30,2021-09-30,44718000.0,94176000.0,45018000.0,0.52,80233000.0,0.8519474176010873,447658000.0,382514000.0,439988000.0,53871000.0,63632000.0,19178000.0,0.0,6593656125.0,6528274125.0,4.625040807689983,8.16743702548681,0.00792122557845498,0.009270248932065232,0.11494345621128528,4.625040807689983,0.11690552502653498,70.01418753185526,36.862427462095795,17.23768574483548,0.0,0.7270309729898843,0.0,0.21037488439835766,7.811438436264409,0.09989322205791028,131.2980370975129,0.8519474176010873,0.09473684210526324,3.0027508531138865,1.8647600515934841,5.83028453234862,0.07548055011929974,0.09268173488087966,0.0838308936825886,3.0027508531138865,1.8647600515934841,5.83028453234862,Medical Devices,Healthcare,INMD
2021Q2,2021,Q2,2021-06-30,2021-06-30,40925000.0,87325000.0,41536000.0,0.475,74602000.0,0.8543028914972802,383031000.0,329664000.0,375344000.0,42171000.0,51855000.0,17394000.0,0.0,3867678000.0000005,3809670000.0000005,4.035055079559363,8.900524056816296,0.00982688085298579,0.011417685886235682,0.12013214129604019,4.035055079559363,0.12414155018443021,44.290615516747785,23.626621869273063,11.732181857891673,0.0,0.7314591238358055,0.0,0.22798415794021895,8.488060515520145,0.10684513786090422,83.32819131746204,0.8543028914972802,0.5079365079365079,3.225893800602629,1.728537710283228,0.0,0.3455135720082965,0.5360507450362196,0.5515296402823952,3.225893800602629,1.728537710283228,0.0,Medical Devices,Healthcare,INMD
2021Q1,2021,Q1,2021-03-31,2021-03-31,26643000.0,65524000.0,26771000.0,0.315,55445000.0,0.8461784994811061,337292000.0,292235000.0,332026000.0,36676000.0,43545000.0,15700000.0,0.0,2824528730.0,2761603730.0,3.7438186989161903,9.052950158141565,0.005858425340654389,0.006761681523431485,0.09015288726450711,3.7438186989161903,0.09116977774736086,43.10678117941518,26.50347868107946,9.665265043543725,0.0,0.6419745222929937,0.0,0.19426490992967518,8.624877303958993,0.07899090402381319,114.81357383846185,0.8461784994811061,-0.2588235294117647,2.4286268649796137,1.5670204759585369,0.0,-0.14187766978270291,-0.2622528659245722,-0.24461060948081265,2.4286268649796137,1.5670204759585369,0.0,Medical Devices,Healthcare,INMD
2020Q4,2020,Q4,2020-12-31,2020-12-31,36114000.0,75187000.0,35440000.0,0.425,64612000.0,0.8593506856238445,295761000.0,253963000.0,289591000.0,35030000.0,40286000.0,14983000.0,169016000.0,1784915640.0,1716335640.0,3.3777963982656347,8.266942620610905,0.001210436805393544,0.001409654162220481,0.1368861462287342,3.3777963982656347,0.14220181680008506,23.739684253926875,12.356119787340088,7.028250729436964,0.0,0.7057999065607689,0.0,0.25421539689140893,7.839223522694833,0.12210534857536998,42.956190797073546,0.8593506856238445,0.4912280701754387,145.20494815524165,1.2217279129798422,3.9927289527442364,0.2840477751942606,0.5113622096672944,0.5214871420598463,145.20494815524165,1.2217279129798422,3.9927289527442364,Medical Devices,Healthcare,INMD
2020Q3,2020,Q3,2020-09-30,2020-09-30,23895000.0,59714000.0,23293000.0,0.285,50319000.0,0.8426667113239776,274141000.0,228289000.0,270142000.0,37526000.0,42115000.0,14871000.0,0.0,1327697460.0,1259381460.0,3.110458620595689,7.198795501785429,0.0018931863530081236,0.0022734341120246703,0.10069837721456242,3.110458620595689,0.10466995781662718,22.234274374518538,13.890954802259888,5.815862612740868,0.0,0.6317665254522224,0.0,0.2178222155751967,6.802510259553376,0.08716317515439136,44.12274301286099,0.8426667113239776,1.7142857142857142,1.410207482736466,1.0468941449097797,3.5935416114471694,0.9301495972382048,1.7823707498835584,1.8739049969154842,1.410207482736466,1.0468941449097797,3.5935416114471694,Medical Devices,Healthcare,INMD
2020Q2,2020,Q2,2020-06-30,2020-06-30,8588000.0,30765000.0,8105000.0,0.105,26070000.0,0.8473915163334959,238018000.0,201419000.0,233568000.0,27812000.0,32862000.0,16227000.0,0.0,1017905760.0,953798760.0,2.8019224883843865,8.39810153890407,0.00277289952860708,0.0032767514484730834,0.0392411644979392,2.8019224883843865,0.042637487029525516,33.086486591906386,29.631630181648813,5.053672990134992,0.0,0.2893325938251063,0.0,0.12925493029938911,7.814648353228822,0.0360813047752691,927.0544262295082,0.8473915163334959,0.4,0.00785873563955006,0.09251151602145848,0.0,-0.2389876521586829,0.31134524354863335,0.3501582542062302,0.00785873563955006,0.09251151602145848,0.0,Medical Devices,Healthcare,INMD
2020Q1,2020,Q1,2020-03-31,2020-03-31,6549000.0,40441000.0,6003000.0,0.075,34257000.0,0.847085878192923,229701000.0,191096000.0,224974000.0,29274000.0,34868000.0,12086000.0,0.0,730204500.0,685775500.0,2.813296823013279,7.685113069618091,0.0030866213033465244,0.0037101770837694144,0.03051919802727552,2.813296823013279,0.03427073303470507,18.056044608194654,27.874656436097112,3.821139636622431,0.0,0.5116663908654642,0.0,0.17605931188806317,7.272255243560839,0.028510977313986444,121.27628300946687,0.847085878192923,-0.673913043478261,-0.03151373001328192,0.8206740239291903,0.0,-0.1635862001611446,-0.6560037819098645,-0.6660918900878852,-0.03151373001328192,0.8206740239291903,0.0,Medical Devices,Healthcare,INMD
2019Q4,2019,Q4,2019-12-31,2019-12-31,19038000.0,47002000.0,17978000.0,0.23,40957000.0,0.871388451555253,218385000.0,176066000.0,213208000.0,32494000.0,38582000.0,9408000.0,93986000.0,1285015200.0,1241032200.0,2.6854885451938624,6.561457499846125,0.003406827391991208,0.004225688094237388,0.10038068951193868,2.6854885451938624,0.10812990583076801,27.33958554955108,16.874346044752603,7.298485795099565,0.0,0.6425382653061225,0.0,0.21522540467522952,6.271927125007694,0.08717631705474277,47.166906474820145,0.871388451555253,0.09523809523809533,88.17875818309386,0.5927559636183405,2.969427055679505,0.17143837771358292,0.17620165575188435,0.12496089105813153,88.17875818309386,0.5927559636183405,2.969427055679505,Medical Devices,Healthcare,INMD
2019Q3,2019,Q3,2019-09-30,2019-09-30,16186000.0,40010000.0,15981000.0,0.21,34963000.0,0.8738565358660335,189765000.0,158994000.0,185505000.0,23703000.0,29330000.0,8495000.0,0.0,651688470.0,603905470.0,2.6239231607089812,7.826224528540691,0.004858640950649488,0.005798960967080519,0.09774910112719624,2.6239231607089812,0.10180258374529856,16.28813971507123,10.065619516866429,4.098824295256425,0.0,0.5941141848145968,0.0,0.21083972281506072,7.4678310762350755,0.08529497009459068,48.41308000891464,0.8738565358660335,-0.14990770426503452,0.9775062582830228,0.661187698027885,2.87502349143882,0.030688049053711457,0.02462492878394632,0.016150569085013035,0.9775062582830228,0.661187698027885,2.87502349143882,Medical Devices,Healthcare,INMD
2019Q2,2019,Q2,2019-06-30,2019-06-30,15797000.0,38797000.0,15727000.0,0.247032,33922000.0,0.8743459545841173,102557000.0,70166000.0,96954000.0,22945000.0,30950000.0,7616000.0,0.0,433881372.04,406025372.04,1.0972499412952672,4.225495750708215,0.009955439414179432,0.014551207137359974,0.21409674116271687,1.0972499412952672,0.22513753099791922,11.18337428254762,6.866515351649047,6.183641251318303,0.0,0.6400997899159664,0.0,0.37829694706358413,3.8935715842231424,0.1540314166756048,23.561301767037744,0.8743459545841173,0.5585615141955836,1.0840369393139841,0.5487824351297407,0.0,0.2907423614017731,0.5603516396681154,0.583467579540878,1.0840369393139841,0.5487824351297407,0.0,Medical Devices,Healthcare,INMD
2019Q1,2019,Q1,2019-03-31,2019-03-31,10124000.0,30552000.0,9932000.0,0.1585,26281000.0,0.8602055511914114,85067000.0,53883000.0,79546000.0,21489000.0,29743000.0,7092000.0,43030000.0,433881372.04,416039372.04,0.8426177719524112,3.701707850528177,0.013036782771227386,0.020581630569938572,0.17400584458017598,0.8426177719524112,0.18788857339049422,14.201406521340665,10.714178487751877,8.052286844459292,0.0,0.6022278623801467,0.0,0.3591521976794762,3.371678533203034,0.11901207283670519,181.31273382365234,0.8602055511914114,48.5975975975976,0.5903235940936223,0.46104920855052345,0.0,0.05784092738689422,48.53051643192488,6.564356435643564,0.5903235940936223,0.46104920855052345,0.0,Medical Devices,Healthcare,INMD
2018Q4,2018,Q4,2018-12-31,2018-12-31,-213000.0,28783000.0,1313000.0,-0.00333,24844000.0,0.8631483862001876,81056000.0,43263000.0,77764000.0,29429000.0,36380000.0,6963000.0,32971000.0,433881372.04,409160372.04,0.6765431150451379,2.6424275374630466,0.0,0.0,-0.008046595352184306,0.6765431150451379,-0.0049233756327577835,15.074223397144149,-509.25043666666664,10.028924763423712,0.0,0.5657044377423525,0.0,0.3551001776549546,2.4058241870264023,-0.002627812870114489,46.29055500266724,0.8631483862001876,-1.0246520580396803,0.0,0.0,0.0,0.14230539335141845,-1.0246584857605927,-0.8435787467238504,0.0,0.0,0.0,Medical Devices,Healthcare,INMD
2018Q3,2018,Q3,2018-09-30,2018-09-30,8638000.0,25418000.0,8394000.0,0.13508,21749000.0,0.8556534739161225,68278000.0,43301000.0,66188000.0,17443000.0,24977000.0,5612000.0,0.0,433881372.04,408255372.04,0.6771373558137327,3.7945307573238547,0.0,0.0,0.19008928120574212,0.6771373558137327,0.19948730976189927,17.069847039106147,12.55734464112063,10.020123600840627,0.0,0.6537776193870278,0.0,0.3722721813761387,3.472797110588775,0.12651220012302644,60.73367469764838,0.8556534739161225,0.1395790272915173,0.0,0.0,0.0,0.02914872474329248,0.1395778364116095,0.0702537294402652,0.0,0.0,0.0,Medical Devices,Healthcare,INMD
2018Q2,2018,Q2,2018-06-30,2018-06-30,7580000.0,25050000.0,7843000.0,0.118535,21133000.0,0.8436327345309381,,,,,,,,433881372.04,,,0.0,0.0,0.0,0.0,,0.0,17.320613654291417,14.310071637203166,0.0,0.0,0.0,0.0,0.0,0.0,0.0,34.336924029756254,0.8436327345309381,0.1906962260549869,0.0,0.0,0.0,0.2160078255365671,0.19070059692114358,0.32059269237245325,0.0,0.0,0.0,Medical Devices,Healthcare,INMD
2018Q1,2018,Q1,2018-03-31,2018-03-31,6366000.0,20911000.0,5939000.0,0.099551,17379000.0,0.8310936827507054,,,,,,,,433881372.04,,,0.0,0.0,0.0,0.0,,0.0,20.748953758309025,17.039010840402135,0.0,0.0,0.0,0.0,0.0,0.0,0.0,59.015420571273125,0.8310936827507054,0.0,0.0,0.0,0.0,0.0,0.0,0.0,0.0,0.0,0.0,Medical Devices,Healthcare,INMD
