Year,Date,FillingDate,NetIncome,Revenue,OperatingIncome,EPSDiluted,GrossProfit,GrossProfitRatio,TotalAssets,CommonStockEquity,CurrentAssets,CurrentLiability,TotalLiability,Inventory,RetainedEarnings,EnterpriseValue,bookValuePerShare,currentRatio,debtToAssets,debtToEquity,roic,shareholdersEquityPerShare,roe,priceToSalesRatio,peRatio,pbRatio,payoutRatio,inventoryTurnover,dividendYield,assetTurnover,quickRatio,returnOnAssets,priceToFreeCashFlowsRatio,grossProfitMargin,epsdilutedGrowth,fiveYNetIncomeGrowthPerShare,fiveYRevenueGrowthPerShare,fiveYShareholdersEquityGrowthPerShare,grossProfitGrowth,netIncomeGrowth,operatingIncomeGrowth,threeYNetIncomeGrowthPerShare,threeYRevenueGrowthPerShare,threeYShareholdersEquityGrowthPerShare,Industry,Sector,Price,MarketCap,AvgVolume,Symbol
2022,2022-12-31,2023-03-30,-12977287.0,2403408.0,-14251572.0,-0.91,2353460.0,0.979217844,15232077.0,12804438.0,15222077.0,2348739.0,2427639.0,0.0,-40200674.0,-5503545.130000001,0.8942233638241617,6.480957228538378,0.00517985826883622,0.006161926044704188,-1.0540103392364306,0.8942233638241617,-1.0134991477173774,3.8100226303648816,-0.7056204328377725,0.7151457072930494,0.0,0.0,0.0,0.15778596707461498,6.333246052456233,-0.8519709426363851,-0.9522234661514954,0.9792178439948607,-0.10975609756097571,-0.9070052268707961,11.05966487150742,5.402877563614625,-0.14037242760249502,-0.16158054166031902,-0.37402956006980265,-0.3999776743477441,6.225004390776383,2.356477294520656,Software—Application,Technology,0.5999,8834727,396018,KBNT
2021,2021-12-31,2022-03-31,-11172094.0,2737767.0,-10372100.0,-0.82,2737767.0,1.0,31685110.0,25450260.0,28220744.0,5544443.0,6234850.0,0.0,-26580790.0,16681794.0,1.8582664631964778,5.089915073524969,0.007219258509754267,0.008987845310814114,-0.43846552460265537,1.8582664631964778,-0.43897759787129875,15.107572704324363,-3.7021720368625615,1.6251705876482205,0.0,0.0,0.0,0.08640547563192932,5.000604388935011,-0.352597608150958,-4.674998796239929,1.0,0.4709677419354839,-0.7164566107393506,13.362647299647284,10.149525777358365,-0.0559518542745607,-0.39054422943936096,-1.3220748564164722,-0.7164566107393506,13.362647299647284,10.149525777358365,Software—Application,Technology,0.5999,8834727,396018,KBNT
2020,2020-12-31,2021-03-30,-8034332.0,2900029.0,-4466738.0,-1.55,2900029.0,1.0,27362549.0,24481545.0,26263533.0,2693375.0,2881004.0,0.0,-16289077.0,4557400.32,4.72142368940547,9.751160904070172,0.014841088087224622,0.016587596902074602,-0.18285994149934878,4.72142368940547,-0.32817912431588775,9.976947927072453,-3.6012251323445437,1.1818469103971991,0.0,0.0,0.0,0.10598533784261108,9.711192091706502,-0.2936251297348065,-4.726564599379363,1.0,-1.3846153846153846,-2.2603664047039485,39.18451574960355,24.246820952544038,15.325774762856419,-0.6231095060710555,-0.3471140903973511,-2.2603664047039485,39.18451574960355,24.246820952544038,Software—Application,Technology,0.5999,8834727,396018,KBNT
2019,2019-12-31,2019-12-31,-4949963.0,177635.0,-3315783.0,-0.65,177635.0,1.0,473639.0,-5040657.0,100561.0,5514296.0,5514296.0,0.0,-8403417.0,34930302.150000006,-0.6592247193788506,0.018236416761087906,6.823281022044215,-0.6411410258623033,2.195457507597987,-0.6592247193788506,0.9820075041805066,178.63774115461482,-6.410616634912221,-6.295273641908188,0.0,0.0,0.0,0.3750430179947175,0.013145649054747877,-10.450919371082195,-11.343450234198526,1.0,-0.35416666666666674,-0.36216831297633256,0.6691567533028884,-2.2458173692988277,0.6691567533028885,-0.3621683129763325,0.12122321225067449,-0.36216831297633256,0.6691567533028884,-2.2458173692988277,Software—Application,Technology,0.5999,8834727,396018,KBNT
2018,2018-12-31,2018-12-31,-3633885.0,106422.0,-3773180.0,-0.48,106422.0,1.0,380148.0,-1552970.0,380148.0,1888118.0,1933118.0,0.0,-4270544.0,31977488.150000002,-0.2030997571256631,0.20133699270914213,0.664717425844671,-0.16271466931106202,2.8277334822937794,-0.2030997571256631,2.339958273501742,298.17439204299865,-8.732338846716393,-20.433308531394683,0.0,0.0,0.0,0.2799488620221598,0.20133699270914213,-9.559132232709366,-26.591021010653233,1.0,0.0,0.0,0.0,0.0,0.0,0.0,0.0,0.0,0.0,0.0,Software—Application,Technology,0.5999,8834727,396018,KBNT
TTM,,,,,,,,,,,,,,,,-2914329.0,0.7236070115198514,7.1095991863255295,0.006440977219512586,0.007550802112425414,-1.1232713816119064,0.7236070115198514,-0.8532808847222025,7.552004014182991,-0.7362809573348347,0.8290411652313603,0.0,0.0,0.0,0.09550050801268994,6.927436710496737,-0.960486359904174,-1.041644672763139,0.914608001695941,,,,,,,,,,,Software—Application,Technology,0.5999,8834727,396018,KBNT
