Quarters,Year,Quarter,FillingDate,Date,NetIncome,Revenue,OperatingIncome,EPSDiluted,GrossProfit,GrossProfitRatio,TotalAssets,CommonStockEquity,CurrentAssets,CurrentLiability,TotalLiability,Inventory,RetainedEarnings,MarketCap,EnterpriseValue,bookValuePerShare,currentRatio,debtToAssets,debtToEquity,roic,shareholdersEquityPerShare,roe,priceToSalesRatio,peRatio,pbRatio,payoutRatio,inventoryTurnover,dividendYield,assetTurnover,quickRatio,returnOnAssets,priceToFreeCashFlowsRatio,grossProfitMargin,epsdilutedGrowth,fiveYNetIncomeGrowthPerShare,fiveYRevenueGrowthPerShare,fiveYShareholdersEquityGrowthPerShare,grossProfitGrowth,netIncomeGrowth,operatingIncomeGrowth,threeYNetIncomeGrowthPerShare,threeYRevenueGrowthPerShare,threeYShareholdersEquityGrowthPerShare,Industry,Sector,Symbol
2023Q1,2023,Q1,2023-05-22,2023-03-31,-2447911.0,11748.0,-2485863.0,-0.17,11748.0,1.0,12249694.0,10449221.0,12239694.0,1721573.0,1800473.0,0.0,-42666338.0,9963920.16,-1785135.8399999999,0.7236070115198514,7.1095991863255295,0.006440977219512586,0.007550802112425414,-0.23441643246732147,0.7236070115198514,-0.23426732002318643,848.1375689479061,-1.0175942017499817,0.9535562660604078,0.0,0.0,0.0,0.0009590443647000488,6.927436710496737,-0.19983446117103007,-3.5216311885282403,1.0,-0.30769230769230776,-1.7893015319541992,-0.8904929089926719,0.0,-0.9480160889939069,-0.30720065191526813,0.010806519645685271,-1.1901585976559186,-0.9954985155999241,7.746721668579105,Software—Application,Technology,KBNT
2022Q4,2022,Q4,2023-03-30,2022-12-31,-1872636.0,275941.0,-2513020.0,-0.13,225993.0,0.8189902914,15232077.0,12804438.0,15222077.0,2348739.0,2427639.0,0.0,-40200674.0,9157038.87,-5503545.130000001,0.8942233638241617,6.480957228538378,0.00517985826883622,0.006161926044704188,-0.14562469468329214,0.8942233638241617,-0.14624898023638366,33.18477091117304,-1.2224798185552344,0.7151457072930494,0.0,0.0,0.0,0.018115782896843288,6.333246052456233,-0.12294029238428876,-4.399260565122664,0.8189902914028724,-0.08333333333333341,0.3071288797561104,8.321932068470453,2.356477294520656,-0.5309519065527634,-0.12148934946962946,-0.4971356264208675,0.3071288797561104,8.321932068470453,2.356477294520656,Software—Application,Technology,KBNT
2022Q3,2022,Q3,2022-11-14,2022-09-30,-1669776.0,481812.0,-1678552.0,-0.12,481812.0,1.0,17859290.0,15199601.0,17849290.0,2582328.0,2659689.0,0.0,-37692337.0,14050663.76,-2767999.24,1.0601356088532574,6.912092499481088,0.0044178687954560345,0.005190925735484767,-0.10957570372968231,1.0601356088532574,-0.10985656794543489,29.162129129203922,-2.1036749480169794,0.924410039447746,0.0,0.0,0.0,0.026978228137848705,6.71734109687073,-0.09349621401522681,-20.220419154524194,1.0,0.7000000000000001,0.49015144746559974,3.5990305180191577,0.0,0.37502247412265305,0.7108783706451273,0.7127951159058667,0.49015144746559974,3.5990305180191577,0.0,Software—Application,Technology,KBNT
2022Q2,2022,Q2,2022-08-15,2022-06-30,-5775341.0,400351.0,-5844441.0,-0.4,350403.0,0.8752394774,18189607.0,16701680.0,18179607.0,1410536.0,1487927.0,0.0,-36018173.0,9448878.780000001,-8156106.219999999,1.1666049545827701,12.88843886295706,0.004337641819309236,0.004724075661849587,-0.34621482330199316,1.1666049545827701,-0.34579401593133147,23.601486645468604,-0.40901821987654063,0.5657442113607732,0.0,0.0,0.0,0.02200987629914159,12.72101314677541,-0.317507739447037,-3.285653406235972,0.8752394773586178,-0.904761904761905,-1.7172586896301676,3.35045534959604,0.0,-0.7186205135452869,-0.9001426256611037,-0.38639762840467895,-1.7172586896301676,3.35045534959604,0.0,Software—Application,Technology,KBNT
2022Q1,2022,Q1,2022-05-16,2022-03-31,-3039425.0,1245304.0,-4215559.0,-0.21,1245304.0,1.0,26783076.0,22236741.0,23473411.0,4445550.0,4546335.0,0.0,-30208282.0,24235470.3,3645899.3000000007,1.559798891131896,5.2802040242489685,0.004460764700813305,0.005372774724497623,-0.15799446833705308,1.559798891131896,-0.13668482265454276,19.461489162485627,-1.9934255903665987,1.0898840931771432,0.0,0.0,0.0,0.04649592899635576,5.1875486722677735,-0.11348304429259731,-6.08799711921617,1.0,0.8141592920353983,-2.5080832460737272,10.757968850346966,0.0,-0.39571259634090183,0.8112269772901599,0.059546777272204025,-2.5080832460737272,10.757968850346966,0.0,Software—Application,Technology,KBNT
2021Q4,2021,Q4,2022-03-31,2021-12-31,-16100950.0,2060781.0,-4482476.0,-1.13,2060781.0,1.0,31685110.0,25450260.0,28220744.0,5544443.0,6234850.0,0.0,-26580790.0,43043715.72,18364495.72,1.7856215225463812,5.089915073524969,0.007219258509754267,0.008987845310814114,-0.273088649357729,1.7856215225463812,-0.6326438315364951,20.887088788182734,-0.6683412425974864,1.6912878579629442,0.0,0.0,0.0,0.06503941441263736,5.000604388935011,-0.5081550924077587,-12.12604582201662,1.0,-6.062499999999999,-4.984974307282401,68.94122569905608,3.7086689410386025,2.044052609655148,-6.028201942812145,-0.9235452641697277,-4.984974307282401,68.94122569905608,3.7086689410386025,Software—Application,Technology,KBNT
2021Q3,2021,Q3,2021-11-12,2021-09-30,-2290906.0,676986.0,-2330320.0,-0.16,676986.0,1.0,32256931.0,29728099.0,29745070.0,2451410.0,2528832.0,0.0,-22099307.0,46036821.78,17628109.78,2.0857599646836436,12.133861736714788,0.010470431920507254,0.01136110317716582,-0.07684617128010228,2.0857599646836436,-0.07706197426212823,68.00262011326674,-5.0238662978751645,1.5485962213729174,0.0,0.0,0.0,0.020987303472856732,11.878644127257374,-0.07102058159221657,-28.23608677492065,1.0,-0.3333333333333334,0.29634755738870844,5.500343705357463,0.0,0.36058990931892726,-0.37079365687226024,-0.34329115325020293,0.29634755738870844,5.500343705357463,0.0,Software—Application,Technology,KBNT
2021Q2,2021,Q2,2021-08-16,2021-06-30,-1671226.0,497568.0,-1734784.0,-0.12,497568.0,1.0,33737675.0,31771677.0,31117794.0,1888661.0,1965998.0,0.0,-19788694.0,79844043.45,49787696.45,2.272132870921131,16.476114029992676,0.012036691917863338,0.012781509770478908,-0.05290646757953321,2.272132870921131,-0.052601126468709854,160.46860620055952,-11.943932695218958,2.513057256939884,0.0,0.0,0.0,0.01474814135828862,16.391177135547352,-0.04953589718319357,-31.507974637838437,1.0,0.14285714285714296,0.1949581350065201,4.5357461639589065,0.0,-0.29697904789355667,0.05511267006802721,0.049183346852870895,0.1949581350065201,4.5357461639589065,0.0,Software—Application,Technology,KBNT
2021Q1,2021,Q1,2021-05-14,2021-03-31,-1768704.0,707757.0,-1824520.0,-0.14,707757.0,1.0,34299946.0,32475523.0,33212355.0,1719218.0,1824423.0,0.0,-18085689.0,92105348.3,59973958.3,2.5739147864446,19.3182918047624,0.011839377239835887,0.012504494538856234,-0.054625619673668385,2.5739147864446,-0.05446267947709418,130.13696551217438,-13.018762367812815,2.8361467281065806,0.0,0.0,0.0,0.020634347354366096,19.193383852425928,-0.051565795468016186,-58.63553813921598,1.0,0.7666666666666666,-1.3066099365124682,6.550603012345158,0.0,-0.38250690555917144,0.18189752904657303,0.1527751012874241,-1.3066099365124682,6.550603012345158,0.0,Software—Application,Technology,KBNT
2020Q4,2020,Q4,2021-03-30,2020-12-31,-2161959.0,1146178.0,-2153525.0,-0.6,1146178.0,1.0,27362549.0,24481545.0,26263533.0,2693375.0,2881004.0,0.0,-16289077.0,20097374.4,-4278663.6000000015,6.797257113347104,9.751160904070172,0.014841088087224622,0.016587596902074602,-0.08669902778922056,6.797257113347104,-0.08830974515701522,17.534252445955165,-2.323977281715333,0.8209193659958961,0.0,0.0,0.0,0.04188856820320358,9.711192091706502,-0.07901160816559889,-7.21318699777008,1.0,0.9995910048329596,-2.180210959490541,152.93988324624263,11.310986395886015,-0.9959123612255306,0.99974038527391,-0.5027049771160261,-2.180210959490541,152.93988324624263,11.310986395886015,Software—Application,Technology,KBNT
2020Q3,2020,Q3,2020-11-13,2020-09-30,-8327566901.0,280401000.0,-1433099.0,-1467.01,280401000.0,1.0,10637155000.0,7591875.0,9271341000.0,2785432000.0,3055280000.0,0.0,-14131335.0,12658731.03,-8207933268.97,1.3374074549714168,3.328510981420476,3.817656130798132e-05,0.05349007985510826,-0.3583042484053504,1.3374074549714168,-1096.9051651930517,0.045145099446863596,-0.00038002489744273023,1.6674050916275622,0.0,0.0,0.0,0.02636052591129865,3.286476209076366,-0.7828753929974697,0.0015235425397424496,1.0,-4889.033333333334,-6421.240465491716,6759.108920400366,0.0,189.3023516237402,-4143.849776719943,-0.28218573857027823,-6421.240465491716,6759.108920400366,0.0,Software—Application,Technology,KBNT
2020Q2,2020,Q2,2020-09-24,2020-06-30,-2009136.0,1473450.0,-1117700.0,-0.3,1473450.0,1.0,2532106.0,-6556520.0,647155.0,4378979.0,9088626.0,0.0,-9966835.0,27682089.450000003,28157131.450000003,-0.9829300656349118,0.14778673293477773,0.20542465441810098,-0.07933431149451234,0.23794913490303501,-0.9829300656349118,0.30643329083111165,18.787260816451187,-3.444526583815133,-4.2220704657348715,0.0,0.0,0.0,0.5819069185887162,0.14107535112636987,-0.7934644126272755,-45.392306273274514,1.0,-2.8759689922480622,-1.0288421589323489,33.36487528333535,0.0,0.06623933634027612,-2.3948200816458947,-3.349945755926901,-1.0288421589323489,33.36487528333535,0.0,Software—Application,Technology,KBNT
2020Q1,2020,Q1,2020-03-31,2020-03-31,-591824.0,1381913.0,475628.0,-0.0774,1381913.0,1.0,2498473.0,-820094.0,599727.0,3318567.0,3318567.0,0.0,-11415827.0,31732315.150000002,31825265.150000002,-0.10725312930720719,0.18071866561681593,0.2557430078291821,-0.7791387328769629,-26.749496398379016,-0.10725312930720719,0.7216538591917512,22.962599780159824,-13.404456033381546,-38.693509707423786,0.0,0.0,0.0,0.553103035333982,0.16727039110555852,-0.23687428281194153,-60.70056918174028,1.0,0.5926315789473684,-0.27356143748655054,23.32688448403338,0.0,86.42411589801986,0.5899351807905103,1.52126986840793,-0.27356143748655054,23.32688448403338,0.0,Software—Application,Technology,KBNT
2019Q4,2019,Q4,2019-12-31,2019-12-31,-1443245.0,15807.0,-912441.0,-0.19,15807.0,1.0,473639.0,-5040657.0,100561.0,5514296.0,5514296.0,0.0,-8403417.0,31732315.150000002,34930302.150000006,-0.6592247193788506,0.018236416761087906,6.823281022044215,-0.6411410258623033,0.6180825616366021,-0.6592247193788506,0.28632081095777795,2007.4849845005378,-5.496695839930157,-6.295273641908188,0.0,0.0,0.0,0.033373518650280064,0.013145649054747877,-3.047141388272503,-41.165196412286136,1.0,0.1739130434782609,0.0,0.0,0.0,-0.7170854810996563,0.17369545626825664,0.0526884622971584,0.0,0.0,0.0,Software—Application,Technology,KBNT
2019Q3,2019,Q3,2019-09-30,2019-09-30,-1746626.0,55872.0,-963190.0,-0.23,55872.0,1.0,,,,,,,,31732315.150000002,,,0.0,0.0,0.0,0.0,,0.0,567.9466485896335,-4.541944748045661,0.0,0.0,0.0,0.0,0.0,0.0,0.0,-65.62066279685342,1.0,-0.5333333333333334,0.0,0.0,0.0,0.13676500508647,-0.5386362314984963,0.02845471051038935,0.0,0.0,0.0,Software—Application,Technology,KBNT
2019Q2,2019,Q2,2019-06-30,2019-06-30,-1135178.0,49150.0,-991400.0,-0.15,49150.0,1.0,,,,,,,,31732315.150000002,,,0.0,0.0,0.0,0.0,,0.0,645.6218748728382,-6.9884007508073624,0.0,0.0,0.0,0.0,0.0,0.0,0.0,-21.251628346652865,1.0,-1.4671052631578947,0.0,0.0,0.0,-0.13477449565186775,-1.442819023025608,-1.209238064677149,0.0,0.0,0.0,Software—Application,Technology,KBNT
2019Q1,2019,Q1,2019-03-31,2019-03-31,-464700.0,56806.0,-448752.0,-0.0608,56806.0,1.0,,,,,,,,31732315.150000002,,,0.0,0.0,0.0,0.0,,0.0,558.6085123050383,-17.07139829459867,0.0,0.0,0.0,0.0,0.0,0.0,0.0,1572.2298543328545,1.0,0.0,0.0,0.0,0.0,0.0,0.0,0.0,0.0,0.0,0.0,Software—Application,Technology,KBNT
