Quarters,Year,Quarter,FillingDate,Date,NetIncome,Revenue,OperatingIncome,EPSDiluted,GrossProfit,GrossProfitRatio,TotalAssets,CommonStockEquity,CurrentAssets,CurrentLiability,TotalLiability,Inventory,RetainedEarnings,MarketCap,EnterpriseValue,bookValuePerShare,currentRatio,debtToAssets,debtToEquity,roic,shareholdersEquityPerShare,roe,priceToSalesRatio,peRatio,pbRatio,payoutRatio,inventoryTurnover,dividendYield,assetTurnover,quickRatio,returnOnAssets,priceToFreeCashFlowsRatio,grossProfitMargin,epsdilutedGrowth,fiveYNetIncomeGrowthPerShare,fiveYRevenueGrowthPerShare,fiveYShareholdersEquityGrowthPerShare,grossProfitGrowth,netIncomeGrowth,operatingIncomeGrowth,threeYNetIncomeGrowthPerShare,threeYRevenueGrowthPerShare,threeYShareholdersEquityGrowthPerShare,Industry,Sector,Symbol
2022Q4,2022,Q4,2022-12-31,2022-12-31,22900000.0,1991600000.0,189600000.0,0.12,380800000.0,0.1912030528,10142100000.0,2567500000.0,5756600000.0,3217300000.0,7317800000.0,2295200000.0,0.0,10763998090.8795,12221298090.8795,13.979769490344157,1.7892642899325522,0.32283254947200285,1.2752482960077898,0.007452089879578859,13.979769490344157,0.008919182083739046,5.404698780317082,117.51089618864081,4.192404319719377,0.0,0.701812478215406,0.0,0.19636958815235503,0.9871320672613683,0.0022579150274597963,23.87754678544698,0.19120305282185177,1.5217391304347825,-0.4444267059495621,0.15135756650993717,-0.3692335977510867,1.1465614430665163,1.5531400966183575,16.08108108108108,1.109339823444744,-0.04314875101292436,-0.26886087728172775,Aerospace & Defense,Industrials,ERJ
2022Q3,2022,Q3,2022-09-30,2022-09-30,-41400000.0,929000000.0,11100000.0,-0.23,177400000.0,0.1909580194,9932400000.0,2462300000.0,5581600000.0,3150600000.0,7221300000.0,2678600000.0,-208300000.0,8522704318.0,10414604318.0,13.407568744895181,1.7715990604964134,0.32187588095525754,1.2983795638224425,0.0017415884337062281,13.407568744895181,-0.01681354830849206,9.174062775026911,-51.46560578502415,3.4612777963692483,0.0,0.2805943403270365,0.0,0.0935322782006363,0.8545039040182822,-0.004168176875679594,32.51699472720336,0.19095801937567278,-1.575,-1.3768498453085165,-0.29014031021841397,-0.3928882182504983,-0.23960565795113586,-1.5579514824797844,-0.7325301204819277,0.4628545512767161,-0.20847434452434083,-0.3343259728411691,Aerospace & Defense,Industrials,ERJ
2022Q2,2022,Q2,2022-06-30,2022-06-30,74200000.0,1018900000.0,41500000.0,0.4,233300000.0,0.2289724212,9698800000.0,2690600000.0,5367900000.0,2640100000.0,6826100000.0,2392900000.0,42500000.0,8595954957.0,10781454957.0,14.650694255377076,2.033218438695504,0.3327009526951788,1.199286404519438,0.010386411386194044,14.650694255377076,0.027577492009217275,8.436505012268132,28.962112388814013,3.1948096918902844,0.0,0.3283045676793849,0.0,0.10505423351342434,1.0466270217037232,0.007650430981152308,-445.38626720207253,0.22897242123859063,3.3529411764705883,0.2569125732525684,-0.4235719597464564,-0.3173254350210865,0.9328914664457332,3.416938110749186,2.1066666666666665,9.322390114045437,-0.25976324362898945,-0.2929491005675798,Aerospace & Defense,Industrials,ERJ
2022Q1,2022,Q1,2022-03-31,2022-03-31,-30700000.0,600900000.0,-37500000.0,-0.17,120700000.0,0.2008653686,9868400000.0,2648100000.0,5536600000.0,2756300000.0,7111500000.0,2222800000.0,-31700000.0,10780577627.137499,13266577627.137499,14.419275796351757,2.0087073250371876,0.36640184832394307,1.3654318190400665,-0.0022474996383502212,14.419275796351757,-0.01159321777878479,17.94071830111083,-87.78972009069624,4.071061374999999,0.0,0.216033831203887,0.0,0.06089132990150379,1.0376229002648478,-0.0031109399700052693,-39.518246433788484,0.20086536861374604,-11.429447852760738,-1.7229429381335981,-0.4140204640816124,-0.32072408976587735,-0.3835546475995914,-11.233333333333333,-1.75,0.24951620237514954,0.5619847084240235,-0.29654278874140505,Aerospace & Defense,Industrials,ERJ
2021Q4,2021,Q4,2021-12-31,2021-12-31,3000000.0,1301300000.0,50000000.0,0.0163,195800000.0,0.1504649197,10155000000.0,2667900000.0,5875800000.0,2828800000.0,7380000000.0,1955200000.0,0.0,18160140108.75,20432540108.75,14.525112290730911,2.0771351809954752,0.4028261939931068,1.533303347201919,0.0003810467547416443,14.525112290730911,0.0011244799280332846,13.955383162030277,1513.3450090625,6.806904347520521,0.0,0.5654153027823241,0.0,0.12814377154111276,1.2247242647058822,0.0002954209748892171,32.417244035612285,0.15046491969568893,1.0665849673202614,-0.984620199849589,-0.35748393371338066,-0.3059737709765603,0.07760044028618603,1.0666666666666667,0.7421602787456446,1.165542819371533,-0.2221521809898896,-0.3071139585161126,Aerospace & Defense,Industrials,ERJ
2021Q3,2021,Q3,2021-09-30,2021-09-30,-45000000.0,958100000.0,28700000.0,-0.2448,181700000.0,0.18964617472080159,10382700000.0,2700100000.0,6019800000.0,2953600000.0,7574500000.0,2305000000.0,-78400000.0,16753109340.0,19527709340.0,14.698421339139902,2.038122968580715,0.42102728577345006,1.618977074923151,0.007352374011996187,14.698421339139902,-0.01666604940557757,17.485762801377728,-93.07282966666666,6.204625510166291,0.0,0.33683297180043387,0.0,0.0922785017384688,1.154557150595883,-0.004334132740038718,102.2778347985348,0.18964617472080159,-1.511705685618729,-0.3256892608093767,-0.37185769615098535,-0.2732430622875658,-0.1166747690811862,-1.5119453924914676,-0.8004172461752433,-1.1098008847861256,-0.16923147713429604,-0.304345761289643,Aerospace & Defense,Industrials,ERJ
2021Q2,2021,Q2,2021-06-30,2021-06-30,87900000.0,1130500000.0,143800000.0,0.4784,205700000.0,0.18195488721804512,10341300000.0,2774200000.0,5929300000.0,2856200000.0,7455600000.0,2315000000.0,0.0,14031528494.236,17082928494.236,15.10179640718563,2.0759400602198728,0.42572984054229157,1.5869800302789994,0.02120464024505479,15.10179640718563,0.0316848100353255,12.411789910867757,39.90764645687145,5.057864787771609,0.0,0.3994816414686825,0.0,0.10931894442671618,1.1973251172887052,0.008499898465376694,-746.3578986295745,0.18195488721804512,1.9803278688524588,1.8792308160388917,-0.17821920428888863,-0.26026738898042845,1.692408376963351,1.979933110367893,5.3444108761329305,1.6936323185465216,-0.10187032872719988,-0.28950614050140727,Aerospace & Defense,Industrials,ERJ
2021Q1,2021,Q1,2021-03-31,2021-03-31,-89700000.0,807300000.0,-33100000.0,-0.488,76400000.0,0.09463644246252942,10308100000.0,2686600000.0,5903000000.0,2410200000.0,7513700000.0,2483300000.0,0.0,10497834847.5,13814734847.5,14.620952380952382,2.449174342378226,0.4307389334600945,1.6526836894215737,-0.004661421578983252,14.620952380952382,-0.03338792525869128,13.00363538647343,-29.258179619565215,3.907479657373632,0.0,0.29432609833689044,0.0,0.07831705163900234,1.343664426188698,-0.008701894626555816,-22.92604247106355,0.09463644246252942,-26.11111111111111,-1.8579269705957455,-0.387129480363574,-0.3064049920082342,-0.6564748201438849,-26.181818181818183,-1.3194980694980696,-6.2758154969304805,-0.1880717988808426,-0.34197817664896757,Aerospace & Defense,Industrials,ERJ
2020Q4,2020,Q4,2020-12-31,2020-12-31,-3300000.0,1841400000.0,103600000.0,-0.018,222400000.0,0.12077766916476594,10547600000.0,2826500000.0,6147300000.0,2428700000.0,7608500000.0,2421700000.0,0.0,6507426217.95,9150926217.95,15.357239880467265,2.5311071766788817,0.42915924001668626,1.6014859366707943,-0.006738177915332156,15.357239880467265,-0.0011675216699097825,3.5339558042521992,-492.98683469318183,2.302291249938086,0.0,0.6685386298880951,0.0,0.1745799992415336,1.43805327953226,-0.00031286738215328605,12.250425862104668,0.12077766916476594,0.9726609963547995,-1.029434398691316,-0.1195561776722546,-0.2507712490835161,3.0583941605839415,0.9727722772277227,3.7480106100795756,-1.079890371179212,0.062260079387862176,-0.30708221229494714,Aerospace & Defense,Industrials,ERJ
2020Q3,2020,Q3,2020-09-30,2020-09-30,-121200000.0,758700000.0,-37700000.0,-0.6584,54800000.0,0.07222881244233557,10853800000.0,2800700000.0,6410800000.0,2796900000.0,7953500000.0,3238400000.0,-729100000.0,4579469707.05,7506169707.05,15.21706058136376,2.292109120812328,0.42637601577327755,1.6523726211304317,-0.004046352319120376,15.21706058136376,-0.04327489556182383,6.035942674377225,-9.446100880878713,1.6351161163459136,0.0,0.21736042490118576,0.0,0.06990178554976137,1.0677535843255033,-0.011166596030883193,-5.487680895206711,0.07222881244233557,0.6172093023255814,-0.09511448610640157,-0.41511615690403564,-0.24269944657539705,2.3212121212121213,0.61572606214331,0.8898626935436751,-2.1008438764169814,-0.4215284616056315,-0.31095212425747765,Aerospace & Defense,Industrials,ERJ
2020Q2,2020,Q2,2020-06-30,2020-06-30,-315400000.0,537200000.0,-342300000.0,-1.72,16500000.0,0.03071481757259866,10325400000.0,2881700000.0,6081400000.0,2938000000.0,7345000000.0,3100600000.0,-607800000.0,5851028218.37625,7856128218.37625,15.658115478397892,2.0699115044247787,0.37556898522091153,1.3456987195058472,-0.04020465855688646,15.658115478397892,-0.10944928340909879,10.891712990275968,-4.637783939740211,2.030408515243172,0.0,0.16793523834096627,0.0,0.05202704011466868,0.9300204220558203,-0.030546032114978597,-10.954930197296855,0.03071481757259866,-0.08394252583816485,-3.415159184774185,-0.6485024777769463,-0.24935690587435494,-0.9103260869565217,-0.08013698630136987,-6.298507462686567,-6.331439829908734,-0.696728779944441,-0.2703828920133483,Aerospace & Defense,Industrials,ERJ
2020Q1,2020,Q1,2020-03-31,2020-03-31,-292000000.0,633800000.0,-46900000.0,-1.5868,184000000.0,0.2903124013884506,10856100000.0,3189400000.0,6442200000.0,3364300000.0,7571700000.0,2925300000.0,-292400000.0,7147192394.0,8665692394.0,17.33134085042793,1.9148708498053086,0.36043330477795893,1.2268451746409983,-0.017657921596005776,17.33134085042793,-0.09155327020756256,11.276731451562007,-6.11917157020548,2.2409206728538282,0.0,0.153762007315489,0.0,0.05838192352686508,0.9804119727729393,-0.026897320400512154,-10.564955497413155,0.2903124013884506,-0.3914415994387933,-3.7081458041273634,-0.4028524409564571,-0.13595794722724966,-0.33955491744436467,-0.39180171591992374,0.3062130177514793,-7.862187842125031,-0.3831968448656468,-0.18353997121471863,Aerospace & Defense,Industrials,ERJ
2019Q4,2019,Q4,2019-12-31,2019-12-31,-209800000.0,2085000000.0,-67600000.0,-1.1404,278600000.0,0.133621103117506,10572500000.0,3517700000.0,8571400000.0,6386000000.0,6957900000.0,1274800000.0,0.0,14407197252.7725,13699197252.7725,19.1205326810708,1.3422173504541184,0.013922913218254906,0.041845524064019105,-0.03948840143808737,19.1205326810708,-0.059641242857548966,6.909926739938848,-17.167775563360937,4.095629886793216,0.0,1.417006589268905,0.0,0.19720974225585244,0.30861259004071406,-0.019843934736344288,17.597651463017588,0.133621103117506,-1.7178265014299336,-3.288542617251,0.016263415372034955,-0.0684276171309469,0.8044041450777202,-1.717616580310881,-2.25,-2.0738068206605744,0.027788746613672054,-0.08639940759485552,Aerospace & Defense,Industrials,ERJ
2019Q3,2019,Q3,2019-09-30,2019-09-30,-77200000.0,1175600000.0,-20800000.0,-0.4196,154400000.0,0.13133718952024498,11062500000.0,3705000000.0,6737200000.0,3200900000.0,7260200000.0,3082700000.0,-114200000.0,13179309292.500002,15863109292.500002,20.141342756183747,2.1047830297728765,0.3471367231638418,1.0364912280701755,-0.005746631956849187,20.141342756183747,-0.020836707152496626,11.210708823154135,-42.67911040317358,3.5571685,0.0,0.3312680442469264,0.0,0.10626892655367232,0.9897216407885282,-0.006978531073446328,188.5451973175966,0.13133718952024498,-11.704081632653061,-6.190027460733184,-0.054982169905243544,-0.008539157712554948,-0.22255790533736153,-11.722222222222221,-1.781954887218045,-1.2712026636060147,-0.2303094677887963,-0.00412022181443513,Aerospace & Defense,Industrials,ERJ
2019Q2,2019,Q2,2019-06-30,2019-06-30,7200000.0,1378700000.0,26600000.0,0.0392,198600000.0,0.1440487415681439,11273400000.0,3811600000.0,7009200000.0,3235100000.0,7363300000.0,3004300000.0,-36800000.0,14281087198.949999,17352987198.949997,20.720848056537104,2.166609996599796,0.3483775968208349,1.0303809423863994,-0.004909229801384021,20.720848056537104,0.001888970511071466,10.3583717987597,495.87108329687493,3.7467434145634377,0.0,0.39280364810438373,0.0,0.12229673390458956,1.0714661061481872,0.0006386715631486508,-127.1690756807658,0.1440487415681439,1.1760255057365454,-0.9500003525607854,-0.22049296788629727,0.006681227663332186,1.7160207612456646,1.1757415262143174,2.1456065710491825,1.071921028060791,0.0008397851786168542,0.014971108212583304,Aerospace & Defense,Industrials,ERJ
2019Q1,2019,Q1,2019-03-31,2019-03-31,-40969258.405208,385288879.263119,-23219140.560305,-0.222695,73121679.64022297,0.1897840388751194,11105961550.711529,3770142305.683309,9108608665.740894,6676468220.09606,7241876855.260979,1380500681.589441,-41247754.576841,13676443084.899002,13299229575.414082,20.497729734767262,1.364285482303972,0.01791925998506162,0.05278596834695046,-0.001576471791062753,20.497729734767262,-0.010866767109413563,35.49659442820091,-83.45552017095126,3.6275668067707736,-0.0454257105541462,0.22612607424683193,0.0001360776089499402,0.0346920775390614,0.3241355380289306,-0.0036889429355698796,-31.867893495031414,0.1897840388751194,-1.2570937983425414,-1.368554811209705,-0.6914261650474274,0.03068762473550826,-0.6901623744058348,-1.263494939514254,-0.23506066810132975,-1.391463565906387,-0.7077896327463726,-0.02761990814493861,Aerospace & Defense,Industrials,ERJ
2018Q4,2018,Q4,2018-12-31,2018-12-31,-18100000.0,1670900000.0,-18800000.0,-0.09866448623603162,236000000.0,0.14124124723203063,11293300000.0,3845700000.0,7071000000.0,3028600000.0,7353200000.0,2475600000.0,0.0,15751824179.999998,18460024180.0,20.963205233033523,2.3347421250742917,0.35322713467277056,1.0372884000312037,-0.0009112900496373712,20.963205233033523,-0.004706555373534077,9.427149548147703,-217.56663232044195,4.0959576097979555,0.0,0.5796170625302957,0.0,0.14795498215756245,1.3257940962821106,-0.0016027201969309236,90.94586709006927,0.14124124723203063,0.14944408417214125,-1.0679833747316323,-0.2795268422935404,0.0812962821499333,0.12434492615531205,0.15023474178403756,-1.4140969162995596,-1.161971240668953,-0.19846576527344667,0.022725189825824478,Aerospace & Defense,Industrials,ERJ
2018Q3,2018,Q3,2018-09-30,2018-09-30,-21300000.0,1151700000.0,45400000.0,-0.116,209900000.0,0.18225232265346877,11794500000.0,3876100000.0,7067900000.0,3321400000.0,7824800000.0,2790800000.0,-176000000.0,14135836244.7,16863136244.7,21.128917961297358,2.127988197747938,0.3710288693882742,1.1289956399473697,0.022708580097531697,21.128917961297358,-0.005495214261757953,12.273887509507684,-165.9135709471831,3.6469224851526016,-0.15492957746478872,0.337465959581482,0.00023344922386443753,0.09764720844461401,1.2207502860239658,-0.0018059264911611343,104.16975861974946,0.18225232265346877,0.8318840579710145,-1.3996834459871987,-0.11254099256564057,0.16097159432492955,0.49607982893799,0.8316205533596838,3.5649717514124295,0.8069122983449816,-0.1092475757539882,0.05151327878327404,Aerospace & Defense,Industrials,ERJ
2018Q2,2018,Q2,2018-06-30,2018-06-30,-126500000.0,1256500000.0,-17700000.0,-0.69,140300000.0,0.11165937126939912,11811100000.0,3897700000.0,7091700000.0,2982000000.0,7821000000.0,2535000000.0,-150200000.0,17622621731.25,20920121731.25,21.25535105657805,2.378169014084507,0.37507937448671164,1.1365933755804705,-0.0038467167743648834,21.25535105657805,-0.032455037586268824,14.025166519100676,-34.82731567440712,4.52128735696693,-0.1509881422924901,0.4403155818540434,0.0010838341928505553,0.10638297872340426,1.4484238765928907,-0.010710264073625657,113.25592372268638,0.11165937126939912,-9.267857142857142,-22.669431904412807,-0.19971061052423278,0.1854522448747832,-0.22827282728272827,-9.284552845528456,-1.6704545454545454,-1.9721734250441922,-0.17487849753345305,0.018972079101632032,Aerospace & Defense,Industrials,ERJ
2018Q1,2018,Q1,2018-03-31,2018-03-31,-12300000.0,992000000.0,26400000.0,-0.0672,181800000.0,0.18326612903225806,11995100000.0,4073400000.0,7152200000.0,2938900000.0,7811200000.0,2480400000.0,-7600000.0,15745967575.000002,19012467575.0,22.219555434337924,2.433631630882303,0.37965502580220256,1.1179849756959788,0.0017244300793168676,22.219555434337924,-0.003019590514066873,15.872951184475808,-320.0399913617886,3.8655588881524037,-1.4796747967479675,0.3266408643767134,0.0011558514847252884,0.08270043601137131,1.4885841641430466,-0.001025418712640995,79.28483169687816,0.18326612903225806,-1.3507306889352817,-1.4064775671621437,-0.09432044314180982,0.2374457484881009,-0.4724318049912943,-1.2985436893203883,-0.5636363636363636,0.8009201538039558,-0.06179826570993993,0.10774062173667438,Aerospace & Defense,Industrials,ERJ
2017Q4,2017,Q4,2017-12-31,2017-12-31,41200000.0,1729000000.0,60500000.0,0.1916,344600000.0,0.19930595720069405,11936200000.0,4068600000.0,7051700000.0,2782600000.0,7754200000.0,2119800000.0,0.0,14544617327.275002,17836417327.275,22.163148576875937,2.5342126069143966,0.38224895695447464,1.1214176866735486,0.007490495039428321,22.163148576875937,0.01012633338249029,8.41215577054656,88.25617310239686,3.5748457275905716,0.25970873786407767,0.6530804792904991,0.0007356673440926269,0.14485347095390494,1.6596348738589808,0.0034516847908044436,27.938181573713027,0.19930595720069405,-0.6806666666666666,-0.6698198301766326,-0.10161982848827615,0.23287317912984168,0.38727858293075684,-0.6254545454545455,-0.07208588957055215,-0.5496024585852765,-0.15542056908850813,0.07981181675347125,Aerospace & Defense,Industrials,ERJ
2017Q3,2017,Q3,2017-09-30,2017-09-30,110000000.0,1310400000.0,65200000.0,0.6,248400000.0,0.18956043956043955,12020500000.0,4061000000.0,6946600000.0,2601400000.0,7847700000.0,2411900000.0,176000000.0,13225198419.200249,17140998419.200249,22.08418473820235,2.6703313600369034,0.39002537332057735,1.1544693425264714,0.01155167622323435,22.08418473820235,0.02708692440285644,10.092489636141826,30.05726913454602,3.256635907215033,0.08272727272727273,0.440316762718189,0.0006880804137341852,0.10901376814608377,1.6165910663488892,0.00915103365084647,-1075.219383674817,0.18956043956043955,0.8679950186799502,0.6645260761656206,-0.07949181489676434,0.2534407058120949,-0.21665089877010407,0.8612521150592216,-0.6252873563218391,11.24835375364549,0.053737616277504424,0.08709755187733474,Aerospace & Defense,Industrials,ERJ
2017Q2,2017,Q2,2017-06-30,2017-06-30,59100000.0,1769600000.0,174000000.0,0.3212,317100000.0,0.17919303797468356,12001800000.0,3945700000.0,6948000000.0,2731100000.0,7947700000.0,2428400000.0,77600000.0,11069687836.341751,14453087836.341751,21.460729616943627,2.544029878071107,0.3825092902731257,1.163494436982031,0.00911597643279246,21.460729616943627,0.014978330841168867,6.255474591061116,46.8260906782646,2.805506712710482,0.4213197969543147,0.5981304562675013,0.0022493859238065755,0.14744454998416903,1.5345099044341108,0.00492426136079588,39.70476268415262,0.17919303797468356,0.39168110918544186,0.07355829593702343,0.01640529933725617,0.25306781159494096,1.0524271844660193,0.3905882352941176,6.435897435897436,-0.5893780701892977,0.0010265232177750448,0.0426269030296703,Aerospace & Defense,Industrials,ERJ
2017Q1,2017,Q1,2017-03-31,2017-03-31,42500000.0,1026300000.0,23400000.0,0.2308,154500000.0,0.15054077755042386,12147400000.0,3901600000.0,7138300000.0,2922700000.0,8150900000.0,2658200000.0,28600000.0,12774323500.8,16407623500.8,21.227421109902068,2.4423649365312894,0.38396693942736715,1.1954582735288086,0.004737955007121343,21.227421109902068,0.0108929669879024,12.446968236188248,75.14307941647058,3.2741243338117694,0.2188235294117647,0.3279662929802122,0.0007280228968224878,0.08448721537119054,1.3802648236219934,0.0034986910779261408,-17.307036310527028,0.15054077755042386,-0.7824283559577677,-0.33139186224782463,-0.12559803180371581,0.24594685142299466,-0.6205795677799607,-0.7823860727086533,-0.9154013015184381,-0.617404915713479,-0.17746681910952317,0.06737870613619779,Aerospace & Defense,Industrials,ERJ
2016Q4,2016,Q4,2016-12-31,2016-12-31,195300000.0,2027800000.0,276600000.0,1.0608,407200000.0,0.20080875826018346,11664600000.0,3848800000.0,6781700000.0,3180900000.0,7723400000.0,2455900000.0,0.0,11513385922.5,14405685922.5,20.928765633496464,2.132006664780408,0.35438849167566827,1.0740490542506755,0.026954872377815072,20.928765633496464,0.050743088754936605,5.677771931403491,14.738077217741935,2.9914222413479528,0.019969278033794162,0.6598802882853536,0.00033873614818890393,0.1738422234795878,1.2305951145902103,0.01674296589681601,-710.7028347222222,0.20080875826018346,6.740259740259741,3.0930346309268675,-0.014865571391167051,0.2591151272704247,0.4307800421644413,6.795252225519288,10.570934256055363,-0.2682506005667994,-0.12777515803425774,0.07951986434911565,Aerospace & Defense,Industrials,ERJ
2016Q3,2016,Q3,2016-09-30,2016-09-30,-33700000.0,1514300000.0,-28900000.0,-0.1848,284600000.0,0.18794162319223404,12201000000.0,3688500000.0,7022700000.0,3853300000.0,8417300000.0,2769400000.0,-56400000.0,10259670414.647501,13008970414.647501,20.224672894634033,1.8225157657073159,0.34462748955003686,1.1399755998373322,-0.0024284351724803027,20.224672894634033,-0.009136505354480141,6.775190130520703,-76.11031464872035,2.7815291892768066,-0.24925816023738873,0.4440311980934498,0.0008187397509385397,0.12411277764117695,0.9797316585783614,-0.0027620686828948447,223.52223125593684,0.18794162319223404,0.6605437178545188,-18.595702060409383,0.10167940199202306,0.17869763672904979,0.003172365174480085,0.6606243705941591,0.7731554160125589,-1.636086082090856,0.17373563950776907,0.11128600045649122,Aerospace & Defense,Industrials,ERJ
2016Q2,2016,Q2,2016-06-30,2016-06-30,-99300000.0,1366400000.0,-127400000.0,-0.5444,283700000.0,0.2076258782201405,11936900000.0,3725000000.0,6571200000.0,3600900000.0,8118100000.0,2642500000.0,-18100000.0,12794588321.508,15626788321.508,20.41520974230251,1.8248771140548197,0.33973644748636583,1.0886979865771813,-0.014144763109045425,20.41520974230251,-0.02665771812080537,9.363720961290984,-32.21195448516617,3.4347888111430867,-0.08459214501510574,0.40972563859981076,0.0006565275715733194,0.1144685806197589,0.9539281846205115,-0.00831874272214729,-21.306558403843464,0.2076258782201405,-1.9604798870853917,-2.021405906560388,-0.002730829617089662,0.17414388156465174,0.08572522005357826,-1.9557266602502406,-2.486581096849475,-17.673006713416473,-0.12535842886056595,0.13859593069916912,Aerospace & Defense,Industrials,ERJ
2016Q1,2016,Q1,2016-03-31,2016-03-31,103900000.0,1309000000.0,85700000.0,0.5668,261300000.0,0.19961802902979373,11801500000.0,3849200000.0,6549100000.0,3375500000.0,7855800000.0,2505300000.0,90800000.0,17090471468.4,19178371468.4,21.07995618838992,1.940186639016442,0.34294793034783716,1.051465239530292,0.01556709619470506,21.07995618838992,0.02699262184349995,13.056127936134454,41.12240488065447,4.440006096955212,0.0712223291626564,0.41819342992855146,0.0004329898103561671,0.11091810363089438,1.0918974966671604,0.008803965597593525,-49.20953489317593,0.19961802902979373,-0.0653034300791558,-0.020486018114495824,0.2285615893525794,0.23446870800597078,-0.2527881040892193,-0.06564748201438848,0.3124042879019908,2.4472115735669955,0.19984034119718588,0.17397948130530658,Aerospace & Defense,Industrials,ERJ
2015Q4,2015,Q4,2015-12-31,2015-12-31,111200000.0,2074400000.0,65300000.0,0.6064,349700000.0,0.168578866178172,11669500000.0,3741800000.0,6411600000.0,3080400000.0,7825800000.0,2233800000.0,0.0,21320433999.9,23070233999.9,20.497397973158037,2.081417997662641,0.33551566048245424,1.0463680581538297,0.014797499846294205,20.497397973158037,0.02971831738735368,10.277879868829542,47.93263039545864,5.697908493211823,0.06654676258992806,0.7720923986032769,0.00034708486703576057,0.17776254338232145,1.2343851447863914,0.009529114357941643,37.36493866088328,0.168578866178172,2.008649367930805,-0.12601003798726781,0.039926339981825903,0.22457130111399354,0.5569902048085486,2.0145985401459856,-0.22630331753554503,-0.10383029733892511,0.08390037854712967,0.14021219121471132,Aerospace & Defense,Industrials,ERJ
2015Q3,2015,Q3,2015-09-30,2015-09-30,-109600000.0,1284600000.0,84400000.0,-0.6012,224600000.0,0.174840417250506,11295900000.0,3662400000.0,6379000000.0,2792800000.0,7526200000.0,2668100000.0,-80500000.0,18649354800.0,20481954800.0,20.093819438729323,2.2840876539673447,0.3352632371037279,1.0340487112276102,-0.020239693029107858,20.093819438729323,-0.029925731760594147,14.517635684259691,-42.53958667883211,5.092113040629095,-0.08485401459854014,0.3972864585285409,0.0004986767692360059,0.11372267813985605,1.2372887424806647,-0.009702635469506634,-306.22914285714285,0.174840417250506,-1.851075877689694,-2.104509930804439,0.22305362300900566,0.45024504625502737,-0.2166027206138821,-1.8476411446249033,-0.17416829745596868,-2.6732344986122984,-0.08958369729849198,0.1404727644834874,Aerospace & Defense,Industrials,ERJ
2015Q2,2015,Q2,2015-06-30,2015-06-30,129300000.0,1513200000.0,102200000.0,0.7064,286700000.0,0.1894660322495374,11481900000.0,3801000000.0,6827800000.0,2822400000.0,7577100000.0,2523300000.0,40600000.0,17361795676.887997,18942495676.887997,20.859601055327882,2.4191468253968256,0.34206011200236897,1.0332807156011576,0.011375576338524096,20.859601055327882,0.03401736385161799,11.473563096013743,33.568823814555294,4.567691575082346,0.1136890951276102,0.4860698291919312,0.0008466866143096375,0.1317900347503462,1.4179776077097506,0.011261202414234579,105.60702966476883,0.1894660322495374,3.094899169632266,0.8262066072936598,0.1094000063755031,0.5568118640933906,0.14542548941270475,3.0956239870340356,0.28391959798994976,1.3698692387527849,-0.12304794283773669,0.21796859248002567,Aerospace & Defense,Industrials,ERJ
2015Q1,2015,Q1,2015-03-31,2015-03-31,-61700000.0,1055900000.0,79600000.0,-0.3372,250300000.0,0.2370489629699782,10165600000.0,3672200000.0,5567400000.0,2702900000.0,6393700000.0,2696100000.0,-76900000.0,17808538241.25,19530538241.25,20.058445992079747,2.0597876355026083,0.27414023766427953,0.7588911279342084,-0.012282183938307727,20.058445992079747,-0.01680191710691139,16.865743196562175,-72.1577724523906,4.849555645457764,-0.47811993517017826,0.2988019732205779,0.0016565087824933892,0.10386991422050838,0.9891227940360354,-0.006069489257889352,-30.646254072018586,0.2370489629699782,-1.6798387096774192,-2.727348619101059,0.05393364263880035,0.534751899313638,-0.2935365509455264,-1.675054704595186,-0.5944982170147733,-1.9745056387180484,-0.09681638202957268,0.17733367133381595,Aerospace & Defense,Industrials,ERJ
2014Q4,2014,Q4,2014-12-31,2014-12-31,91400000.0,2045500000.0,196300000.0,0.496,354300000.0,0.1732094842336837,10411000000.0,3764800000.0,5810700000.0,2552900000.0,6546200000.0,2312800000.0,0.0,17944490861.550003,19139590861.550003,20.525010222161647,2.27611735673156,0.2793295552780713,0.7724447513812155,0.01863631669942676,20.525010222161647,0.024277518062048448,8.772667250818872,49.08230541999453,4.766386225443583,0.1925601750547046,0.7312348668280871,0.0009808024165072217,0.19647488233599078,1.2661287163617847,0.008779175871674191,44.67137381516058,0.1732094842336837,9.493150684931507,-0.38419221834686235,0.2535699023317284,0.5881142173564539,0.4634448574969021,9.542056074766355,1.882525697503671,1.982072540675592,-0.003693270553100175,0.2348244187292908,Aerospace & Defense,Industrials,ERJ
2014Q3,2014,Q3,2014-09-30,2014-09-30,-10700000.0,1239700000.0,68100000.0,-0.0584,242100000.0,0.19528918286682262,10454000000.0,3724000000.0,5985200000.0,2951700000.0,6628300000.0,2683000000.0,171900000.0,17843136101.642,19441736101.642,20.314814158181704,2.0277128434461495,0.26541036923665584,0.7450590762620838,-0.0009163740030021447,20.314814158181704,-0.0028732545649838882,14.393108091991609,-416.89570330939245,4.791389930623523,-1.5981308411214954,0.3718225866567275,0.0009583517102930346,0.1185861871054142,0.9704577023410238,-0.001023531662521523,-108.53489112920924,0.19528918286682262,-1.0749486652977414,-1.1830247099324283,-0.01802524800734633,0.5824074359878696,-0.37149532710280375,-1.0746164574616457,-0.6354389721627409,-6.558171454263747,-0.10271300895948479,0.18395108606140467,Aerospace & Defense,Industrials,ERJ
2014Q2,2014,Q2,2014-06-30,2014-06-30,143400000.0,1761300000.0,186800000.0,0.7792,385200000.0,0.21870209504343383,10347900000.0,3770500000.0,5920700000.0,2800900000.0,6475700000.0,2357200000.0,204500000.0,14681991941.43675,16110791941.43675,20.583326168337816,2.1138562604877005,0.27173629432058677,0.7457631613844318,0.02207399944632069,20.583326168337816,0.03803209123458427,8.335883689000596,25.59622026052432,3.8939111368351016,0.2684797768479777,0.5837858476158154,0.0026222599871712276,0.170208448090917,1.119961440965404,0.013857884208390108,-643.947014975296,0.21870209504343383,0.29693741677762986,1.0133360934380025,0.19418773981787632,0.6505709991532064,0.4325027891409446,0.2965641952983725,1.0282301845819761,0.4692216171422912,0.28043317267431744,0.18381279388598118,Aerospace & Defense,Industrials,ERJ
2014Q1,2014,Q1,2014-03-31,2014-03-31,110600000.0,1242300000.0,92100000.0,0.6008,268900000.0,0.2164533526523384,10262300000.0,3639400000.0,5883300000.0,2998300000.0,6523700000.0,2542300000.0,80800000.0,14666913261.000002,16025713261.000002,19.887431693989072,1.96221192008805,0.25513773715443905,0.719431774468319,0.017471633509883688,19.887431693989072,0.030389624663406056,11.80625715286163,33.153058908227855,4.030036066659339,0.2359855334538879,0.38288164260708807,0.0017795155351058838,0.12105473431881741,1.0010005669879598,0.010777311129084123,-34.00629089033156,0.2164533526523384,-0.5838182321972846,5.689699244484654,0.06775040021900519,0.653195207146863,-0.5263343315131231,-0.5818525519848772,-0.8010369410239793,0.04039894349903547,0.16341177557583572,0.16463297596212106,Aerospace & Defense,Industrials,ERJ
2013Q4,2013,Q4,2013-12-31,2013-12-31,264500000.0,2304000000.0,462900000.0,1.4436,567700000.0,0.24639756944444444,10142500000.0,3533300000.0,5767800000.0,2892700000.0,6510300000.0,2216700000.0,0.0,13833902034.0,14744702034.0,19.387105624142663,1.9939157188785563,0.25580478185851613,0.7342993801828319,0.05266603250269394,19.387105624142663,0.07485919678487533,6.0042977578125,13.07552177126654,3.9152922293606536,0.044234404536862004,0.7832814544142194,0.0008457483630608744,0.22716292827212226,1.1117295260483286,0.026078383041656397,247.91939129032258,0.24639756944444444,4.005547850208044,1.3514416351009717,0.2578362599114445,0.587580884385914,1.2909604519774012,4.0,5.1068601583113455,1.082292016809008,0.15692937921904354,0.15823936238542183,Aerospace & Defense,Industrials,ERJ
2013Q3,2013,Q3,2013-09-30,2013-09-30,52900000.0,1288200000.0,75800000.0,0.2884,247800000.0,0.19236143455985094,10147200000.0,3314100000.0,5776500000.0,3106400000.0,6733100000.0,2780400000.0,10400000.0,13083815073.6,14041415073.6,18.199341021416803,1.859548029873809,0.2550358719646799,0.7808756525150116,0.008771292854297721,18.199341021416803,0.01596210132464319,10.156664394969726,61.83277444990548,3.9479240438128,0.24763705103969755,0.3741907639188606,0.0010012370188900528,0.12695127719962157,0.870782899819727,0.005213260801009145,934.5582195428572,0.19236143455985094,10.876712328767123,-0.089338076136203,-0.17217054532497952,0.5337658067473812,-0.311284046692607,10.981132075471699,-0.43976348854397634,-0.4664095144911175,0.22759245278010143,0.3135135528561652,Aerospace & Defense,Industrials,ERJ
2013Q2,2013,Q2,2013-06-30,2013-06-30,-5300000.0,1557000000.0,135300000.0,-0.0292,359800000.0,0.2310854206807964,9894900000.0,3260600000.0,5610200000.0,2878100000.0,6538100000.0,2522900000.0,-20900000.0,15018657805.25,15995157805.25,17.93016222161122,1.9492720892255306,0.2651770103790842,0.8047291909464516,-0.0007950128230493404,17.93016222161122,-0.0016254677053303074,9.645894544155427,-708.4272549646228,4.606102498083175,-6.0754716981132075,0.47453327519917554,0.002143999844562941,0.15735378831519267,0.9834960564261145,-0.0005356294656843425,65.75594485661121,0.2310854206807964,-1.1780487804878048,-1.039240213362596,-0.052581123027288554,0.516050893231298,0.49356579493565794,-1.1766666666666667,2.4166666666666665,-1.0750076951327259,0.14382348702209038,0.33817944061752747,Aerospace & Defense,Industrials,ERJ
2013Q1,2013,Q1,2013-03-31,2013-03-31,30000000.0,1085900000.0,39600000.0,0.164,240900000.0,0.221843632010314,10130500000.0,3263500000.0,5879700000.0,3159300000.0,6772100000.0,2510300000.0,11600000.0,12609795552.75,13787495552.75,17.95598349381018,1.8610768208147375,0.2825132027047036,0.876972575455799,0.006010069202364308,17.95598349381018,0.009192584648383637,11.61229906321945,105.08162960625,3.8638871005821964,0.48,0.33661315380631796,0.001141969347541054,0.10719115542174622,0.9871173994239231,0.0029613543260451113,-25.86094247897867,0.221843632010314,-0.7578406473332939,-0.6437353152401312,-0.17991808807332302,0.559269707412615,-0.4834905660377358,-0.7564935064935064,-0.8263157894736842,-0.1539993219837043,0.09177949735392774,0.3738840876332602,Aerospace & Defense,Industrials,ERJ
2012Q4,2012,Q4,2012-12-31,2012-12-31,123200000.0,1900200000.0,228000000.0,0.67724,466400000.0,0.24544784759499,9490400000.0,3258300000.0,5365900000.0,2792400000.0,6140100000.0,2111000000.0,0.0,10570510150.0,11236010150.0,17.9768275862069,1.9216086520555795,0.25991528281210485,0.7570512230304146,0.021805299801827393,17.9768275862069,0.037811128502593376,5.562840832543943,21.449898843344155,3.2441795261332596,0.18993506493506493,0.6792041686404547,0.0022137058351909345,0.20022338362977324,1.054397650766366,0.012981539239652702,36.88244993021633,0.24544784759499,0.8902534330691079,-0.37383072587204247,0.03468791868419728,0.4788702617785639,0.31380281690140843,0.8895705521472392,1.259663032705649,-0.15997889579800265,0.17849813285342428,0.3909496347921495,Aerospace & Defense,Industrials,ERJ
2012Q3,2012,Q3,2012-09-30,2012-09-30,65200000.0,1404500000.0,100900000.0,0.35828,355000000.0,0.25275898896404414,9479600000.0,3196500000.0,5676100000.0,3299500000.0,6193300000.0,2581600000.0,1893600000.0,9965653479.0,10932853479.0,17.618850764778834,1.7202909531747235,0.2679648930334613,0.7946816830908806,0.010733921892311985,17.618850764778834,0.020397309557328328,7.09551689498042,38.21186149923313,3.117676671046457,0.5030674846625767,0.4065308335915711,0.003291304485864113,0.1481602599265792,0.8401575996363085,0.006877927338706275,5536.474155,0.25275898896404414,0.20195920558239389,-0.6588009770811285,0.0028811872075524773,0.5972215323443594,-0.12410560078953861,0.2007366482504604,-0.488855116514691,0.1268684822088946,0.12410052529123922,0.3724073598043701,Aerospace & Defense,Industrials,ERJ
2012Q2,2012,Q2,2012-06-30,2012-06-30,54300000.0,1717300000.0,197400000.0,0.29808,405300000.0,0.23601001572235486,9568100000.0,3105900000.0,5810300000.0,3284800000.0,6375400000.0,2526600000.0,1812700000.0,9991932350.4,10935032350.4,17.12655086848635,1.7688443740867024,0.27472538957577786,0.8463247367912682,0.009164953184266007,17.12655086848635,0.017482855211049936,5.818396523845571,46.003371779005526,3.2170811521298175,0.06077348066298342,0.5192749149054064,0.00033026644739722377,0.1794818197970339,0.9118058938139308,0.0056751079106614685,165.1559066181818,0.23601001572235486,-0.13549883990719253,-0.17695582129390106,0.5787519205876562,0.6455058292411925,0.5111856823266219,-0.13258785942492013,1.3033838973162193,-0.22992542168054766,0.17611901673343036,0.3733731831218672,Aerospace & Defense,Industrials,ERJ
2012Q1,2012,Q1,2012-03-31,2012-03-31,62600000.0,1155900000.0,85700000.0,0.3448,268200000.0,0.2320269919543213,9465400000.0,3083900000.0,5712200000.0,3315800000.0,6290500000.0,2647500000.0,1798700000.0,10540064595.84,11551564595.84,17.03718026628363,1.7227215151697932,0.25863671899761237,0.7938324848406239,0.012599375315532232,17.03718026628363,0.02029897208080677,9.118491734440695,42.09290972779552,3.4177711974577645,0.0,0.3352974504249292,0.0,0.12211845246899233,0.843808432354183,0.006613560969425486,-45.216922333075935,0.2320269919543213,1.6795527233115468,1.4421265150047393,0.40058244766830753,0.6752526582356544,-0.41235758106923753,1.681917211328976,15.525423728813559,3.683568709998404,0.004412346990586562,0.4162605404714101,Aerospace & Defense,Industrials,ERJ
2011Q4,2011,Q4,2011-12-31,2011-12-31,-91800000.0,2025100000.0,-5900000.0,-0.5073925659803786,456400000.0,0.22537158658831663,8858300000.0,3007300000.0,5169400000.0,2841700000.0,5740500000.0,2283400000.0,0.0,8510774238.2,9281274238.2,16.62180461517203,1.819122356335996,0.23940259417721232,0.7051840521397932,-0.0007963935744929796,16.62180461517203,-0.030525720746184284,4.202643937682089,-23.177489755446622,2.8300383194892427,-0.3355119825708061,0.6870018393623544,0.0036189421946779426,0.22861045573078356,0.6583735088151459,-0.010363162232030976,205.0788973060241,0.22537158658831663,-50.16594631592817,-4.727666053148822,0.7528392547483491,0.30179101201292174,0.5765112262521589,-49.31578947368421,-1.0475040257648953,-1.822091511942824,0.11367139464341222,0.3611345490470362,Aerospace & Defense,Industrials,ERJ
2011Q3,2011,Q3,2011-09-30,2011-09-30,1900000.0,1363600000.0,124200000.0,0.01032,289500000.0,0.21230566148430624,9217300000.0,3104400000.0,5707900000.0,3232500000.0,6002700000.0,2867700000.0,96500000.0,8389265912.825,9231065912.825,17.158491087467183,1.7657849961330239,0.2469161251125601,0.7331207318644505,0.0007034877599571082,17.158491087467183,0.0006120345316325215,6.152292397202259,1103.8507780032896,2.7023791756297513,23.894736842105264,0.37455103392963,0.005411677311431413,0.14793920128454102,0.7701778808971385,0.00020613411736625692,290.28601774480967,0.21230566148430624,-0.9806160781367393,-0.9683894073091488,0.5567569161682532,0.7797862686529358,-0.05019685039370079,-0.9802904564315352,0.17613636363636365,-0.9670794962729458,-0.11802568639348278,0.44604724392862055,Aerospace & Defense,Industrials,ERJ
2011Q2,2011,Q2,2011-06-30,2011-06-30,96400000.0,1358600000.0,105600000.0,0.5324,304800000.0,0.22434859414102754,9252500000.0,3145800000.0,5593900000.0,2949000000.0,5995000000.0,2691700000.0,1865000000.0,8663493392.550001,9539793392.550001,17.38731518585049,1.8968802984062394,0.24071332072412863,0.7079916078580966,0.014796758595322958,17.38731518585049,0.030644033314260282,6.376780062233182,22.467565852048757,2.7539873458420754,0.0,0.3914997956681651,0.0,0.1468359902728992,0.8831468294337064,0.010418805728181572,-135.15590315990642,0.22434859414102754,-0.08206896551724134,-0.2925916929052349,0.35826955559699825,0.8066213320770866,0.18876755070202808,-0.08277830637488107,0.11983032873807,-0.28262333040235876,-0.16907896113503412,0.4701514906893024,Aerospace & Defense,Industrials,ERJ
2011Q1,2011,Q1,2011-03-31,2011-03-31,105100000.0,1055700000.0,94300000.0,0.58,256400000.0,0.24287202803826843,8760100000.0,3089500000.0,5276700000.0,2693900000.0,5562500000.0,2555900000.0,1814700000.0,9854250194.500002,10533350194.500002,17.07613652065773,1.958758677011025,0.22620746338512118,0.6413982845120569,0.01906180516146225,17.07613652065773,0.034018449587311865,9.334328118310127,23.440176485490014,3.1895938483573403,0.0,0.3127274150005869,0.0,0.12051232291868814,0.9071235012435502,0.011997579936302096,-126.6613135539846,0.24287202803826843,-0.16783108643933395,0.6063734404527003,0.3027435566167486,0.8266271276606223,-0.11677574922493972,-0.16653449643140364,-0.3536668951336532,0.25380522102743464,-0.19908991983521937,0.4828651633302356,Aerospace & Defense,Industrials,ERJ
2010Q4,2010,Q4,2010-12-31,2010-12-31,126100000.0,1977000000.0,145900000.0,0.6969738842061628,290300000.0,0.1468386444107233,8391000000.0,3028400000.0,4982800000.0,2388700000.0,5259500000.0,2193400000.0,0.0,8840502089.999998,9380102089.999998,16.73842752521763,2.085988194415372,0.23033011560004768,0.6381917844406287,0.028467718852673803,16.73842752521763,0.04163914938581429,4.471675311077389,17.526768616177634,2.9191989466384887,0.6669310071371927,0.7689887845354244,0.009513034343957722,0.23560958169467286,0.733997571901034,0.015028006197115957,19.996611829902733,0.1468386444107233,0.28120199302603444,8.147674351299635,0.5515931379690092,0.48798849624933044,0.25779896013864817,0.2802030456852792,1.3269537480063796,-0.3579400718533905,0.0784404468104374,0.37699283020176033,Aerospace & Defense,Industrials,ERJ
2010Q3,2010,Q3,2010-09-30,2010-09-30,98500000.0,1042600000.0,62700000.0,0.544,230800000.0,0.2213696527910992,8245900000.0,2506800000.0,5344100000.0,2778000000.0,5642000000.0,2578500000.0,0.0,8630281352.15,9515781352.15,13.855464971673346,1.9237221022318214,0.23404358529693545,0.7698659645763524,0.019180933081228275,13.855464971673346,0.03929312270623903,8.277653320688662,21.90426739124365,3.4427482655776283,0.4751269035532995,0.3148342059336824,0.005422766430244021,0.12643859372536653,0.8581713462922966,0.011945330406626323,-152.2095476569665,0.2213696527910992,0.40061791967044286,-0.11017630930726846,-0.024392534350938234,0.6556363563910879,-0.20331377286848465,0.4011379800853485,-0.5011933174224343,-0.4831137682710912,-0.2534755914788898,0.2560550792358955,Aerospace & Defense,Industrials,ERJ
2010Q2,2010,Q2,2010-06-30,2010-06-30,70300000.0,1354300000.0,125700000.0,0.3884,289700000.0,0.2139112456619656,8044100000.0,2424200000.0,5191900000.0,2699700000.0,5529200000.0,2240400000.0,0.0,6782882773.125001,7689182773.125001,13.398922205333701,1.9231396081046042,0.2513021966410164,0.8338833429585017,0.015977664721600417,13.398922205333701,0.028999257487006023,5.008404912593222,24.12120474084282,2.7979881087059653,0.0,0.4751830030351723,0.0,0.16835941870439203,0.9768863207023003,0.008739324473837969,30.859339277183807,0.2139112456619656,0.9897540983606558,-0.15743787121205424,0.6571311437659689,0.6657092740263209,0.3461895910780669,0.9915014164305949,1.1898954703832754,0.0680648473508047,0.2479626253396698,0.2873581355481921,Aerospace & Defense,Industrials,ERJ
2010Q1,2010,Q1,2010-03-31,2010-03-31,35300000.0,990100000.0,57400000.0,0.1952,215200000.0,0.21735178264821736,8294200000.0,2364600000.0,5457700000.0,2721600000.0,5839700000.0,2352800000.0,0.0,7646874732.000001,9545474732.0,13.069503938095895,2.005327748383304,0.36615948494128425,1.284360991288167,0.006137026518223291,13.069503938095895,0.014928529138120612,7.723335755984245,54.15633662889519,3.2338977975133223,0.0,0.3293522611356681,0.0,0.11937257360565215,1.008230452674897,0.004255986110776205,-128.08835396984927,0.21735178264821736,-0.7587666666666666,-0.6364579585889845,0.2891968602214642,0.6658368008108018,-0.3560742070616397,-0.7588797814207651,-0.1263318112633181,0.3777566572366251,0.20024930524441784,0.285114136958795,Aerospace & Defense,Industrials,ERJ
2009Q4,2009,Q4,2009-12-31,2009-12-31,146400000.0,1609500000.0,65700000.0,0.8091750725438718,334200000.0,0.2076421248835042,8451500000.0,2338300000.0,5639800000.0,2767700000.0,6022900000.0,2333900000.0,1060000000.0,6972438800.250001,7949438800.250001,12.924139836949012,2.037720851248329,0.3040170383955511,1.098832485138776,0.028115513088280912,12.924139836949012,0.06260958816234016,4.332052687325257,11.906487022284837,2.9818409957020062,0.0,0.5464244397789109,0.0,0.19043956694077974,1.0633739205838784,0.017322368810270366,18.22383376960272,0.2076421248835042,1.5381903153822831,0.7406217182784017,0.6650556008099112,0.7037185376416321,0.4300385109114249,1.5372616984402079,-0.033823529411764704,4.944774620707925,0.3931138119191486,0.012196296807706264,Aerospace & Defense,Industrials,ERJ
2009Q3,2009,Q3,2009-09-30,2009-09-30,57700000.0,1246000000.0,68000000.0,0.3188,233700000.0,0.18756019261637238,8575600000.0,2322700000.0,5636700000.0,3414800000.0,6175200000.0,2715500000.0,0.0,7383181248.55,9937781248.55,12.837916263645157,1.6506676818554527,0.37575213396147206,1.3873078744564515,0.015552219270893482,12.837916263645157,0.024841778964136564,5.925506620024077,31.989520141031196,3.178706354049167,0.00012131715771230503,0.37278585895783467,9.481007934587473e-07,0.14529595596809552,0.7551833196673304,0.006728392182471198,-491.2296239886893,0.18756019261637238,-0.14941302027748143,-0.4993797765504306,0.31248657363158433,0.7260555940504237,-0.3055844441407016,-0.17974525190492438,-0.6106766211310989,-0.04003621144099228,0.42249861949665857,0.331629160610802,Aerospace & Defense,Industrials,ERJ
2009Q2,2009,Q2,2009-06-30,2009-06-30,70344000.0,1456649000.0,174662000.0,0.3748,336542000.0,0.23103850000926784,8393641000.0,2256103000.0,5521471000.0,3574403000.0,6064352000.0,2867215000.0,0.0,5880496000.68,7532512000.68,12.470427614987598,1.5447253709220812,0.2788856468843497,1.0375705364515715,0.01989723021412489,12.470427614987598,0.031179427535001726,4.037002737570959,20.899067442425793,2.6064838354809154,9.951097463891732e-05,0.39066027486602856,1.1903757776878932e-06,0.17354197064182278,0.6562155974018599,0.00838063005077296,-144.2358597174393,0.23103850000926784,3.9099378881987583,-0.1316388907530799,0.5607623446772348,0.7639185280328472,0.605677616355352,4.007053392040354,5.410555677897673,-0.4837724410161099,0.4563651412844334,0.29573429299158194,Aerospace & Defense,Industrials,ERJ
2009Q1,2009,Q1,2009-03-31,2009-03-31,-23393000.0,1154071000.0,27246000.0,-0.1288,209595000.0,0.1816136095612835,8326970000.0,2183642000.0,5532496000.0,3426086000.0,6075018000.0,3056771000.0,0.0,5557063926.69,7035143926.69,12.029693534081456,1.6148152731717769,0.25023604024032753,0.954235172248931,-0.006701213528531537,12.029693534081456,-0.010712836627982059,4.815183750991056,-59.38810677008079,2.544860341892123,0.0,0.30897833040159045,0.0,0.1385943506461534,0.6183032183080052,-0.002809305185439602,-18.799269034810553,0.1816136095612835,-1.2086853332855698,-1.2233851144954768,0.8182192726686742,0.7402955544618749,-0.444546032755605,-1.209500183591406,-0.9007637758279702,-1.356370236807276,0.41945832472888983,0.2868112479783803,Aerospace & Defense,Industrials,ERJ
2008Q4,2008,Q4,2008-12-31,2008-12-31,111661000.0,1818312000.0,274557000.0,0.6171971837797876,377340000.0,0.2075221414146747,8643900000.0,2209300000.0,5916500000.0,3545300000.0,6364600000.0,2829000000.0,943000000.0,6815484206.650001,7773484206.650001,12.211727802228932,1.6688291540913323,0.27179860942398687,1.063413750961843,0.04045418382007816,12.211727802228932,0.05054134793826099,3.7482479391050605,15.259321084913266,3.084906625016974,0.4365803637796545,0.5093573700954401,0.007152683290269333,0.21035782459306562,0.747778749330099,0.01291789585719409,-15.897359585205194,0.2075221414146747,0.9360012038261847,0.6230242523203529,1.7635189547331973,0.864024200686099,0.12276504771171236,0.934796922650402,1.7307149108847868,7.10061750618863,0.4271203201260814,0.08558049802880234,Aerospace & Defense,Industrials,ERJ
2008Q3,2008,Q3,2008-09-30,2008-09-30,57712000.0,1546002000.0,100544000.0,0.3188,336081000.0,0.21738717026239293,8403013000.0,2146714000.0,5683693000.0,3595075000.0,6188734000.0,2916483000.0,0.0,9391945087.825,9915648087.825,11.865788728209877,1.580966461061313,0.18886332795153357,0.7392791960177275,0.02777681241549949,11.865788728209877,0.026883879268500603,6.074988963678573,40.684541723666655,4.375033231173319,0.7151892154144719,0.41485618122924084,0.004394723309605563,0.18398186460023327,0.6412085978734797,0.006868012699730442,74.88036840706872,0.21738717026239293,-0.5678826050069955,1.9425577363038133,2.4777611135819533,0.8623320113177426,-0.06139405245989544,-0.5705057601285982,-0.11159807022814427,-0.4786194056302129,0.4467332068739556,0.41788321473467166,Aerospace & Defense,Industrials,ERJ
2008Q2,2008,Q2,2008-06-30,2008-06-30,134372000.0,1634974000.0,113174000.0,0.7377624777293703,358064000.0,0.21900287099366716,8386669000.0,2139676000.0,5908139000.0,3609528000.0,6175536000.0,2828108000.0,0.0,7627700474.374999,8523754474.374999,11.826886750084638,1.6368176116101607,0.2549125284424603,0.9991545448937129,0.02461266218471605,11.826886750084638,0.06280016226755826,4.665334417779731,14.191387480976319,3.564885746428431,0.7996606435864615,0.4515068024276301,0.014087076486679222,0.1949491508488054,0.7320148229907069,0.01602209411150005,186.3414392528216,0.21900287099366716,0.5923645578012451,26.159403749326565,1.8410483814787504,0.8889906573291962,0.31632949411250033,0.5816658034747398,1.3226137459724587,0.6105580951490949,1.0006626101560048,0.4702790747328145,Aerospace & Defense,Industrials,ERJ
2008Q1,2008,Q1,2008-03-31,2008-03-31,84956000.0,1335913000.0,48727000.0,0.4633125461848266,272017000.0,0.20361879852954495,8147250000.0,2111582000.0,5703529000.0,3515836000.0,5963000000.0,2677997000.0,0.0,12602347716.8925,13437380716.8925,11.515636716630356,1.6222397745514865,0.2581884685016417,0.996184850979029,0.015314129571101549,11.515636716630356,0.04023334163674439,9.43350930554048,37.08492548169787,5.968201905913433,0.5323226140590424,0.39727303652692664,0.0035885377086826947,0.16397103317070177,0.7579329638811366,0.010427567584154163,36.10387877342018,0.20361879852954495,-0.5731914396596524,0.8789288651749233,1.656728862911136,0.8081271303827869,-0.3371291688801595,-0.57707663357859,-0.49910052529322874,-0.13671821351462843,0.7163147724305585,0.4677811428951393,Aerospace & Defense,Industrials,ERJ
2007Q4,2007,Q4,2007-12-31,2007-12-31,200878000.0,1875009000.0,97279000.0,1.0855277734246236,410362000.0,0.21885868281165582,8065854000.0,2249440000.0,5649741000.0,3339392000.0,5747705000.0,2481065000.0,797267000.0,14909782426.557003,15857535426.557003,12.155784081145198,1.6918471985319483,0.2795883734072052,1.0025246283519453,0.02390079136031288,12.155784081145198,0.08930133722170851,7.9518457919706,18.555768210751054,6.628219657584555,0.3560369975806211,0.5903299591103014,0.0047968506819127035,0.23246255139257418,0.8577815961708,0.024904740403186073,54.428176124106095,0.21885868281165582,0.03314720988352871,0.9953999914239501,0.806291148966485,0.5865919650647714,0.3204387712089376,0.03061926017136114,-0.5775143971440235,1.3350857958057667,0.8964799735431438,0.602430408514144,Aerospace & Defense,Industrials,ERJ
2007Q3,2007,Q3,2007-09-30,2007-09-30,194910000.0,1428455000.0,230254000.0,1.0507,310777000.0,0.21756163127294875,8177921000.0,2041286000.0,5835460000.0,3743749000.0,6074803000.0,2681335000.0,0.0,15260149292.559998,16161819292.559998,11.030937417252542,1.5587209505765478,0.25736321003834595,1.0310637509883476,0.04842411957264641,11.030937417252542,0.0954839253294247,10.68297516726813,19.5733278084244,7.475752683631788,0.16719511569442308,0.41683638933590916,0.002135496801193688,0.1746721446685533,0.4107043501046678,0.02383368584753998,50.27343504070263,0.21756163127294875,1.0847222222222221,2.691360311466128,0.8918146287973533,0.0,0.28729837874557823,1.895233285304734,6.381355388856831,0.6533844280551484,0.47112825095962874,0.4831076045095438,Aerospace & Defense,Industrials,ERJ
2007Q2,2007,Q2,2007-06-30,2007-06-30,67321000.0,1109957000.0,31194000.0,0.504,241418000.0,0.21750211945147424,8102921000.0,1926025000.0,5511740000.0,3409075000.0,6118112000.0,2620877000.0,0.0,17196714669.396,18700221669.396,10.408076692371292,1.616784611661521,0.2936513881845818,1.235411793720227,0.007177560407538247,10.408076692371292,0.0349533365350917,15.493135922739349,63.860885419839285,8.928604078034294,0.3815599887108035,0.3313925071645865,0.0014937155435691253,0.13698233019919606,0.3574758548873228,0.008308238473508504,-26.53740277183041,0.21750211945147424,2.569405099150142,0.7525756110551493,0.8073772836400187,0.0,0.11592970259501335,1.5699942737163581,5.806458651538294,-0.18752500493521973,0.1627173656853413,0.4722028695147367,Aerospace & Defense,Industrials,ERJ
2007Q1,2007,Q1,2007-03-31,2007-03-31,26195000.0,843381000.0,4583000.0,0.1412,216338000.0,0.25651277417916696,7126349000.0,1881188000.0,4683286000.0,3049470000.0,5185636000.0,2317357000.0,0.0,17432540124.225,18350762124.225,10.169916867481279,1.5357704781486619,0.2578240274227378,0.9766934511595864,0.0015527495107960855,10.169916867481279,0.013924711405771248,20.669827900112757,166.37278225066808,9.266771914463094,1.2857415537316281,0.27058541260582636,0.0019320190723781463,0.11834685615312975,0.39423899890800695,0.003675795277497636,-201.8285821289639,0.25651277417916696,0.03735545610056887,-0.6586425090863851,0.3350003584179667,0.0,0.16869337856745412,0.042089350360027054,-0.820344962759702,-0.7545297920250013,0.30391601725767126,0.47124788038716325,Aerospace & Defense,Industrials,ERJ
