Quarters,Year,Quarter,FillingDate,Date,NetIncome,Revenue,OperatingIncome,EPSDiluted,GrossProfit,GrossProfitRatio,TotalAssets,CommonStockEquity,CurrentAssets,CurrentLiability,TotalLiability,Inventory,RetainedEarnings,MarketCap,EnterpriseValue,bookValuePerShare,currentRatio,debtToAssets,debtToEquity,roic,shareholdersEquityPerShare,roe,priceToSalesRatio,peRatio,pbRatio,payoutRatio,inventoryTurnover,dividendYield,assetTurnover,quickRatio,returnOnAssets,priceToFreeCashFlowsRatio,grossProfitMargin,epsdilutedGrowth,fiveYNetIncomeGrowthPerShare,fiveYRevenueGrowthPerShare,fiveYShareholdersEquityGrowthPerShare,grossProfitGrowth,netIncomeGrowth,operatingIncomeGrowth,threeYNetIncomeGrowthPerShare,threeYRevenueGrowthPerShare,threeYShareholdersEquityGrowthPerShare,Industry,Sector,Symbol
2023Q1,2023,Q1,2023-03-31,2023-03-31,1029000000.0,8744000000.0,5302000000.0,0.32,8743997271.0,0.9999996879,1053134000000.0,56754000000.0,176698000000.0,73243000000.0,996028000000.0,0.0,51140000000.0,65573537382.1,117261537382.1,18.469803648729336,2.412489930778368,0.1886255690159087,3.500158579130986,0.014202623437972364,18.469803648729336,0.01813088064277408,7.4992609082914,15.931374485447037,1.1553993970839058,0.0,0.0,0.0,0.008302837055873232,2.412489930778368,0.0009770836379795922,-2.5734287265845137,0.9999996879002745,-0.36,-0.2140875080190132,0.31279296247297933,0.28154357726931295,0.10992607804331507,-0.37749546279491836,0.08514121981170691,-0.24588244526165326,0.24981981550898327,0.14481389820461785,Banks—Diversified,Financial Services,UBS
2022Q4,2022,Q4,2022-12-31,2022-12-31,1653000000.0,7878000000.0,4886000000.0,0.5,7877999665.0,0.9999999575,1104364000000.0,56876000000.0,189260000000.0,74761000000.0,1047146000000.0,0.0,50004000000.0,58655339044.3,79106339044.3,18.1036362128605,2.531533821109937,0.1750111376321575,3.398199592095084,0.016488926116859447,18.1036362128605,0.029063225261973417,7.4454606555344,8.871043412628556,1.0312845320398765,0.0,0.0,0.0,0.007133517572104849,2.6550474177712977,0.0014967891021438584,-71.96974115865031,0.9999999574765169,-0.03846153846153849,1.8156403577941984,0.2728723277278222,0.2806336633342555,-0.00880728925515853,-0.04616272360069244,0.20019651191353477,1.6419168341901083,0.2831312603096214,0.20185260432079408,Banks—Diversified,Financial Services,UBS
2022Q3,2022,Q3,2022-09-30,2022-09-30,1733000000.0,7948000000.0,4071000000.0,0.52,7948000000.0,1.0,1111753000000.0,55756000000.0,198284000000.0,74084000000.0,1055667000000.0,0.0,48813000000.0,46681752809.11,61914752809.11,17.33053091018722,2.6764753523027913,0.16574544885419693,3.3048999210847265,0.012562985754855819,17.33053091018722,0.031081856661166512,5.8733961762846,6.734240162883728,0.8372507498584906,0.0,0.0,0.0,0.007149069982271242,2.6764753523027913,0.0015587994815395147,-13.076121235044818,1.0,-0.14754098360655732,1.063046023092399,0.25712758148136555,0.17380551276522238,-0.10846887268648346,-0.17789373814041745,0.10775510204081633,0.862847691201064,0.2521903872563238,0.12001502632245387,Banks—Diversified,Financial Services,UBS
2022Q2,2022,Q2,2022-06-30,2022-06-30,2108000000.0,8915000000.0,3675000000.0,0.61,8915000000.0,1.0,1113193000000.0,56845000000.0,218918000000.0,82518000000.0,1056009000000.0,0.0,46598000000.0,53600583760.979996,60044583760.97998,17.201788400506448,2.6529726847475703,0.17916749386674188,3.508628727240742,0.011468297200642378,17.201788400506448,0.03708329668396517,6.012404235667975,6.356805474499525,0.9429252134924795,0.0,0.0,0.0,0.008008494483885544,2.6529726847475703,0.0018936518645014835,-5.649302672953204,1.0,0.0,0.9289519043596666,0.30890215313926705,0.1801879123891482,-0.04977616712854402,-0.016791044776119403,0.049100770767913214,0.693118129690949,0.33252583687196047,0.19508783775534935,Banks—Diversified,Financial Services,UBS
2022Q1,2022,Q1,2022-03-31,2022-03-31,2144000000.0,9382000000.0,3503000000.0,0.61,9382000000.0,1.0,1139922000000.0,58855000000.0,243694000000.0,86376000000.0,1080711000000.0,0.0,46451000000.0,66050167790.979996,65158167790.97998,17.41141224106097,2.821316106325831,0.1830414712585598,3.5452043156911053,0.010157908246958548,17.41141224106097,0.036428510746750485,7.040094627049669,7.701745311448228,1.1222524473873077,0.0,0.0,0.0,0.008230387693193043,2.821316106325831,0.0018808304427846818,2.457497778434349,1.0,0.6052631578947368,0.8582536331708197,0.3718547151379386,0.20538023365537814,0.07777139574956922,0.5776306107431936,0.4090909090909091,1.0536837453401797,0.4200136292409581,0.19858951533096095,Banks—Diversified,Financial Services,UBS
2021Q4,2021,Q4,2021-12-31,2021-12-31,1359000000.0,8705000000.0,2486000000.0,0.38,8705000000.0,1.0,1116842000000.0,60662000000.0,229967000000.0,88237000000.0,1056180000000.0,0.0,43851000000.0,61247312712.39001,85089312712.39001,17.69922453725397,2.6062422793159334,0.1957662766980468,3.6042332926708647,0.00690802738793748,17.69922453725397,0.02240282219511391,7.035877393726595,11.266981735171083,1.0096487539545351,0.0,0.0,0.0,0.007794298566851892,2.6062422793159334,0.0012168238658646433,6.349503702300436,1.0,-0.3968253968253968,1.3438169098335075,0.358234609297066,0.240918210213095,-0.03438713255684969,-0.4039473684210526,0.0,2.73515280732165,0.33453000954181694,0.2415875913818774,Banks—Diversified,Financial Services,UBS
2021Q3,2021,Q3,2021-09-30,2021-09-30,2280000000.0,9015000000.0,0.0,0.63,9015000000.0,1.0,1088773000000.0,60219000000.0,0.0,0.0,1028221000000.0,0.0,42330000000.0,55209340947.7,89792340947.7,17.386385048669716,0.0,0.19388798215973393,3.5055381191982597,0.0,17.386385048669716,0.037861804413889304,6.124164275951192,6.05365580566886,0.9168093284129594,0.0,0.0,0.0,0.008279962857271441,0.0,0.0020941004231368704,2.4035411818763603,1.0,0.14545454545454536,1.8488989770926634,0.3348962925250911,0.16890406612091155,0.01760921097189299,0.1365902293120638,0.0,0.9335413824165657,0.3186351872205187,0.2446933524057694,Banks—Diversified,Financial Services,UBS
2021Q2,2021,Q2,2021-06-30,2021-06-30,2006000000.0,8859000000.0,0.0,0.55,8859000000.0,1.0,1086519000000.0,58765000000.0,0.0,0.0,1027470000000.0,0.0,40143000000.0,53728016140.24,111317016140.23999,16.77811995974384,0.0,0.20328314553173943,3.75854675402025,0.0,16.77811995974384,0.03413596528545903,6.064794687915114,6.695914274705882,0.9142859889430784,0.0,0.0,0.0,0.008153561971764875,0.0,0.0018462631578462963,-18.13910065504389,1.0,0.12244897959183684,1.0181136855172022,0.2591231014400979,0.15609995467695784,0.021092669432918397,0.09978070175438597,0.0,0.668993402548555,0.24920424301804897,0.23642015747949918,Banks—Diversified,Financial Services,UBS
2021Q1,2021,Q1,2021-03-31,2021-03-31,1824000000.0,8676000000.0,0.0,0.49,8676000000.0,1.0,1107712000000.0,58026000000.0,0.0,0.0,1049379000000.0,0.0,40482000000.0,54951701238.64,110878701238.64,16.398833151435703,0.0,0.1956934654495031,3.7357736187226416,0.0,16.398833151435703,0.03143418467583497,6.333759939907791,7.531757296962719,0.9470185992251748,0.0,0.0,0.0,0.007832360758030968,0.0,0.0016466373931130114,-785.0243034091428,1.0,0.06521739130434775,1.6289413975390907,0.27570248591109897,0.07962994497442483,0.06024685323231089,0.11491442542787286,0.0,0.20978490682319959,0.13117590362508588,0.13784746712125082,Banks—Diversified,Financial Services,UBS
2020Q4,2020,Q4,2020-12-31,2020-12-31,1636000000.0,8183000000.0,0.0,0.46,8183000000.0,1.0,1125765000000.0,59445000000.0,0.0,0.0,1066001000000.0,0.0,38776000000.0,50429816463.420006,96630816463.42001,16.655976739659078,0.0,0.1833988443414034,3.4731937084700144,0.0,16.655976739659078,0.027521238119269913,6.162754058831725,7.706267796977385,0.8483441242059048,0.7940097799511002,0.0,0.025758570843545475,0.007268834969998179,0.0,0.0014532340230865234,17.240962893476926,1.0,-0.1785714285714286,0.7915670696071463,0.272878830447447,0.11687379633874907,0.012998266897746967,-0.218720152817574,0.0,1.7106031986423167,0.16385647082298432,0.17822763657652138,Banks—Diversified,Financial Services,UBS
2020Q3,2020,Q3,2020-09-30,2020-09-30,2094000000.0,8078000000.0,0.0,0.56,8078000000.0,1.0,1065153000000.0,59451000000.0,0.0,0.0,1005409000000.0,0.0,37936000000.0,39998847154.8,85946847154.8,16.57244388655967,0.0,0.1848166413651372,3.31126473902878,0.0,16.57244388655967,0.035222283897663624,4.951578008764546,4.775411551432665,0.6728036055709744,0.0,0.0,0.0,0.007583887009659646,0.0,0.001965914755908306,-5.14719433210655,1.0,0.696969696969697,0.01629462608336161,0.1397519016159289,0.1039515563406652,0.054844606946983544,0.6982968369829684,0.0,1.2356003366406634,0.14586243100515764,0.12245990009465338,Banks—Diversified,Financial Services,UBS
2020Q2,2020,Q2,2020-07-21,2020-06-30,1233000000.0,7658000000.0,0.0,0.33,7658000000.0,1.0,1063838000000.0,57035000000.0,0.0,0.0,1006630000000.0,0.0,35991000000.0,41365384053.1,82509384053.1,15.911465953153032,0.0,0.1807700044555656,3.3717892522135533,0.0,15.911465953153032,0.02161830454983782,5.401591022864977,8.387141941017843,0.7252631551345664,0.0,0.0,0.0,0.007198464427854617,0.0,0.0011590110524346752,9.208678551447017,1.0,-0.23255813953488366,-0.03668047603352268,-0.07197913605938647,0.07382925400806882,-0.06358522866226461,-0.22695924764890282,0.0,0.04016272634856262,0.03654608178234468,0.0916608988022324,Banks—Diversified,Financial Services,UBS
2020Q1,2020,Q1,2020-04-09,2020-03-31,1595000000.0,8178000000.0,0.0,0.43,8178000000.0,1.0,1098099000000.0,57949000000.0,0.0,0.0,1039981000000.0,0.0,36796000000.0,33260559252.26,66693559252.259995,16.13345512112934,0.0,0.159236098020306,3.0174291187078293,0.0,16.13345512112934,0.027524202315829437,4.06707743363414,5.2132538012946705,0.5739626094024056,0.0,0.0,0.0,0.007447415943371226,0.0,0.0014525102017213384,0.9380269403875007,1.0,1.263157894736842,-0.20835139720132398,-0.035036120642133545,0.0860080239963608,0.15590106007067137,1.2122052704576975,0.0,0.3009832412306189,0.12535774218946188,0.11690813096218076,Banks—Diversified,Financial Services,UBS
2019Q4,2019,Q4,2020-01-10,2019-12-31,721000000.0,7075000000.0,0.0,0.19,7075000000.0,1.0,972183000000.0,54533000000.0,0.0,0.0,917476000000.0,0.0,34154000000.0,45543397549.76,119867397549.76001,15.063108527431659,0.0,0.18851594812910738,3.360754038838868,0.0,15.063108527431659,0.013221352208754332,6.437229335655124,15.791746723217752,0.8351529816764162,0.0,0.0,0.0,0.007277436449721914,0.0,0.000741629919469894,2.0632145306586938,1.0,-0.3214285714285715,-0.20130818117735572,0.030319105905241586,0.06236607377757201,-0.01242322724734785,-0.31333333333333335,0.0,0.17721880836029336,0.04508150564922083,0.05609630720048355,Banks—Diversified,Financial Services,UBS
2019Q3,2019,Q3,2019-09-30,2019-09-30,1050000000.0,7164000000.0,0.0,0.28,7164000000.0,1.0,973118000000.0,56187000000.0,0.0,0.0,916768000000.0,0.0,35611000000.0,41068650403.17,137496650403.16998,15.473480714889746,0.0,0.19477596755994647,3.3733781835655936,0.0,15.473480714889746,0.01868759677505473,5.732642434836683,9.778250095992858,0.7309279798382189,0.0,0.0,0.0,0.007361902667507948,0.0,0.0010790058348525051,-8.520466888624481,1.0,-0.24324324324324317,0.35459801682376396,0.026315696757073168,0.08678368419331207,-0.04224598930481283,-0.24568965517241378,0.0,0.2514339155212049,0.01184453967127474,0.040297593435734046,Banks—Diversified,Financial Services,UBS
2019Q2,2019,Q2,2019-06-30,2019-06-30,1392000000.0,7480000000.0,0.0,0.37,7480000000.0,1.0,968728000000.0,53180000000.0,0.0,0.0,915378000000.0,0.0,32548000000.0,43966462080.1,135110462080.1,14.39374400530707,0.0,0.20076843035403127,3.6572019556224142,0.0,14.39374400530707,0.026175253854832645,5.877869262045454,7.8962755172593395,0.8267480646878526,0.0,0.0,0.0,0.0077214656745753195,0.0,0.0014369358581562627,-15.924107960919956,1.0,0.23333333333333336,0.39525485687935047,-0.03913800286335105,-0.028227674832031188,0.03586760836449245,0.21998247151621383,0.0,0.3275620248715549,0.007826967462713864,-0.00819598190420271,Banks—Diversified,Financial Services,UBS
2019Q1,2019,Q1,2019-03-31,2019-03-31,1141000000.0,7221000000.0,0.0,0.3,7221000000.0,1.0,956579000000.0,53667000000.0,0.0,0.0,902739000000.0,0.0,31085000000.0,45810547277.6,134073547277.6,14.526584805185148,0.0,0.20999206547498953,3.742970540555649,0.0,14.526584805185148,0.021260737510947137,6.34407246608503,10.037367939877301,0.85360738028211,0.0,0.0,0.0,0.007548775375583198,0.0,0.0011927922314832334,12.626942469018744,1.0,0.6666666666666666,-0.021261493426500647,-0.08856849735409039,-0.010241874847613767,0.021905628979727677,1.894865823714227,0.0,0.5750980983634968,0.016934766351401915,-0.04363098221318899,Banks—Diversified,Financial Services,UBS
2018Q4,2018,Q4,2019-03-21,2018-12-31,394146074.285423,7066210220.61446,0.0,0.18,7066210220.61446,1.0,958489000000.0,52928000000.0,0.0,0.0,905385000000.0,0.0,30448000000.0,45965210452.100006,126984210452.1,14.25531687019751,0.0,0.2000555040276936,3.6228650241837967,0.0,14.25531687019751,0.0074468348376175745,6.504931075784352,29.154933570906284,0.8684479000170042,0.12799019636357878,0.0,0.0010975003257364666,0.007372239243866607,0.0,0.00041121606433190466,2.1996099442212413,1.0,-0.4479899166158102,-0.6128827772008545,0.01989764206383956,-0.006927913671947156,-0.040085077519379786,-0.6895704253611559,0.0,-0.5850998472731158,0.05656856067551719,-0.04410349992148266,Banks—Diversified,Financial Services,UBS
2018Q3,2018,Q3,2018-09-30,2018-09-30,1269679523.105926,7361288021.602894,0.0,0.326081,7361288021.602894,1.0,950192082335.5581,52093544606.91904,0.0,0.0,898059815560.1976,0.0,37190604779.13079,58066493169.87,163624143345.64825,13.96840837549662,0.0,0.21267792778542174,3.8792691991706114,0.0,13.96840837549662,0.02437306834630884,7.888088742006081,11.433297165379596,1.114658132941824,0.032163413446326845,0.0,0.0007032838598763692,0.007747157820457687,0.0,0.001336234585311501,-6.300906741517092,1.0,-0.014137266936149539,1.0132370284935508,0.075173789529326,0.005436595804774638,-0.030566173174046574,-0.013417478973509991,0.0,-0.4072484634259515,-0.0009300228246023316,-0.06951284485943983,Banks—Diversified,Financial Services,UBS
2018Q2,2018,Q2,2018-06-30,2018-06-30,1286947108.879334,7593388860.490523,0.0,0.330757,7593388860.490523,1.0,946649828106.3635,50890539335.077324,0.0,0.0,895699151055.9181,0.0,35665674394.36309,57528784055.86,153986672620.67343,13.569917845683484,0.0,0.21203898009702674,3.9442825067948166,0.0,13.569917845683484,0.025288533501398362,7.576167257176885,11.17543674851481,1.1304416264303008,0.0,0.0,0.0,0.008021328093071123,0.0,0.0013594753526271547,4.608391977011626,1.0,-0.19129131478701397,0.3648856696665138,-0.02152676267192616,0.025033999067613163,-0.06049670665507417,-0.18997934974060887,0.0,-0.03896456472467331,-0.12047247379903873,-0.08419659130819941,Banks—Diversified,Financial Services,UBS
2018Q1,2018,Q1,2018-03-31,2018-03-31,1588783086.538865,8082344058.056127,0.0,0.408994,8082344058.056127,1.0,964135450312.5131,53738621586.475945,0.0,0.0,910331809220.1854,0.0,35453458618.23063,65848869231.72,170213565737.44592,14.412154199301142,0.0,0.21124563691520526,3.7900005854458167,0.0,14.412154199301142,0.029565013757976703,8.147248961281813,10.361526030461867,1.2253546385769554,0.0,0.0,0.0,0.008382996450795717,0.0,0.0016478836931303376,21.51845364790916,1.0,1.6639944152217676,0.5388504777119654,0.004596763811459248,0.08861568483670264,0.10311482745017411,1.6622240978890215,0.0,-0.24037839499183186,-0.08132431225102282,-0.02985969304148239,Banks—Diversified,Financial Services,UBS
2017Q4,2017,Q4,2017-12-31,2017-12-31,-2399162295.065138,7326838382.490324,0.0,-0.61596,7326838382.490324,1.0,939997330842.1193,52576250654.45698,0.0,0.0,887362564034.1241,0.0,33623176503.197857,68395958663.130005,161333982870.3388,14.136467540393953,0.0,0.21119717094672374,3.7759401726090522,0.0,14.136467540393953,-0.04563205373530676,9.334989403694593,-7.127066685298278,1.3008907598345825,-0.0005284517503016934,0.0,1.853678987569263e-05,0.007794531050345004,0.0,-0.0025523075612521053,-4.834656168181481,1.0,-3.401328613532521,-0.3636633612347437,0.015618202043494359,0.05395093478362702,0.0029433276301326626,-3.471771192007755,0.0,-3.5870193171705127,0.03862313924383234,-0.0029877637392896174,Banks—Diversified,Financial Services,UBS
2017Q3,2017,Q3,2017-09-30,2017-09-30,970624749.905092,7305336384.063696,0.0,0.256508,7305336384.063696,1.0,937380339205.6472,54885443706.8426,0.0,0.0,881732554918.2767,0.0,36020848937.54553,63753727446.49999,144389455876.77606,14.764397271708479,0.0,0.20742579621912896,3.5425943581403168,0.0,14.764397271708479,0.01768455685790664,8.72700777825594,16.4207968766338,1.1615780640678648,0.046997994024619176,0.0,0.0007155254762863491,0.007793353539134785,0.0,0.0010354652314636945,-4.184346794117129,1.0,-0.2093189566418218,1.4239350599266147,0.07998064818304805,-0.007258809028336735,-0.04595322010116897,-0.20996602021566577,0.0,0.2231475982117104,0.022284984197948696,0.03698103597341492,Banks—Diversified,Financial Services,UBS
2017Q2,2017,Q2,2017-06-30,2017-06-30,1228586079.512752,7657209832.874619,0.0,0.324414,7657209832.874619,1.0,932250907835.1141,54149879129.734085,0.0,0.0,877375807109.8926,0.0,35658298188.515755,63083058097.5,125637345067.5807,14.575465669431829,0.0,0.19702053475911818,3.3919294990723565,0.0,14.575465669431829,0.022688620902906628,8.238387020121372,12.836515721087746,1.1649713556398438,0.0,0.0,0.0,0.008213679137793813,0.0,0.0013178706174347327,-4.074845238498274,1.0,-0.016405669673311602,1.781305850980038,0.14326552035237128,-0.047810962363714495,0.019327854455301018,-0.030570007780052155,0.0,0.22467091500965972,-0.021795912106850314,-0.01595900560915225,Banks—Diversified,Financial Services,UBS
2017Q1,2017,Q1,2017-03-31,2017-03-31,1267328315.992524,7512018630.126033,0.0,0.329825,7512018630.126033,1.0,909126163133.5392,53632574735.39024,0.0,0.0,854814948077.5189,0.0,32846591306.6075,59221499721.45,105785820631.36774,14.44474677360517,0.0,0.187942498306963,3.185814651236466,0.0,14.44474677360517,0.023629824267158643,7.883566673270671,11.682351560785168,1.10420765763408,0.0,0.0,0.0,0.008262900062444482,0.0,0.0013940070887679089,-6.553797933447889,1.0,0.7685934902675746,0.3989753188362276,0.056993310691096824,-0.08011986414121479,0.08867636141465224,1.0301563441816095,0.0,0.08167115942011315,-0.056572724797156866,-0.015817848676909795,Banks—Diversified,Financial Services,UBS
2016Q4,2016,Q4,2016-12-31,2016-12-31,624251585.167154,6900139376.926248,0.0,0.18649,6900139376.926248,1.0,917744056850.0814,52630494101.01883,0.0,0.0,864444160892.0123,0.0,31138964684.635166,57822300000.0,93291764674.81989,14.263006531441418,0.0,0.1692730391779392,2.9516980287573897,0.0,14.263006531441418,0.01186102459857145,8.37987420853485,23.156649247641518,1.0986463453870683,0.2704994815102359,0.0,0.0029203219193919645,0.007518587917212112,0.0,0.0006802022639184782,2.9350493760223086,1.0,-0.18090101327758185,5.118245297797071,12.830111998662558,-0.059082766068051275,-0.045732549429469804,-0.2714953844017902,0.0,-0.3830823664449535,0.002097870779143979,-0.0063922266714982875,Banks—Diversified,Financial Services,UBS
2016Q3,2016,Q3,2016-09-30,2016-09-30,856894481.930703,7230823363.82829,0.0,0.227677,7230823363.82829,1.0,967841619406.3833,55159995032.49576,0.0,0.0,911964440948.7933,0.0,32400546425.46674,50509247904.54,101944649651.44565,14.874090656872834,0.0,0.1718680162445493,3.015609756097561,0.0,14.874090656872834,0.015534709193245773,6.9852692235865055,14.73613407765668,0.9156862301163022,0.05242077446558187,0.0,0.0008893237227167952,0.0074710812377166095,0.0,0.0008853664326362317,18.889640950688314,1.0,-0.17385309283026532,-0.2345309425027192,-0.20429570062859165,-0.030994079052904057,-0.03208330837411507,-0.18808833478032094,0.0,0.36637948151400024,0.06207650675900628,0.0706269944091702,Banks—Diversified,Financial Services,UBS
2016Q2,2016,Q2,2016-06-30,2016-06-30,1055403584.697669,7470501776.017638,0.0,0.275589,7470501776.017638,1.0,1009877311885.0283,53970522190.01347,0.0,0.0,955206589637.8557,0.0,31351814804.22978,48196301287.68,104467480808.35938,14.512689747861854,0.0,0.1653128117429101,3.0932748316816703,0.0,14.512689747861854,0.019555185717527807,6.451548066343196,11.416557131906634,0.8930115798768034,0.0,0.0,0.0,0.007397435003340419,0.0,0.001045080993777018,-2.062375931458387,1.0,0.47757016861914586,-0.29721650963820345,-0.11146615577772798,-0.02821727451853116,0.0388410877494729,0.4386134710228523,0.0,0.1287695010713313,-0.029234775891380828,0.09624837664071491,Banks—Diversified,Financial Services,UBS
2016Q1,2016,Q1,2016-03-31,2016-03-31,733625540.116261,7191188203.964479,0.0,0.186515,7191188203.964479,1.0,1001868258261.0588,56830074502.36771,0.0,0.0,943026930688.9656,0.0,31128311935.921745,59938064083.799995,98822290098.49323,15.189309288586074,0.0,0.16342994374648995,2.8811377518461114,0.0,15.189309288586074,0.012909107484729692,8.33493191719782,20.425292198217818,1.0546891695752185,0.0,0.0,0.0,0.007177778260433376,0.0,0.0007322574940038661,-3.5461272379446336,1.0,-0.2625650393003432,-0.6218778882565148,-0.19703185068243745,0.13350549708495976,0.06392127949807665,-0.23588532257901298,0.0,-0.29185257475260096,-0.1092157735573653,0.14731775033273165,Banks—Diversified,Financial Services,UBS
2015Q4,2015,Q4,2015-12-31,2015-12-31,960098741.451176,6759135607.624135,0.0,0.252924,6759135607.624135,1.0,953845453441.7871,55959896402.41188,0.0,0.0,895867225122.4152,0.0,29849055076.686497,72684284341.63,124097622531.1003,14.913033857772863,0.0,0.1647124209418775,2.8075497622620365,0.0,14.913033857772863,0.01715690705620741,10.753488102775147,18.926252374773636,1.2988638116652642,0.05116926606930281,0.0,0.0006759033042577561,0.007086195759737552,0.0,0.001006555871275399,18.476960782046003,1.0,-0.5450409855970298,-0.5260945003665164,-0.18885490567664312,0.12986688551356576,-0.07749243045304156,-0.549254754708265,0.0,1.5408804184915212,-0.07136972659179729,0.11184819898943242,Banks—Diversified,Financial Services,UBS
2015Q3,2015,Q3,2015-09-30,2015-09-30,2130025222.628301,7326916147.629588,0.0,0.555927,7326916147.629588,1.0,1008643640294.4355,55672002882.58609,0.0,0.0,950956915632.8821,0.0,29189272661.759407,68681739692.24,123302628146.45319,15.01193036177543,0.0,0.16742094379563682,3.03326737799804,0.0,15.01193036177543,0.038260258520258154,9.373894597450796,8.061141596188657,1.2336854457543378,0.4105008846474856,0.0,0.012730854549235688,0.007264127641245793,0.0,0.0021117718265754597,8.247591278924938,1.0,0.6091810624305297,0.27912673078876216,0.10480695944577119,0.1659562975154164,-0.13002145621524694,0.6305607131933189,0.0,1.9325537480584698,0.08577072713019827,0.009385032918997034,Banks—Diversified,Financial Services,UBS
2015Q2,2015,Q2,2015-08-31,2015-06-30,1306314573.504486,8421950403.23016,0.0,0.345472,8421950403.23016,1.0,1025800252626.1241,54207736405.15185,0.0,0.0,968308376607.2527,0.0,27750008096.991158,77557208764.8,149895727771.13727,14.817500914380446,0.0,0.1748711806754174,3.3091752803170618,0.0,14.817500914380446,0.024098305152257478,9.208936772538303,14.8427511906139,1.430740589961787,1.5057851239669418,0.0,0.025362298145224484,0.008210127051216206,0.0,0.0012734590093541355,-101.19851321196079,1.0,-0.3692336343486057,-0.2690721367430009,0.023318832452587444,0.3215515031312417,-0.019991225805945045,-0.3605996527623566,0.0,2.003168320364365,0.27696201842498464,-0.03199923379266635,Banks—Diversified,Financial Services,UBS
2015Q1,2015,Q1,2015-03-31,2015-03-31,2043030753.968254,8593750000.0,0.0,0.547702,8593750000.0,1.0,1083881035052.91,54107762896.82539,0.0,0.0,1026365120701.0582,0.0,25606605489.417988,68364320197.27,145027059945.94724,14.85574209825857,0.0,0.15011870143490488,3.0071620924769378,0.0,14.85574209825857,0.03775855153841747,7.9551208956823265,8.36555201928354,1.2634845082697195,0.0,0.0,0.0,0.007928683796539066,0.0,0.0018849215807789485,-6.694473322049609,1.0,1.0830160837006586,0.025828943318756306,0.06820380814388438,0.39776180243814724,0.2552079486706057,1.269898989265649,0.0,1.2990547046592196,0.23268407354298581,-0.053946581839697735,Banks—Diversified,Financial Services,UBS
2014Q4,2014,Q4,2014-12-31,2014-12-31,900053598.697451,6846475127.170494,0.0,0.262937,6846475127.170494,1.0,1074479940940.3032,51179676992.00065,0.0,0.0,1019497790317.8503,0.0,22384029610.7521,61543403772.950005,108676884755.52536,14.17883053613535,0.0,0.155614516253513,3.267013120455264,0.0,14.17883053613535,0.0175861523869744,8.989064099380526,17.09437189685565,1.2024969165508645,0.011654815148568894,0.0,0.0001704481337321421,0.006371896641624579,0.0,0.000837664403404118,-23.58003526375651,1.0,0.2504077876745877,-0.18506179059915917,1.5843355473346032,0.3572638871877551,-0.051041830632012765,0.12342516831644708,0.0,7.070020635937681,12.99961370094038,-0.06463577794477297,Banks—Diversified,Financial Services,UBS
2014Q3,2014,Q3,2014-12-16,2014-09-30,801169160.244346,7214728054.588849,0.0,0.210281,7214728054.588849,1.0,1103193111206.9055,53436511023.96148,0.0,0.0,1047650639778.7848,0.0,28476201490.88959,65191808591.58635,35550652468.74042,14.237866228526665,0.0,0.09427328645576208,1.9462655438375571,0.0,14.237866228526665,0.014992916732252478,9.035934285855973,20.342710324653446,1.2199862480234476,0.09109686502085633,0.0,0.001119527137326135,0.006539859596019283,0.0,0.0007262274864713922,18.344384005293765,1.0,-0.10753801688318854,2.4876156757424135,-0.20261445097322806,0.41543846329422257,-0.0873870744800732,-0.20923805376414378,0.0,-0.29282788846812724,-0.2155152132468171,-0.07244234317476839,Banks—Diversified,Financial Services,UBS
2014Q2,2014,Q2,2014-06-30,2014-06-30,1013160994.984685,7905572946.469644,0.0,0.235619,7905572946.469644,1.0,1102477363761.823,55574629461.33046,0.0,0.0,1044750748931.3003,0.0,29533138106.297756,68737351970.16,41414542944.83659,14.81184803530924,0.0,0.08241765511064976,1.634983445045627,0.0,14.81184803530924,0.018230638778971173,8.694797004036973,16.961112871108664,1.2368476881701627,1.1273478354222375,0.0,0.016616654873845966,0.007170734934180061,0.0,0.0009189857572473172,-17.855003306992415,1.0,-0.22601700260163451,1.744034512469178,0.3219859197709172,0.70573441685879,-0.021134893524660494,-0.1474452090400224,0.0,-0.3313130795346286,-0.06803643772044408,-0.008185367203154291,Banks—Diversified,Financial Services,UBS
2014Q1,2014,Q1,2014-03-31,2014-03-31,1188382266.720787,8076263924.592973,0.0,0.304424,8076263924.592973,1.0,1107800027059.9377,55273305371.397644,0.0,0.0,1050369819149.416,0.0,28783881297.073017,78031637073.03418,43665516115.11238,14.6769038172317,0.0,0.07814417880370064,1.5661832201211676,0.0,14.6769038172317,0.02150011219223631,9.661848325117337,16.415516971730415,1.4117418263430526,0.0009487666034155892,0.0,1.4449234298400173e-05,0.0072903626352376,0.0,0.0010727407814519663,8.244915362498865,1.0,0.12569518400189314,1.6328000786650505,0.5400770458467704,0.8581659757848608,0.14862851685232778,0.1501129882733885,0.0,-0.391482591972969,-0.10408382314703862,0.09526712775021706,Banks—Diversified,Financial Services,UBS
2013Q4,2013,Q4,2013-12-31,2013-12-31,1033274364.20386,7031223590.656586,0.0,0.270432,7031223590.656586,1.0,1137908887060.9712,54088588910.04766,0.0,0.0,1081641069557.2808,0.0,27578397016.237167,72533775660.5,130978568160.52817,14.354765445988367,0.0,0.14845325094567563,3.1231407024707307,0.0,14.354765445988367,0.01910337069288779,10.315953507279477,17.549495606713187,1.3410180801929907,0.07389792649904277,0.0,0.001052707270839948,0.006179074327134454,0.0,0.0009080466599330596,9.334749158258711,1.0,0.6324520101412532,1.1036418664202063,3.9278751252809156,0.6276074375778642,0.016373247865871462,0.6214886283460482,0.0,-0.49208288188701926,-0.15968978703199044,0.08757039522733276,Banks—Diversified,Financial Services,UBS
2013Q3,2013,Q3,2013-09-30,2013-09-30,637238119.429688,6917954211.624902,0.0,0.16566,6917954211.624902,1.0,1158625906987.5312,52351817288.25913,0.0,0.0,1104126033993.3958,0.0,26010801020.46451,77324457824.64,60845723023.92876,13.892878411011074,0.0,0.08033354271895651,1.7779043520452293,0.0,13.892878411011074,0.012172225386578901,11.177359008058234,30.335778521003828,1.477015733739991,0.14592194454747473,0.0,0.0012025564503515343,0.005970826450456153,0.0,0.0005499947097562576,4.0748246546020015,1.0,-0.12995525304090244,0.9968932724735546,0.07757815015578778,0.04487462120162563,-0.11117733167957086,-0.32615276444737173,0.0,-0.6233904282421623,0.02660562832349521,0.07904104825720565,Banks—Diversified,Financial Services,UBS
2013Q2,2013,Q2,2013-06-30,2013-06-30,945671490.225946,7783278327.832783,0.0,0.190404,7783278327.832783,1.0,1194329144452.9067,49793729372.937294,0.0,0.0,1142419818904.9675,0.0,24302911060.336803,64694026039.280365,66274376382.00694,13.238505120831984,0.0,0.09045666747263902,2.169651392518004,0.0,13.238505120831984,0.0189917787266586,8.311925041654538,17.102669031458074,1.2992404235229131,0.0,0.0,0.0,0.006516862092817901,0.0,0.0007918014013290575,1.773388169837248,1.0,-0.30407386018903654,2.86186829916372,-0.2784355408184365,-0.2095915581689025,-0.039297389928627864,-0.09041334295372831,0.0,-0.4853432834475539,-0.08016177971344418,0.18072314911530216,Banks—Diversified,Financial Services,UBS
2013Q1,2013,Q1,2013-03-31,2013-03-31,1039671682.626539,8101652109.860044,0.0,0.273598,8101652109.860044,1.0,1277327159844.2598,49709565400.39987,0.0,0.0,1224236556876.7756,0.0,23450489319.16237,57147903921.76,81548619485.26627,13.238973496384109,0.0,0.08846771084257944,2.2732487986621224,0.0,13.238973496384109,0.020914921992421516,7.053858046090211,13.741815054870578,1.1496359596276071,0.0,0.0,0.0,0.006342660177090301,0.0,0.0008139431426114063,-16.777155729641187,1.0,1.4995408061727336,1.0494222685489663,-0.44708426210216046,0.6566749053944256,0.11434395963821688,1.5863751660529375,0.0,-0.49362082952579,-0.02315744639723517,0.2456416740639237,Banks—Diversified,Financial Services,UBS
2012Q4,2012,Q4,2012-12-31,2012-12-31,-1773048626.231688,7270333400.910009,0.0,-0.547699,7270333400.910009,1.0,1379360506512.1426,50273301858.8908,0.0,0.0,1324318936149.237,0.0,23256399864.17062,58995872846.68,177571636065.39813,13.412832679251931,0.0,0.15554083758989604,4.267610850855212,0.0,13.412832679251931,-0.03526819525815819,8.114603498004044,-8.318422852855656,1.1735030456577544,-0.007033050208720856,0.0,0.00021136970111787653,0.005270800031308572,0.0,-0.0012854135071004948,-4.140532109985086,1.0,0.11123606080668817,0.9095796718165239,1.8886343605572664,-0.11748613697809161,0.06633822506911059,0.23169525504754152,0.0,-2.5460273773956765,1.5975714292273364,0.28393899440753184,Banks—Diversified,Financial Services,UBS
2012Q3,2012,Q3,2012-09-30,2012-09-30,-2307741345.969953,6818036932.361504,0.0,-0.616248,6818036932.361504,1.0,1454636732612.2527,55725791028.283646,0.0,0.0,1394244459083.2783,0.0,24101659618.77643,46349628898.64,51112798536.75386,14.872352840781755,0.0,0.086054452823987,2.2463201647345943,0.0,14.872352840781755,-0.0414124466137889,6.798090030671965,-5.021103099311923,0.83174465617034,-0.0014287527447462605,0.0,7.113739334201546e-05,0.004687106257874843,0.0,-0.0015864726183737199,-2.9292779955184693,1.0,-6.316240790903915,-0.7369872675093295,-0.3421727346691152,-0.27746252266347804,0.004031059429616432,-6.152779177078084,0.0,-3.292104411372348,-0.2452130741806182,0.47851510280019965,Banks—Diversified,Financial Services,UBS
2012Q2,2012,Q2,2012-06-30,2012-06-30,447863427.999368,6790663364.77159,0.0,0.115918,6790663364.77159,1.0,1488005690500.0264,57658464618.789185,0.0,0.0,1425727382896.886,0.0,26192107065.7042,44108339316.39001,12970766209.271637,15.307323539046376,0.0,0.11125227772808619,2.8711139541259256,0.0,15.307323539046376,0.007767522617198214,6.4954389500757745,24.621534467228393,0.7649933033772877,0.0,0.0,0.0,0.004563600400271097,0.0,0.0003009823355237767,1.3232601561097972,1.0,-0.5243296921549156,-0.9473782792787132,-0.7214722505262877,-0.25697609400158666,-0.05511603486207642,-0.5111031839238339,0.0,1.3276149679343319,0.13112134306169043,0.7627934426751614,Banks—Diversified,Financial Services,UBS
2012Q1,2012,Q1,2012-03-31,2012-03-31,916069430.752019,7186769609.092017,0.0,0.243694,7186769609.092017,1.0,1512940173023.029,58958538719.7182,0.0,0.0,1449184177586.7607,0.0,27061156219.192043,52640018422.96,54705882375.01868,15.702857590374846,0.0,0.1207596514078913,3.098823883064668,0.0,15.702857590374846,0.015537519257505735,7.324572970359987,14.365728365083308,0.8928311244823132,0.0,0.0,0.0,0.004750200792627525,0.0,0.000605489527666918,0.7633415698609846,1.0,1.2933747412008283,-0.8159319866628233,-0.6521205393673423,-0.24819738430659977,13.1355248868253,6.952162754468874,0.0,1.4892735315303254,0.3746072716540429,0.9880566133282135,Banks—Diversified,Financial Services,UBS
2011Q4,2011,Q4,2011-12-31,2011-12-31,-153905306.111503,-592209210.241429,0.0,0.10626,-592209210.241429,1.0,1507998172332.083,56792655325.208,0.0,0.0,1446523711866.0276,0.0,25080491770.181385,44321786889.38,219933046173.82675,15.158619713913096,0.0,0.16144879865723574,4.28690104215391,0.0,15.158619713913096,-0.0027099508771020707,-74.84143461955126,-71.9952222720464,0.7804140629731627,0.0,0.0,0.0,-0.0003927121538387488,0.0,-0.00010205934525337795,-0.8391790974154367,1.0,-0.6466539196940727,-1.0281087330809913,-1.030142615396958,-0.24335707704928503,-1.0642774655743545,-1.1356043189264873,0.0,0.9844743354643338,0.751987349799991,0.7187520257723469,Banks—Diversified,Financial Services,UBS
2011Q3,2011,Q3,2011-09-30,2011-09-30,1134958733.836027,9213325462.504038,0.0,0.300725,9213325462.504038,1.0,1611491039506.3652,57713598342.67066,0.0,0.0,1548812135927.7368,0.0,25756546339.50748,42975445716.45,57989423863.76073,15.349844965173235,0.0,0.11909776099029268,3.3254723353339637,0.0,15.349844965173235,0.019665360788930275,4.664487962717637,9.466301380667394,0.7446329279502923,0.0,0.0,0.0,0.0057172675718546225,0.0,0.0007042910608945672,0.9988819652090226,1.0,-0.03614090980477612,-0.6437246367094308,-0.40975666453401893,-0.1768236493261809,0.07305946997463168,-0.2599411880535398,0.0,2.5644993975356125,0.4383112399686686,0.15445215663712325,Banks—Diversified,Financial Services,UBS
2011Q2,2011,Q2,2011-06-30,2011-06-30,1533606134.424538,8586034344.137377,0.0,0.312001,8586034344.137377,1.0,1484129936519.746,56715826863.30745,0.0,0.0,1422161688646.7546,0.0,26528506114.024456,69346780770.74,140721866271.08197,14.934089037929292,0.0,0.1254283334815689,3.282186911537566,0.0,14.934089037929292,0.027040179421534822,8.076695013232811,11.304529111831135,1.2227059818395103,0.0,0.0,0.0,0.005785230883672793,0.0,0.001033336837083694,6.080141492734298,1.0,-0.38997131701251153,-0.6717879501871217,-0.5326693526987404,-0.16006297768329508,-0.05405391912899615,-0.22008447303296663,0.0,3.990423337955243,-0.21165672137191163,-0.1083562729403747,Banks—Diversified,Financial Services,UBS
2011Q1,2011,Q1,2011-03-31,2011-03-31,1966374666.739213,9076663583.437618,0.0,0.511453,9076663583.437618,1.0,1405175472006.094,50813428369.334564,0.0,0.0,1348761086022.0903,0.0,22952282496.32733,68444930217.1869,133957743754.3761,13.400296097062146,0.0,0.12780824697239807,3.5343612806510336,0.0,13.400296097062146,0.038697933397580035,7.540758736732275,8.701918735899822,1.3469850866920206,0.0,0.0,0.0,0.006459452050126772,0.0,0.001399380152808905,-3.8140481852576493,1.0,0.4487276085158455,-0.620452215603347,-0.49621109288945764,-0.24280709631810485,0.07707838690909002,-0.04025511846580091,0.0,1.0925580682427232,-0.3866150004954961,0.6768622034722763,Banks—Diversified,Financial Services,UBS
2010Q4,2010,Q4,2010-12-31,2010-12-31,2048851423.511493,8427115141.995442,0.0,0.353036,8427115141.995442,1.0,1409197111527.1462,50088258892.752075,0.0,0.0,1353713827226.5312,0.0,20631184808.7724,62501549590.597305,262409546381.183,13.198929935002338,0.0,0.17531715767809683,4.932422041862452,0.0,13.198929935002338,0.04090482418042221,7.416719546067299,7.626413129981494,1.2478283528366259,0.0,0.0,0.0,0.00598008261091522,0.0,0.001453914010149477,5.043562511596139,1.0,-0.1981156503686474,-0.7692228282449786,-0.4990636262632191,-0.1887235366194071,0.2420044302379582,0.20259205849980505,0.0,1.1031990238261498,2.017342982136378,-0.13156013176002188,Banks—Diversified,Financial Services,UBS
2010Q3,2010,Q3,2010-09-30,2010-09-30,1703696119.586362,6785092658.953619,0.0,0.440258,6785092658.953619,1.0,1495350670625.576,48851233746.28852,0.0,0.0,1440788368997.645,0.0,13493396129.82492,64615385720.88915,269515559776.38217,12.875208439428615,0.0,0.2274528948469335,6.962400184436109,0.0,12.875208439428615,0.034875191247668344,9.523139766650436,9.481647721393095,1.322697110506412,0.0,0.0,0.0,0.004537459200867643,0.0,0.0011393288230336135,-1.9178906278536685,1.0,-0.08372928412513089,-0.5561941923320665,-0.6362352685780834,-0.0966408209076274,-0.20469719177955437,-0.08040346558606057,0.0,2.2663592650016846,-0.35350734162401587,-0.3744889779311037,Banks—Diversified,Financial Services,UBS
2010Q2,2010,Q2,2010-06-30,2010-06-30,1852656089.740628,8531458192.805596,0.0,0.480489,8531458192.805596,1.0,1347424299825.3606,42520536300.04713,0.0,0.0,1298133483640.2612,0.0,14746403259.935505,50134803715.86,85696560458.88133,11.212200870925072,0.0,0.15107634429027658,4.787426385900862,0.0,11.212200870925072,0.043570854249516476,5.876463622377901,6.765260427109124,1.1790727041183728,0.0,0.0,0.0,0.006331679036745409,0.0,0.0013749611684906902,1.6764449484690465,1.0,-0.11685368476193106,-0.37363746033539996,-0.4811999913034259,-0.18751610070528055,0.02248015811584109,-0.10307719143142743,0.0,-0.7837927754880722,-0.6524354425268539,-0.4557550662137136,Banks—Diversified,Financial Services,UBS
2010Q1,2010,Q1,2010-03-31,2010-03-31,2065569157.168988,8343886309.272548,0.0,0.544065,8343886309.272548,1.0,1272385910604.5684,40148210684.301865,0.0,0.0,1225160170723.6997,0.0,8934852961.86858,61497780000.464676,108837023000.32396,10.628235849874683,0.0,0.14753761168127735,4.675794392523364,0.0,10.628235849874683,0.05144859813084111,7.37040004153967,7.443200314429539,1.5317688871377422,0.0,0.0,0.0,0.0065576695244196695,0.0,0.0016233826073942788,17.02407384302658,1.0,0.8164745239836139,-0.4709942769600605,-0.5672527501801248,-0.29204926545745796,1.677666018485978,0.7797053525926027,0.0,-0.5874727119016212,-0.5985546322103735,-0.49115404848096716,Banks—Diversified,Financial Services,UBS
2009Q4,2009,Q4,2009-12-31,2009-12-31,1160624231.511104,-12312682179.21598,0.0,0.299517,-12312682179.21598,1.0,1295205797101.4492,39626086956.521736,0.0,0.0,1248217391304.348,0.0,11353623188.405796,58832441018.34,229394759858.9197,10.44662771181058,0.0,0.1820202038286121,5.94945505083754,0.0,10.44662771181058,0.029289397986345618,-4.778198621714623,12.672585885472513,1.4846896460630021,0.01746075898268122,0.0,0.0003444592749357046,-0.009506351968753247,0.0,0.0008960925237583662,13.9101278911902,1.0,3.0691591884106026,-0.7069234730698309,-1.5821291998366316,-0.27624490162958704,-2.3465422392730897,3.1324412409634426,0.0,-0.7906337095457515,-1.618993217765677,-0.4785562883679046,Banks—Diversified,Financial Services,UBS
2009Q3,2009,Q3,2009-09-30,2009-09-30,-544270205.066345,9143925693.606754,0.0,-0.144753,9143925693.606754,1.0,1424417852834.7407,38152955367.91315,0.0,0.0,1378814957780.4585,0.0,5812303980.699638,69448455209.20488,154204064376.87677,10.058979318246127,0.0,0.15639072580727115,5.8387545528126275,0.0,10.058979318246127,-0.014265479562929988,7.595037135719707,-31.899805722756454,1.820264106397677,-0.010128354299131687,0.0,7.937630080852182e-05,0.006419412446572039,0.0,-0.00038210010074164,1.67074012085088,1.0,0.5968444506336165,-1.234226753687061,-0.3514066897269699,-0.20558333050655073,0.6131447276913523,0.5783264645199258,0.0,-1.1693636367600382,-0.4193061089197501,-0.46056042223982047,Banks—Diversified,Financial Services,UBS
2009Q2,2009,Q2,2009-06-30,2009-06-30,-1290738353.89431,5668385196.096483,0.0,-0.35905,5668385196.096483,1.0,1472908304179.709,30882894494.56822,0.0,0.0,1434650156508.9302,0.0,6436199594.918063,43424599969.740005,224830418419.38098,8.683560517343683,0.0,0.24010593340846434,11.451453271724551,0.0,8.683560517343683,-0.04179460426293038,7.660841397942439,-8.410806078304496,1.4061052462999433,-0.009100640857956442,0.0,0.00027050441935141516,0.0038484304691684904,0.0,-0.0008763195578649053,1.5943761465896742,1.0,0.2817103715380861,-1.5147895792711086,-0.5228297464289914,-0.2988157165897174,0.17201444045490843,0.25477015445788265,0.0,-1.2949743609616393,-0.670544800585497,-0.5116110567226222,Banks—Diversified,Financial Services,UBS
2009Q1,2009,Q1,2009-03-31,2009-03-31,-1732000350.784881,4836446549.153731,0.0,-0.499868,4836446549.153731,1.0,1632312549329.124,27434008594.229588,0.0,0.0,1597491888099.6228,0.0,7918968692.449355,32752994971.489998,225095361015.5135,7.898596793019204,0.0,0.22810190154760637,13.571971997570566,0.0,7.898596793019204,-0.06313333120225043,6.7721197037153305,-4.727625337467095,1.193882944921844,-0.008101265822784892,0.0,0.0004284003725179543,0.002962941472906949,0.0,-0.0010610715156829055,-1.5446561134037822,1.0,0.811076843998972,-1.589330600945819,-0.6125380948349399,-0.39848156117775035,3.1848330611262186,0.8115319350828026,0.0,-1.3649832573831027,-0.7069285378828274,-0.5536843814943816,Banks—Diversified,Financial Services,UBS
2008Q4,2008,Q4,2008-12-31,2008-12-31,-9189887695.540508,-2213645809.012375,0.0,-2.64588,-2213645809.012375,1.0,1881950035022.1807,30632734064.907776,0.0,0.0,1843844034555.2183,0.0,13908008405.323372,49667850274.9,237951763419.89188,8.819550165825314,0.0,0.14828062952769544,9.109756097560977,0.0,8.819550165825314,-0.3000022027439024,-22.437126153013374,-1.3511549847067734,1.6213978866417433,0.0,0.0,0.0,-0.0011762511054052957,0.0,-0.0048831730516332205,1.0766403092342092,1.0,-33.963073703094636,-4.473785866105293,-1.175079091777519,-0.30250168024209595,-1.4183794762828152,-35.94253876631372,0.0,-2.1309684015997448,-1.143770459082605,-0.45790351927213147,Banks—Diversified,Financial Services,UBS
2008Q3,2008,Q3,2008-09-30,2008-09-30,263000000.0,5291000000.0,0.0,0.080268,5291000000.0,1.0,1776481000000.0,41293000000.0,0.0,0.0,1727672000000.0,0.0,21515000000.0,54472586342.36048,351329586342.3605,13.296215765135534,0.0,0.1752368868566565,7.5389291163151135,0.0,13.296215765135534,0.006369118252488315,10.295329114035246,51.780025040266615,1.3191724103930564,0.0,0.0,0.0,0.002978360027492554,0.0,0.0001480454899320623,1.6900681437858112,1.0,1.584005122086086,-0.8451490010274725,-0.3843316013653244,0.13895947094015265,-0.288174357594511,1.7514285714285713,0.0,-0.9162992246639085,-0.6534423785325132,-0.06710181702029652,Banks—Diversified,Financial Services,UBS
2008Q2,2008,Q2,2008-06-30,2008-06-30,-350000000.0,7433000000.0,0.0,-0.137444,7433000000.0,1.0,2036706000000.0,43411000000.0,0.0,0.0,1985442000000.0,0.0,21792000000.0,53547935259.26,332050935259.26,16.748941964945413,0.0,0.17180879321806877,8.060721936836286,0.0,16.748941964945413,-0.008062472645182096,7.204081159593704,-38.24852518518571,1.2335107520964734,0.0,0.0,0.0,0.003649520352962087,0.0,-0.00017184610837302978,-2.050309578407168,1.0,0.9757251811595162,-1.266247567421997,0.020021281620892915,0.47519027248415036,-0.07710454432580084,0.9697310386577878,0.0,-1.1731388241477805,-0.33864248632009186,0.21369977521790953,Banks—Diversified,Financial Services,UBS
2008Q1,2008,Q1,2008-03-31,2008-03-31,-11563000000.0,8054000000.0,0.0,-5.661999,8054000000.0,1.0,2245521000000.0,16493000000.0,0.0,0.0,2222677000000.0,0.0,22751000000.0,59439495235.32857,382351495235.32855,7.991292349075655,0.0,0.1810466257051259,24.649487661432122,0.0,7.991292349075655,-0.7010853089189353,7.380121087078292,-1.2851227024848344,3.6039225874812684,0.0,0.0,0.0,0.0035866954706725075,0.0,-0.005149361773949119,3.180283319172208,1.0,-0.08340186715600251,-16.141492869981967,0.6257504461445121,-0.34057099411173286,2.787782422750285,-0.07090321188500237,0.0,-6.420177727043579,-0.2354604877303633,-0.46769705072559026,Banks—Diversified,Financial Services,UBS
2007Q4,2007,Q4,2007-12-31,2007-12-31,-10797427696.240469,-4505022477.852704,0.0,-5.22613,-4505022477.852704,1.0,2003242981180.3076,31367623077.262108,0.0,0.0,1965748159901.2737,0.0,33567808188.99026,94938085964.0,389556623581.34766,15.198438507610115,0.0,0.18214108288424738,11.632148377125194,0.0,15.198438507610115,-0.34422205564142194,-21.073831802333594,-2.1981644294098,3.0266267141171785,-0.008737812110486748,0.0,0.00099376234024868,-0.00224886472593472,0.0,-0.005389974055907408,4.767794473002713,1.0,-13.519003975541116,-130.41506732916875,-1.789792078149181,0.3050140769542902,-1.8088011629897134,-14.122447753838191,0.0,-6.011089247394319,-1.3914588422207699,0.052966340967227944,Banks—Diversified,Financial Services,UBS
2007Q3,2007,Q3,2007-09-30,2007-09-30,-714000000.0,5570000000.0,0.0,-0.359951,5570000000.0,1.0,2134952000000.0,41448000000.0,0.0,0.0,2088210000000.0,0.0,43427000000.0,110630003100.40865,248122003100.40863,20.583503703649345,0.0,0.0919955109061,4.73861223701988,0.0,20.583503703649345,-0.017226404169079328,19.861759982120045,-38.73599548333637,2.669127656350334,-0.24509803921568626,0.0,0.0015818493636049946,0.002608957953153045,0.0,-0.0003344337483934065,-3.335041694815165,1.0,-1.1638284828191074,-2.400543955776931,0.2717876509189236,0.0,-0.5773899848254932,-1.1551836557270159,0.0,-1.5787755049023457,-0.25580805696499215,0.6256001669173615,Banks—Diversified,Financial Services,UBS
2007Q2,2007,Q2,2007-06-30,2007-06-30,4601000000.0,13180000000.0,0.0,2.197121,13180000000.0,1.0,2078524000000.0,41950000000.0,0.0,0.0,2031550000000.0,0.0,42035000000.0,122196594513.43881,258568594513.4388,20.601387674704323,0.0,0.09065519570618381,4.491752085816448,0.0,20.601387674704323,0.1096781883194279,9.271365289335266,6.639675859239232,2.9129104770783982,0.0,0.0,0.0,0.006341038159771068,0.0,0.0022135900283085496,-5.755845243214264,1.0,0.7312283953097877,3.0148928910336474,1.5851044843575126,0.0,0.17815321355144365,0.7072356215213358,0.0,2.205002975845449,0.9378229246751142,0.663530670983778,Banks—Diversified,Financial Services,UBS
2007Q1,2007,Q1,2007-03-31,2007-03-31,2695000000.0,11187000000.0,0.0,1.269111,11187000000.0,1.0,2117276000000.0,42467000000.0,0.0,0.0,2069743000000.0,0.0,43141000000.0,120832135995.69,247730135995.69,20.886941948042885,0.0,0.08346951460272539,4.161537193585608,0.0,20.886941948042885,0.063461040337203,10.801120586009654,11.20891799588961,2.8453183882942046,0.0,0.0,0.0,0.00528367581741823,0.0,0.001272861922583546,-9.750031146267247,1.0,-0.09992127659574455,3.265105158372954,1.49398775749489,0.0,0.04924088963529454,-0.09301053609027125,0.0,0.5665071792536821,0.5310129300540297,0.5906471796942083,Banks—Diversified,Financial Services,UBS
