Quarters,Year,Quarter,FillingDate,Date,NetIncome,Revenue,OperatingIncome,EPSDiluted,GrossProfit,GrossProfitRatio,TotalAssets,CommonStockEquity,CurrentAssets,CurrentLiability,TotalLiability,Inventory,RetainedEarnings,MarketCap,EnterpriseValue,bookValuePerShare,currentRatio,debtToAssets,debtToEquity,roic,shareholdersEquityPerShare,roe,priceToSalesRatio,peRatio,pbRatio,payoutRatio,inventoryTurnover,dividendYield,assetTurnover,quickRatio,returnOnAssets,priceToFreeCashFlowsRatio,grossProfitMargin,epsdilutedGrowth,fiveYNetIncomeGrowthPerShare,fiveYRevenueGrowthPerShare,fiveYShareholdersEquityGrowthPerShare,grossProfitGrowth,netIncomeGrowth,operatingIncomeGrowth,threeYNetIncomeGrowthPerShare,threeYRevenueGrowthPerShare,threeYShareholdersEquityGrowthPerShare,Industry,Sector,Symbol
2023Q1,2023,Q1,2023-05-03,2023-04-02,-21700000.0,1001000000.0,25300000.0,-0.16,646700000.0,0.6460539461,8923700000.0,2758700000.0,2539200000.0,1897400000.0,6165000000.0,713400000.0,3951800000.0,7330554000.0,10870254000.0,19.904040404040405,1.338252345314641,0.4399408317177852,1.4230978359372168,0.0038889302094954757,19.904040404040405,-0.00786602385181426,7.323230769230769,-84.4533870967742,2.657249429078914,-4.456221198156682,0.4966358284272498,0.013191363163002415,0.1121732016988469,0.5646674396542637,-0.0024317267501148625,205.9144382022472,0.6460539460539461,0.8279569892473118,0.8259241869320808,0.2609986026208189,0.5842707143654285,-0.3121676239098064,0.8312597200622084,1.1996842936069456,0.6833430157644875,-0.10407652965338134,0.00020351180149712217,Leisure,Consumer Cyclical,HAS
2022Q4,2022,Q4,2023-02-22,2022-12-25,-128600000.0,1678500000.0,-126700000.0,-0.93,940200000.0,0.5601429848,9295900000.0,2861900000.0,2999100000.0,2189700000.0,6434000000.0,676800000.0,4071400000.0,8050443000.0,11504143000.0,20.69342010122921,1.3696396766680368,0.4267257608192859,1.3860721898039763,-0.014447582206257015,20.69342010122921,-0.04493518292043747,4.796212689901698,-15.65016135303266,2.812971452531535,-0.7519440124416796,1.0908687943262412,0.012011761340338663,0.18056347421981733,0.7514728044937663,-0.01383405587409503,119.79825892857143,0.5601429848078642,-2.0,-20.85615931140334,-0.053102242734190515,0.4081807487093256,-0.01467197652483756,-1.9953560371517027,-1.6520844055584147,-1.460908842957192,0.126256077051531,-0.08456625100249697,Leisure,Consumer Cyclical,HAS
2022Q3,2022,Q3,2022-10-26,2022-09-25,129200000.0,1675900000.0,194300000.0,0.93,954200000.0,0.5693657139,9626100000.0,2999000000.0,3260500000.0,2356900000.0,6627100000.0,844500000.0,4297800000.0,9835896000.0,13254296000.0,21.68474331164136,1.3833849548135262,0.41242039870768016,1.3237745915305101,0.021459502484517338,21.68474331164136,0.043081027009003,5.869023211408796,19.03230650154799,3.2797252417472493,0.7484520123839009,0.8545885139135583,0.009831336158902046,0.17409958342423204,0.7384275955704527,0.013421842698496795,165.30917647058823,0.5693657139447461,-0.08823529411764702,-0.5597084877096632,-0.15334032459485694,0.38748960784098824,0.1670743639921722,-0.09014084507042254,-0.11319032405294387,-0.4452544007843414,-0.02719274909159752,0.4895379538385072,Leisure,Consumer Cyclical,HAS
2022Q2,2022,Q2,2022-07-26,2022-06-26,142000000.0,1339200000.0,219100000.0,1.02,817600000.0,0.6105137395,9503000000.0,3012800000.0,3085400000.0,2158200000.0,6467200000.0,867500000.0,4265900000.0,11905350000.0,15251150000.0,21.674820143884894,1.429617273653971,0.4181837314532253,1.3190387679235263,0.02433788274338879,21.674820143884894,0.047132235793945834,8.889896953405017,20.96012323943662,3.951589883165162,0.6859154929577465,0.6012680115273775,0.008181195848925063,0.14092391876249605,0.6944212769900844,0.014942649689571715,-355.38358208955225,0.6105137395459976,1.2666666666666668,0.8895577275905012,0.2409696482869807,0.4816163085300435,0.10501419110690634,1.2575516693163753,0.8258333333333333,8.60734945134044,0.23623676945383454,0.5957851991945975,Leisure,Consumer Cyclical,HAS
2022Q1,2022,Q1,2022-04-27,2022-03-27,62900000.0,1163100000.0,120000000.0,0.45,739900000.0,0.6361447855,9518700000.0,3080700000.0,3255300000.0,2043000000.0,6414500000.0,644300000.0,4220900000.0,11677519000.0,14617419000.0,22.115577889447238,1.5933920704845814,0.4199943269564121,1.2976920829681566,0.013295855508505702,22.115577889447238,0.020417437595351706,10.039995701143496,46.41303259141495,3.7905407861849576,1.5023847376788553,0.6568368772311035,0.008092472382190087,0.12219105550127643,0.9738619676945668,0.006608045216258522,110.68738388625593,0.6361447854870604,-0.2622950819672131,-0.17600679550884515,0.23015863257348423,0.49514284136517833,-0.32864531349242354,-0.25825471698113206,-0.1260014566642389,1.1335752357777964,0.4394978743494267,0.6880372654997841,Leisure,Consumer Cyclical,HAS
2021Q4,2021,Q4,2022-02-23,2021-12-26,84800000.0,2013400000.0,137300000.0,0.61,1102100000.0,0.547382537,10037800000.0,3025900000.0,3728100000.0,2455900000.0,6950800000.0,552100000.0,4257800000.0,13737339000.0,16743239000.0,21.879248011569054,1.518017834602386,0.400994241766124,1.3302158035625764,0.018785674790317706,21.879248011569054,0.028024719918040914,6.82295569683123,40.499230542452835,4.539918371393635,1.1061320754716981,1.6506067741351205,0.006828105501363838,0.20058180079300245,1.011360397410318,0.008448066309350655,140.60735926305014,0.5473825370020861,-0.6666666666666667,-0.6025413722792762,0.11581598126688464,0.46736242620601487,-0.07285269622276437,-0.665086887835703,-0.6268007610763795,7.854094626101734,0.32656109173442144,0.5785358058145998,Leisure,Consumer Cyclical,HAS
2021Q3,2021,Q3,2021-10-27,2021-09-26,253200000.0,1970000000.0,367900000.0,1.83,1188700000.0,0.6034010152,10230400000.0,3019000000.0,3730400000.0,2450400000.0,7150300000.0,544100000.0,4269600000.0,12991067000.0,16114567000.0,21.860970311368572,1.5223636957231472,0.411499061620269,1.3944352434580987,0.039871624858729277,21.860970311368572,0.08386883073865518,6.594450253807107,12.826882898894153,4.3031026830076184,0.36808846761453395,1.435949274030509,0.007174160521225855,0.19256334063184236,1.0459108716944172,0.02474976540506725,176.74921088435374,0.6034010152284264,12.4375,-0.1074466079535893,0.06578551580150217,0.5751606272257693,0.3731084671364214,12.561643835616438,3.8028720626631856,-0.11641414802470938,0.15561640211003405,0.47294591836824457,Leisure,Consumer Cyclical,HAS
2021Q2,2021,Q2,2021-07-28,2021-06-27,-21900000.0,1322200000.0,76600000.0,-0.16,865700000.0,0.6547420965,10102200000.0,2850500000.0,3616400000.0,2045600000.0,7187300000.0,499600000.0,4110300000.0,12899458000.0,16378358000.0,20.68577648766328,1.767892061008995,0.4577220803389361,1.6221715488510788,-0.005428100432768649,20.68577648766328,-0.007682862655674443,9.756056572379368,-147.25408675799088,4.525331696193651,-4.296803652968037,0.9137309847878302,0.0072948801414757115,0.13088238205539388,0.9830856472428627,-0.002167844627902833,80.47072988147224,0.6547420965058236,-1.1904761904761905,-1.3827052028640734,0.36975671973676116,0.609609108644319,0.2090782122905028,-1.1884681583476764,-0.47997284453496264,-1.3313279462617964,0.33362218637313223,0.47187188229270605,Leisure,Consumer Cyclical,HAS
2021Q1,2021,Q1,2021-04-29,2021-03-28,116200000.0,1114800000.0,147300000.0,0.84,716000000.0,0.6422676713,10189100000.0,2919500000.0,3236000000.0,1753400000.0,7205200000.0,429200000.0,4226800000.0,13480830000.0,16954330000.0,21.201888162672475,1.8455572031481693,0.4742126389965748,1.6550094194211338,0.017242343755315772,21.201888162672475,0.03980133584517897,12.092599569429494,29.003506884681585,4.617513272820689,0.8037865748709122,0.9291705498602051,0.006928356785153436,0.10941103728494175,1.2368541120109502,0.011404343857651805,38.113740458015265,0.6422676713311805,0.1052631578947368,1.1683124776450968,0.2201160635683916,0.6522908084443292,-0.2441221523938419,0.10484630085668376,-0.2096112983194179,1.93824037218391,0.4135356884883751,0.6875734686789807,Leisure,Consumer Cyclical,HAS
2020Q4,2020,Q4,2021-02-24,2020-12-27,105173000.0,1722971000.0,186364000.0,0.76,947243000.0,0.5497730374,10818385000.0,2896689000.0,3846645000.0,2403341000.0,7857222000.0,395633000.0,4204184000.0,12824729320.0,16474265320.0,21.082468449322405,1.6005406640172992,0.4713468784850974,1.7603588096616516,0.01786947660476507,21.082468449322405,0.03630800545036074,7.443380834616485,30.48484240251776,4.427375296416012,0.886434731347399,1.9607262286007487,0.0072694711657274955,0.15926323568628775,1.1822716792997747,0.009721691361510984,28.605237869004206,0.5497730373871644,-0.5279503105590062,-0.45571919958394386,0.06950205395234804,0.5835082696712408,-0.04278279674205218,-0.5238843267028221,-0.4462648339959234,18.991977949711536,-0.021633713127444703,0.4346553667967174,Leisure,Consumer Cyclical,HAS
2020Q3,2020,Q3,2020-11-04,2020-09-27,220898000.0,1776623000.0,336558000.0,1.61,989580000.0,0.5570005567,10703177000.0,2773751000.0,3758962000.0,2315549000.0,7871870000.0,540039000.0,4192434000.0,10740438500.0,14879155500.0,20.208301155488204,1.623356707199891,0.48582976811464484,1.874689544951944,0.030867841377649103,20.208301155488204,0.07963872748491123,6.045423536676042,12.155427505002308,3.8721711141338933,0.42182364711314724,1.4573817816861374,0.008675623439396818,0.16599024756854905,1.079469706752049,0.020638544985288013,51.65634303413316,0.5570005566740946,7.708333333333334,-0.030191089934280834,0.10078660548890102,0.6385778112344818,0.9415064244050877,7.714633108395647,19.88995096517907,-0.24150259859275972,-0.0956416171495484,0.293020048353923,Leisure,Consumer Cyclical,HAS
2020Q2,2020,Q2,2020-07-30,2020-06-28,-32898000.0,860279000.0,16111000.0,-0.24,509697000.0,0.5924787191,10222050000.0,2604007000.0,3185667000.0,1981565000.0,7555766000.0,564168000.0,4064715000.0,10126792020.0,14390533020.0,18.974387560296712,1.607652032610588,0.5116250654222979,2.0083882262989308,0.0015389117444259788,18.974387560296712,-0.012633606591687349,11.771520657833099,-76.95598531825644,3.8889265735460774,-2.829381725332847,0.6214141886813856,0.009191558374672733,0.08415914615952769,0.9474511307981318,-0.0032183368306748644,-152.36507011314396,0.5924787191132179,0.5102040816326531,-1.7172298299293354,-0.01693728681194974,0.6615714072265736,-0.30183657647242534,0.5148503170623802,-0.8726393094016553,-1.4433857552180784,-0.19258751525119647,0.297024006062474,Leisure,Consumer Cyclical,HAS
2020Q1,2020,Q1,2020-05-07,2020-03-29,-67810000.0,1105570000.0,126499000.0,-0.49,730054000.0,0.6603417242,10424359000.0,2729224000.0,3318503000.0,1738556000.0,7633811000.0,444406000.0,4191810000.0,9803267560.0,13881696560.0,19.899990521119676,1.908769691629145,0.5017225519573913,1.91634545204058,0.014992792706528476,19.899990521119676,-0.024845890260381705,8.867161337590565,-36.14241100132724,3.591961509938356,-1.3738681610381949,0.8449840911238822,0.009503157945022975,0.10605640116576952,1.216831669500436,-0.006504956323933203,37.59008090676933,0.660341724178478,-1.2437810945273633,-3.3149000988352046,0.41060343811165645,0.7188249635133936,0.049884521244927135,-1.2536422974059735,-0.620741553562809,-1.902259644984314,0.18766815707007883,0.34535613401647586,Leisure,Consumer Cyclical,HAS
2019Q4,2019,Q4,2020-02-27,2019-12-29,267345000.0,1428007000.0,333543000.0,2.01,695366000.0,0.4869485934,8855628000.0,2995530000.0,6747521000.0,1257082000.0,5860098000.0,446105000.0,4354619000.0,13938032880.0,13404623880.0,22.605043919224848,5.36760609093122,0.45699299925425957,1.3509996561543367,0.04238124918635245,22.605043919224848,0.08924797948943926,9.760479381403593,13.033751220333277,4.652943846331033,0.3210982064373749,1.6423061835218167,0.006158975282887982,0.16125417644011245,4.765771843046038,0.030189276243311032,63.166058090158025,0.4869485933892481,0.2035928143712574,0.4929621591639127,0.04341123512115398,0.9392664432745117,-0.15204025140053118,0.25544144372596256,0.12224689613404663,0.3077417970133308,-0.1740634006188107,0.516038945774926,Leisure,Consumer Cyclical,HAS
2019Q3,2019,Q3,2019-10-22,2019-09-29,212949000.0,1575173000.0,297210000.0,1.67,820046000.0,0.5206069429,5554624000.0,1840907000.0,3413130000.0,1466735000.0,3713717000.0,589132000.0,4180331000.0,15008706570.0,15652381570.0,14.558033419531368,2.3270256726675234,0.3067907026650229,0.9256888044860495,0.06873409198303992,14.558033419531368,0.11567613138523565,9.528290905189461,17.6200716720905,8.152886903032037,0.4031575635480796,1.2817619820345865,0.005720146476286264,0.2835786904748188,1.68899698991297,0.03833724838981,725.5139251703969,0.5206069428564355,14.18181818181818,0.18789281806026156,0.0787384265420407,0.23660767779848335,0.439227634428606,14.852676245068116,9.567090947877409,-0.18019483544550619,-0.06932855701693502,0.04895806204711715,Leisure,Consumer Cyclical,HAS
2019Q2,2019,Q2,2019-07-31,2019-06-30,13433000.0,984537000.0,28126000.0,0.11,569782000.0,0.5787309162,5038610000.0,1715869000.0,2830095000.0,1072696000.0,3322741000.0,564769000.0,4053266000.0,13443932180.0,14001510180.0,13.58254240910638,2.638301065725984,0.33910542788586534,0.9957753185120776,0.01806284616746274,13.58254240910638,0.007828686222549624,13.655080692752025,250.20345752996354,7.835057443196422,6.374897640139954,0.7343798969136054,0.006369713775214835,0.19539853253178951,1.8237506245944797,0.002666013047249142,346.60029338970816,0.5787309161565284,-0.47619047619047616,-0.589020769889989,0.21592761665323223,0.21023748487143162,0.3808377864214136,-0.4973996333295918,-0.45816717717544164,-0.7439413652378242,0.1125626808238951,0.05688969390556536,Leisure,Consumer Cyclical,HAS
2019Q1,2019,Q1,2019-05-01,2019-03-31,26727000.0,732510000.0,51909000.0,0.21,412635000.0,0.5633165418,4934773000.0,1654531000.0,2631858000.0,948725000.0,3280242000.0,491751000.0,4125686000.0,10820270160.0,11332507160.0,13.101356434153951,2.77409997628396,0.34629171392483504,1.0328431440692256,0.013937848955374577,13.101356434153951,0.016153822442734528,14.771498218454356,101.21104276574252,6.539780856327262,2.9660642795674788,0.650481646198991,0.007326434444590614,0.14843843880964738,1.934228569922791,0.005416054598661377,45.21766269803128,0.5633165417536962,1.9999999999999996,-0.1344299905328106,0.12030232807948273,0.0783325917272161,-0.390382271468144,2.0489390828199863,1.999306638932224,-0.4561974392790676,-0.125835760061687,0.02100580138033017,Leisure,Consumer Cyclical,HAS
2018Q4,2018,Q4,2019-02-26,2018-12-30,8766000.0,1389161000.0,17307000.0,0.07,676875000.0,0.4872545371,5262988000.0,1754486000.0,3082504000.0,1274324000.0,3508502000.0,443383000.0,4184374000.0,10284787500.0,10807248500.0,13.860469893033764,2.4189327047124594,0.32392853641315544,0.9716988337325005,-0.008552336038490824,13.860469893033764,0.004996335108972087,7.403596487376193,293.3147245037645,5.8619946240665355,9.091489847136664,1.606480176281003,0.007748920432240336,0.26394911027727974,1.860141533864229,0.001665593765366746,23.65188920062552,0.4872545370910931,-0.9660194174757282,-0.9302080492139383,0.12013459918521321,0.07786435653479774,-0.1631368505385597,-0.96677796263942,-0.9447653636990323,-0.9507587944736923,-0.0640240379090214,0.0410625657952137,Leisure,Consumer Cyclical,HAS
2018Q3,2018,Q3,2018-11-01,2018-09-30,263861000.0,1569686000.0,313336000.0,2.06,808824000.0,0.5152775778,5495329000.0,1887281000.0,3192450000.0,1321923000.0,3608048000.0,610918000.0,4254919000.0,13439646090.0,14247567090.0,14.841665290458552,2.4150045048009603,0.31208832082665117,0.9087295426595192,0.07759168362698389,14.841665290458552,0.13981012896330752,8.561996533064574,12.73364204069567,7.121168543529024,0.30331879284926533,1.2454404682788853,0.005955067526633062,0.2856400408419587,1.7386406016084144,0.04801550553206187,-136.69985343030058,0.5152775778085553,3.291666666666667,1.135327530200439,0.17331794999134717,0.2689598006328469,0.6173018973939577,3.3758768802136023,2.5773850299127736,0.25041254437634974,0.04979469294498898,0.20342740538136223,Leisure,Consumer Cyclical,HAS
2018Q2,2018,Q2,2018-08-01,2018-07-01,60299000.0,904458000.0,87588000.0,0.48,500107000.0,0.5529355703,5113856000.0,1766750000.0,2827633000.0,1052444000.0,3347106000.0,610248000.0,4070661000.0,11693637220.0,12249036220.0,14.054060503854078,2.6867301253083298,0.3352599291024229,0.9704095089854252,0.02227014191695549,14.054060503854078,0.034129899533040894,12.928889146870281,48.481887013051626,6.618727731710768,1.3059420554238048,0.6626011064354165,0.00673417504908708,0.17686419015318383,1.8037444272569372,0.011791297995094112,-97.07646831260688,0.552935570253124,1.5333333333333332,0.7135748042764335,0.22352701841000064,0.2579221298546696,0.27740599026314045,1.5360292287451551,2.0891455999204167,0.4351591248312279,0.12831771321048213,0.23070244108954333,Leisure,Consumer Cyclical,HAS
2018Q1,2018,Q1,2018-05-02,2018-04-01,-112492000.0,716341000.0,-80419000.0,-0.9,391502000.0,0.546530214,4729072000.0,1571359000.0,3021837000.0,852526000.0,3157713000.0,517439000.0,4090637000.0,10474863750.0,10591507750.0,12.563534895620958,3.544568728695664,0.36277476849580637,1.0917861545324778,-0.031138256956875814,12.563534895620958,-0.07158898762154288,14.622733795776034,-23.279130404828788,6.666117513566283,-0.6292091882089393,0.6277822120095315,0.006757223930478331,0.1514760189737014,2.594222346297943,-0.0237873307913265,36.18210370150326,0.5465302139623448,-20.176470588235293,-16.438133060288294,0.11614651352794611,0.11064242437885811,-0.536494781893199,-20.232918082295207,-1.2966527474473233,-5.210977224145663,0.002215803355563506,0.08515214545689749,Leisure,Consumer Cyclical,HAS
2017Q4,2017,Q4,2018-02-26,2017-12-31,-5298000.0,1596111000.0,271088000.0,-0.0425,844655000.0,0.5291956512,5289983000.0,1829957000.0,3633926000.0,1251697000.0,3460026000.0,433293000.0,4260222000.0,11318349920.0,11585681920.0,14.69514486701786,2.9031994164721975,0.3494464916049825,1.01016909140488,-0.0014014883240076588,14.69514486701786,-0.002895149995327759,7.091204759568726,-534.0859720649302,6.185035998113617,-13.393922234805586,1.7342906532069524,0.006269553468620804,0.3017232758592986,2.3860670753385205,-0.001001515505815425,23.088448421821358,0.5291956511796485,-1.020334928229665,-1.0423895537106884,0.2964189722541657,0.2656289408408414,-0.08351453521175664,-1.0199485659850216,-0.24894720510660934,-1.031484006478672,0.2410508266619122,0.26068329800629036,Leisure,Consumer Cyclical,HAS
2017Q3,2017,Q3,2017-11-08,2017-10-01,265583000.0,1791502000.0,360944000.0,2.09,921624000.0,0.5144420715,5544648000.0,1956252000.0,3762240000.0,1484757000.0,3588396000.0,629120000.0,4336420000.0,12222850500.0,12860345500.0,15.628760885196133,2.533909589245917,0.33947565291791293,0.962183297448386,0.07138468049280798,15.628760885196133,0.1357611391579408,6.822683145204415,11.50567854493699,6.248096104182897,0.26868060079146633,1.3826901068158697,0.005837999900268763,0.3231047309044686,1.9535385251593358,0.047898982947159136,-60.961543832699085,0.5144420715131772,2.9433962264150937,0.6811720233922285,0.3898146359973523,0.3369754566726421,0.7550697839164687,2.9216071349467683,2.6100176028164506,0.4966863879135468,0.23946444322089377,0.32755882255230434,Leisure,Consumer Cyclical,HAS
2017Q2,2017,Q2,2017-08-02,2017-07-02,67723000.0,972506000.0,99984000.0,0.53,525121000.0,0.5399668485,4912743000.0,1832494000.0,3094805000.0,1472247000.0,3080249000.0,557507000.0,4141903000.0,13871624620.0,14174017620.0,14.629172221645657,2.1020963194355295,0.3533449643101624,0.9472844112995732,0.02183961324141476,14.629172221645657,0.03695673764825424,14.263793354488302,51.207214018870985,7.569806296773686,1.0520945616703337,0.8024742290231334,0.005136456756281514,0.19795580595199055,1.5486851051487964,0.01378517052489821,-169.37270598290598,0.5399668485335823,-0.018518518518518535,0.6221012835311313,0.24658826649175095,0.36199141504912447,0.0958261773243378,-0.012769865449933672,0.27623399665573184,1.0896006632962845,0.2112902445084422,0.3034947406757467,Leisure,Consumer Cyclical,HAS
2017Q1,2017,Q1,2017-05-10,2017-04-02,68599000.0,849663000.0,78343000.0,0.54,479201000.0,0.5639894876,4645870000.0,1851644000.0,2799733000.0,1201814000.0,2794226000.0,416232000.0,4145469000.0,12466875380.0,12617798380.0,14.791615407966,2.3295892708855113,0.3474061908749061,0.8716599951178521,0.021891391739131884,14.791615407966,0.03704761822466954,14.672729517467513,45.4338816163501,6.732868402349481,0.9242700330908614,0.8900372868976917,0.005085797207992946,0.18288565973649715,1.780663230749517,0.014765587500295961,32.6627333534197,0.5639894875968472,-0.6447368421052632,28.531233116284895,0.35538170329525387,0.37150738324490445,-0.44247641407907,-0.6440575950188092,-0.6929615883554047,1.2412305428800077,0.31094704146035856,0.21745264002766787,Leisure,Consumer Cyclical,HAS
2016Q4,2016,Q4,2017-02-22,2016-12-25,192725000.0,1629940000.0,255157000.0,1.52,859517000.0,0.5273304539,5091366000.0,1862736000.0,3227607000.0,1617859000.0,3205926000.0,387675000.0,4148722000.0,9789279720.0,10227968720.0,14.910595787940156,1.9949865841213603,0.3380181271588018,0.9238958177648362,0.05846575285441244,14.910595787940156,0.10346340007386984,6.005914156349314,12.698507873913607,5.255323201999639,0.3300869114022571,1.987290900883472,0.00649853736123499,0.32013805332399986,1.6084516635874944,0.03785329909497766,17.17926844976844,0.5273304538817379,-0.251231527093596,0.46031562889854105,0.2926044963983603,0.3853295840056145,-0.03041252057300979,-0.2524185602681169,-0.2953430120325545,0.5547392692006863,0.3316953706806839,0.15952776915565653,Leisure,Consumer Cyclical,HAS
2016Q3,2016,Q3,2016-11-02,2016-09-25,257798000.0,1679757000.0,362101000.0,2.03,886477000.0,0.5277412149,4955147000.0,1741760000.0,3146987000.0,1615719000.0,3178558000.0,607701000.0,4019370000.0,9960935000.0,10857301000.0,13.878565737051792,1.9477316290765907,0.34847361743254035,0.9913753904097006,0.07721832775216617,13.878565737051792,0.14801005879110785,5.929985706265847,9.659631765956291,5.718890662318575,0.24807795250545,1.3053787964805061,0.006420481611414993,0.33899236490864953,1.4131807572975252,0.052026307191290186,-65.3995167718257,0.5277412149495433,3.951219512195122,0.5911477549186844,0.28851465104272106,0.3308227484691573,0.8170687962349932,3.947568418224389,3.266335980394467,1.1138737601933193,0.2722123239594231,0.18661495634732622,Leisure,Consumer Cyclical,HAS
2016Q2,2016,Q2,2016-07-26,2016-06-26,52106000.0,878945000.0,84874000.0,0.41,487861000.0,0.5550529328,4344385000.0,1612533000.0,2523356000.0,745020000.0,2695387000.0,572391000.0,3825289000.0,10114539750.0,10743594750.0,12.851428571428572,3.386964108346085,0.3575081398172584,0.9631759474069678,0.019769530906020526,12.851428571428572,0.032313137157503134,11.507591203090069,48.528671122327566,6.272454424188528,1.2264422523317853,0.6832462425160424,0.006318132270922165,0.20231747416492782,2.185067514966041,0.011993872550430038,-168.70500300230177,0.5550529327773638,0.07894736842105256,-0.02659676516347486,0.049236799095030294,0.1907325453368096,0.0358620806801268,0.06881910114664315,-0.012128125145490944,0.4835314921718522,0.19125006204906805,0.15027940827587277,Leisure,Consumer Cyclical,HAS
2016Q1,2016,Q1,2016-05-05,2016-03-27,48751000.0,831180000.0,85916000.0,0.38,470971000.0,0.5666293703,4364695000.0,1607390000.0,2524083000.0,768373000.0,2718153000.0,461734000.0,3837372000.0,9785779920.0,10326333920.0,12.831813900020755,3.284970971129907,0.3749251665923965,1.01806904360485,0.021010167171592754,12.831813900020755,0.030329291584494118,11.773358261748358,50.182457385489535,6.08799352988385,1.1775348197985682,0.780122321509787,0.0058662672233895895,0.19043255026983558,2.2990695925025997,0.01116939442504001,37.292657990510854,0.5666293702928367,-0.7266187050359711,2.1151812664445826,0.35913341462805765,0.15365700075268832,-0.3814951928317314,-0.722632180834419,-0.6678945964646446,8.545573168700543,0.2930843036681228,0.13435884227653058,Leisure,Consumer Cyclical,HAS
2015Q4,2015,Q4,2016-02-24,2015-12-27,175763000.0,1465354000.0,258701000.0,1.39,761467000.0,0.5196471296,4720717000.0,1663902000.0,2865598000.0,1064647000.0,3016645000.0,384492000.0,3852321000.0,8454626400.000001,9189554400.0,13.3137722442709,2.6915944909439466,0.36258856440663567,1.0287132295051031,0.05777449287927284,13.3137722442709,0.10563302406031125,5.769681865269416,12.025606071812613,5.081204542094427,0.3265988859998976,1.8306934864704598,0.006789655424632364,0.31040920266984867,2.061340519439777,0.03723226789489817,19.270330812466668,0.5196471296355692,-0.1524390243902439,0.41828682961943203,0.2947412483927142,0.1637250008611081,-0.02112230652347737,-0.15335333985231142,-0.14768373159554174,0.4012471413245178,0.185946872591939,0.1466573223059532,Leisure,Consumer Cyclical,HAS
2015Q3,2015,Q3,2015-11-04,2015-09-27,207599000.0,1470997000.0,303527000.0,1.64,777898000.0,0.5288236482,4580246000.0,1542837000.0,2778116000.0,1050496000.0,2996236000.0,447090000.0,3733995000.0,9023463000.0,10146036000.0,12.332829736211032,2.644575514804435,0.3654530782844415,1.0849266643203397,0.06841994960413599,12.332829736211032,0.1345566641194112,6.134249763935617,10.866457690065944,5.848617190279984,0.27693293320295376,1.550244917130779,0.006371278964628103,0.32116113413995667,1.848237404045327,0.045324858097141506,-45.87190788470337,0.5288236481787523,3.969696969696969,0.4780253444636728,0.2373562952209155,0.145950468136542,0.7473393382600687,3.9654141452797242,3.020225165562914,0.3148617194856932,0.14181123789585165,0.05502226246580392,Leisure,Consumer Cyclical,HAS
2015Q2,2015,Q2,2015-07-29,2015-06-28,41809000.0,797658000.0,75500000.0,0.33,445190000.0,0.5581214004,4231107000.0,1428505000.0,2405829000.0,805903000.0,2761215000.0,403789000.0,3583803000.0,9457030800.0,10326344800.0,11.41954385936863,2.9852587718373056,0.4083498715584361,1.2094966415938342,0.01796162069354075,11.41954385936863,0.029267660946234,11.855996931015548,56.54901337032696,6.62022940066713,1.37367552440862,0.872901441099188,0.006072942048576177,0.1885222945200866,1.9455132937834951,0.009881338382602946,-81.71279906683371,0.5581214003996701,0.5714285714285715,0.10154821581554489,0.24283155217848595,0.03349169597644475,0.09470438383381365,0.5678179022762215,0.3928604372290379,0.0027700642477816347,0.02385220821031448,0.06317161795552402,Leisure,Consumer Cyclical,HAS
2015Q1,2015,Q1,2015-05-06,2015-03-29,26667000.0,713500000.0,54205000.0,0.21,406676000.0,0.5699733707,4260842000.0,1445507000.0,2405308000.0,820727000.0,2773101000.0,340654000.0,3599571000.0,7812052210.0,8522464210.0,11.5776713414976,2.93070411964027,0.4205293226080667,1.239571306123042,0.012599209849758042,11.5776713414976,0.018448198452169377,10.948916902592853,73.23707400532493,5.404368301225799,2.005099936250797,0.9006910237366947,0.0068445523100261,0.1674551649650468,2.003952593249643,0.006258622122106382,27.49464051666491,0.5699733707077785,-0.8432835820895522,-0.5024041641139229,0.16713156964628587,-0.047913273487112946,-0.41148191723213756,-0.8430531278139732,-0.7575251958183664,11.73062316165548,0.14117380277628325,0.0735042311264638,Leisure,Consumer Cyclical,HAS
2014Q4,2014,Q4,2015-02-26,2014-12-28,169911000.0,1298593000.0,223549000.0,1.34,691017000.0,0.5321274641,4532142000.0,1465664000.0,2719100000.0,1074934000.0,3023748000.0,339572000.0,3630072000.0,7028754200.0,7947963200.0,11.656492070813915,2.529550651481858,0.39989391329750923,1.236556263918606,0.05604514511645423,11.656492070813915,0.11592766145583162,5.41259209005439,10.34181748091648,4.795610863062748,0.31820188216183765,1.7892405734277266,0.007692117046858745,0.28652963653830793,1.8492670247661718,0.03749021985630636,17.909844261209013,0.5321274641092321,-0.04285714285714274,0.1411489141989951,0.05001706998519215,0.021927135909569975,-0.10580487874313681,-0.05844051491491048,-0.21785146983702688,0.27914547131717504,0.023191361339072354,0.08299383479271304,Leisure,Consumer Cyclical,HAS
2014Q3,2014,Q3,2014-11-05,2014-09-28,180457000.0,1469899000.0,285814000.0,1.4,772781000.0,0.5257374826,4508802000.0,1498564000.0,2646189000.0,1014028000.0,2966289000.0,499150000.0,3513546000.0,7007479650.0,8193213650.0,11.772556228543596,2.6095817866962254,0.36327121927288003,1.0929916907119082,0.06726684962328713,11.772556228543596,0.12041994869755313,4.767320509776522,9.707963185135517,4.676129714847013,0.3030749707686596,1.396610237403586,0.007804803257616311,0.32600655340376444,1.7417724165407662,0.04002327003935857,-64.25166784335659,0.5257374826433653,4.384615384615384,0.318201429726009,0.26208339562397437,0.1062119616606097,0.7627585294473224,4.3907991038088126,2.461726660530013,0.09810508761359647,0.11165390986840397,0.12887642234897456,Leisure,Consumer Cyclical,HAS
2014Q2,2014,Q2,2014-07-31,2014-06-29,33475000.0,829262000.0,82564000.0,0.26,438393000.0,0.5286543939,4138595000.0,1452048000.0,2204205000.0,724692000.0,2642353000.0,492822000.0,3387006000.0,6863662050.0,7846594050.0,11.223038931527814,3.0415749035452304,0.37913422308778705,1.0805999526186463,0.013902265552988818,11.223038931527814,0.023053645609511533,8.276831749193862,51.259612023898434,4.726883718720042,1.6641971620612397,0.7931240894278259,0.0081165126712496,0.20037283184269059,1.828431940741722,0.008088493800432273,-42.32439229687731,0.5286543939068714,0.08333333333333341,-0.07793923483807012,0.1324289958779741,0.13037993921517593,0.18061169804511926,0.04325739396017079,0.9002946050451114,-0.393525791270261,-0.03995789713758826,0.039856202684143464,Leisure,Consumer Cyclical,HAS
2014Q1,2014,Q1,2014-05-06,2014-03-30,32087000.0,679453000.0,43448000.0,0.24,371327000.0,0.5465087357,4029437000.0,1594422000.0,2142105000.0,1093721000.0,2390835000.0,390824000.0,3408259000.0,7299123840.0,7905983840.0,12.149643379663496,1.958547929499388,0.3472219568143143,0.8775023174542248,0.017595424089701234,12.149643379663496,0.020124534157205557,10.74264715881746,56.86979025773678,4.5779121462197585,1.6326861345716335,0.7884009170368248,0.007177299789449798,0.16862231621936266,1.2294908847868882,0.007963147208902881,33.20772258669166,0.5465087357035733,-0.7551020408163265,0.7464708032024905,0.17432797841461484,0.2399794907181327,-0.42894293689301727,-0.7528251742864847,-0.7634478853608606,0.9571421505756966,0.060522502358672965,0.09232578112550974,Leisure,Consumer Cyclical,HAS
2013Q4,2013,Q4,2014-02-26,2013-12-29,129815000.0,1281773000.0,183672000.0,0.98,650245000.0,0.5073012148,4402267000.0,1682343000.0,2480457000.0,1363280000.0,2674479000.0,348794000.0,3432176000.0,7191615160.0,7905783160.0,12.859196808022748,1.819477290065137,0.31724949895133575,0.830161863543879,0.04743292987660037,12.859196808022748,0.07716321820223343,5.610677678496894,13.849738396949505,4.274761543870661,0.4003004275314871,1.8106045402157147,0.007225775968801979,0.29116203083547637,1.3027910627310604,0.029488215957823548,22.471690654001186,0.5073012148016849,0.020833333333333353,0.49557977739148196,0.12255274578135238,0.30414723025081397,-0.011513805469285624,0.02560557460457914,-0.07565951707547834,0.0006620030814969909,0.08187595178717237,0.12399164879276728,Leisure,Consumer Cyclical,HAS
2013Q3,2013,Q3,2013-11-05,2013-09-29,126574000.0,1370348000.0,198706000.0,0.96,657819000.0,0.4800379174,4590145000.0,1523430000.0,2597285000.0,1648879000.0,3019446000.0,447113000.0,3354820000.0,6140126420.0,7154703420.0,11.695930228094554,1.575182290513737,0.3492798157792401,1.052391642543471,0.0512949929795151,11.695930228094554,0.08308488082813126,4.4807059374698985,12.12754282080048,4.030461800017067,0.41113498822823014,1.59362174662781,0.008475232664672074,0.2985413314829924,1.0940505640498788,0.02757516374755046,-22.286401292149105,0.4800379173757323,2.428571428571428,-0.008413296759822357,0.1397727007412833,0.2164619521166363,0.5830347280546176,2.46968201754386,1.6820267789655545,-0.13449276259269205,0.10709128076883985,0.08677059578826433,Leisure,Consumer Cyclical,HAS
2013Q2,2013,Q2,2013-07-31,2013-06-30,36480000.0,766342000.0,74088000.0,0.28,415543000.0,0.5422422365,4178299000.0,1456026000.0,2366202000.0,1296722000.0,2722273000.0,359969000.0,3280215000.0,5959670790.0,6522596790.0,11.172440781749959,1.8247565785110456,0.37940582998009476,1.088765585229934,0.017399108205397758,11.172440781749959,0.02505449765320125,7.776776935102083,40.84204214638158,4.0931073964338545,1.4288651315789473,0.9745255841475238,0.008746288484166422,0.18341004317785778,1.28234733427828,0.008730825630238526,-207.85682163783483,0.5422422364949331,6.426356589147287,0.03674033804522622,0.04095614492980664,0.1856966957287117,0.1984627808381161,6.468445510418229,10.422756706753006,-0.07742751035792658,0.1461200560018637,0.011128370267983446,Leisure,Consumer Cyclical,HAS
2013Q1,2013,Q1,2013-05-08,2013-03-31,-6671000.0,663694000.0,6486000.0,-0.0516,346730000.0,0.5224244908,4060645000.0,1463088000.0,2250396000.0,741673000.0,2597557000.0,323754000.0,3296140000.0,5634050400.0,6123366400.0,11.311952992113808,3.0342158875946676,0.3832777797615896,1.0637466782585874,0.0008688431679728414,11.311952992113808,-0.004559534354734643,8.488927728742462,-211.1396492280018,3.850793937206785,0.0,0.9790272861493603,0.0,0.1634454624819456,2.1253503902663304,-0.0016428424548316832,20.618439321800675,0.5224244908044973,-1.0521212121212122,-1.1958943979058305,0.03698937207886913,0.27088915950022097,-0.48827427424472747,-1.0511976300662322,-0.9675951137868152,-1.120159923341665,0.047996557367201584,-0.06976455134576551,Leisure,Consumer Cyclical,HAS
2012Q4,2012,Q4,2013-02-27,2012-12-30,130299000.0,1283529000.0,200155000.0,0.99,677570000.0,0.5278961364,4325387000.0,1507379000.0,2508202000.0,960435000.0,2818008000.0,316049000.0,3354545000.0,4660681600.0,5431766600.0,11.610942506778407,2.611527068463769,0.37471467870967384,1.0752345627741928,0.048008493377039364,11.610942506778407,0.08644076904348541,3.6311463161330986,8.942281982210147,3.091910926183793,0.7155312013139011,1.9172944701612724,0.02000415561535034,0.2967431584734499,1.957092359191408,0.030124240906073838,13.166325126770909,0.5278961363553142,-0.20161290322580647,0.209055668175645,0.22722373539529767,0.35046829946458546,0.012209496009094753,-0.20960012617378013,-0.19816762945573707,-0.1524341102295795,0.005172386862262974,0.017933795954980576,Leisure,Consumer Cyclical,HAS
2012Q3,2012,Q3,2012-11-07,2012-09-30,164852000.0,1345137000.0,249622000.0,1.24,669397000.0,0.4976422476,4446287000.0,1526889000.0,2618980000.0,1126619000.0,2919398000.0,463433000.0,3270534000.0,4951766290.0,5918684290.0,11.68963933271576,2.324636811557412,0.37416635498338274,1.0895690518433232,0.05733618836731101,11.68963933271576,0.10796593596522079,3.6812356585240016,7.5094119118967315,3.2430427424652346,0.28458253463712907,1.458118001954975,0.009474195115941145,0.30253040345798643,1.6795828935957942,0.0370763290808713,-60.40433646022665,0.4976422475926244,2.7575757575757573,0.2135412065162213,0.3082010065593175,0.34240307855264807,0.5618586527917123,2.796071568379119,1.8930947358661134,0.17354685240250098,0.12555117260859278,0.09842064937397763,Leisure,Consumer Cyclical,HAS
2012Q2,2012,Q2,2012-08-03,2012-07-01,43427000.0,811467000.0,86282000.0,0.33,428590000.0,0.5281668879,4014721000.0,1399490000.0,2145826000.0,838693000.0,2615231000.0,416905000.0,3152647000.0,4446934220.0,5287165220.0,10.741016470443766,2.558535721652619,0.4035553155499473,1.1576802978227783,0.020799225674468277,10.741016470443766,0.031030589714824686,5.480117145860522,25.600054228935917,3.1775391178214925,1.075920510281622,0.918379486933474,0.010507013976024137,0.20212288724421945,1.70663282035262,0.01081694095305751,-40.059944147666364,0.5281668878709793,17.582914572864322,10.110002484009478,0.4415260535435409,0.11117187537041547,0.2628616889622252,17.83869716944552,4.486582729238204,0.18780424258561434,0.10036347379221691,0.08183083200947175,Leisure,Consumer Cyclical,HAS
2012Q1,2012,Q1,2012-05-10,2012-04-01,-2579000.0,648850000.0,15726000.0,-0.0199,339380000.0,0.5230484704,3897137000.0,1397393000.0,2018902000.0,725877000.0,2499744000.0,396981000.0,3156152000.0,4831628010.0,5519923010.0,10.784933124435629,2.7813279660328125,0.4034035754965761,1.1250371226991978,0.002806806181032958,10.784933124435629,-0.0018455795899936524,7.446448347075595,-468.36254459092675,3.4576014120580254,-14.964327258627375,0.7795587194349352,0.007987576841620304,0.16649401855772583,1.8465993549871398,-0.0006617678567625413,18.462186325008407,0.5230484703706558,-1.0187735849056605,-1.0973883887714255,0.2888385355151854,0.13268294693015648,-0.4641238682620737,-1.0185366204269388,-0.9273890820439655,-1.1421746599526739,0.13582895893010685,0.1006986349452176,Leisure,Consumer Cyclical,HAS
2011Q4,2011,Q4,2012-02-22,2011-12-25,139130000.0,1329338000.0,216579000.0,1.06,633318000.0,0.4764160808,4130774000.0,1417515000.0,2253692000.0,942344000.0,2713259000.0,333993000.0,3205420000.0,4271031000.0,5210645000.0,10.763211845102505,2.3915809937772194,0.38281009805910465,1.115545161779593,0.05312446823643889,10.763211845102505,0.098150636853931,3.2129007069684308,7.674532811040034,3.013041131839875,0.2781427441960756,2.0839358908719645,0.009060575771985734,0.32181329697533684,1.7788281137249242,0.033681339138863564,11.628307958703607,0.4764160807860755,-0.16535433070866137,0.704400474494331,0.579514073221082,0.22267074325173294,-0.05054045545177878,-0.18632668577109773,-0.12695104647037958,0.5922835886422667,0.15650092434864435,0.09157773428241896,Leisure,Consumer Cyclical,HAS
2011Q3,2011,Q3,2011-11-02,2011-09-25,170990000.0,1375811000.0,248072000.0,1.27,667030000.0,0.4848267676,4084726000.0,1381242000.0,2210305000.0,942443000.0,2703484000.0,518866000.0,3104738000.0,4646275840.0,5877552840.0,10.42856064266731,2.3452930309843674,0.3472054184295348,1.026785313507698,0.06841975640811815,10.42856064266731,0.12379438215750752,3.3771178163279694,6.793198198725072,3.363839095538653,0.23521843382653956,1.3660193575990718,0.008656395225988132,0.3368184304161405,1.5358838677776798,0.0418608249366053,-31.315889140515473,0.48482676763014687,2.023809523809524,1.082253585237886,0.605602455134742,0.1809074741375885,0.2574937222402365,1.945513427847927,2.0852040245252277,0.31734410362357063,0.1253522613981514,0.08464628206084426,Leisure,Consumer Cyclical,HAS
2011Q2,2011,Q2,2011-07-29,2011-06-26,58051000.0,908454000.0,80407000.0,0.42,530444000.0,0.5838974786,3940745000.0,1468619000.0,2046105000.0,706525000.0,2472126000.0,426930000.0,2972323000.0,5953193750.0,6783876750.0,10.792875882798205,2.896012172251513,0.35918614373678076,0.9638040907818842,0.030563106179966815,10.792875882798205,0.03952761063284623,6.553104229823414,25.637774327746293,4.053599844479746,0.7030542109524384,0.8854144707563301,0.006855647861284541,0.23052849144007034,2.013729167403843,0.014730970920473159,-33.75610969669821,0.5838974785734886,2.5,1.6663537218992746,1.1416484200549586,0.25365870334474494,0.46728480778061154,2.375843219353338,0.643541892361466,0.5800614644076926,0.1818486287437955,0.1454146431948691,Leisure,Consumer Cyclical,HAS
2011Q1,2011,Q1,2011-05-04,2011-03-27,17196000.0,671986000.0,48923000.0,0.12,361514000.0,0.5379784698,3940341000.0,1530988000.0,2060781000.0,626532000.0,2409353000.0,401309000.0,2954517000.0,6434903750.0,6942099750.0,11.122728758763486,3.2891871444714713,0.3640847327680523,0.9370537195588731,0.012421355646779667,11.122728758763486,0.011231962628054563,9.575949126916335,93.55233411839963,4.2031052823405535,1.994475459409165,0.7736482361472082,0.005329838849570982,0.170540062395615,2.3724279047199506,0.004364089300900607,25.324495863800582,0.5379784697895492,-0.8787878787878788,5.514440911245697,0.8459945573529875,0.2134752099560234,-0.4413234635058493,-0.8771837102004085,-0.7566613114215938,-0.5255057775742189,-0.013404669715367846,0.24962996340496507,Leisure,Consumer Cyclical,HAS
2010Q4,2010,Q4,2011-02-23,2010-12-26,140014000.0,1278697000.0,201049000.0,0.99,647090000.0,0.5060542099,4093226000.0,1615420000.0,2221049000.0,718801000.0,2477806000.0,364194000.0,2978317000.0,6849612000.0,7534065000.0,11.440651558073654,3.0899358793323883,0.34502101765209153,0.8742302311473177,0.05362483729355785,11.440651558073654,0.08667343477238118,5.356712340765639,12.23022697730227,4.2401431206744995,0.24374705386604198,1.7342597626539702,0.004982471999873861,0.31239345201071234,2.349813091523245,0.03420627153252716,21.04529449718868,0.5060542098714551,-0.09174311926605512,1.0711157361020214,0.6629739493245551,0.3070470907542098,0.009425191249329223,-0.09763862751669201,-0.15439293059720638,0.1945297406364036,0.124102713781155,0.33066176543194664,Leisure,Consumer Cyclical,HAS
2010Q3,2010,Q3,2010-11-03,2010-09-26,155164000.0,1313302000.0,237757000.0,1.09,641048000.0,0.4881192597,4215617000.0,1487311000.0,2346710000.0,978486000.0,2728306000.0,467953000.0,2872699000.0,6223100970.0,7233378970.0,10.762096686661987,2.3983071806852627,0.3577604417099561,1.0140320349946985,0.056216947382585196,10.762096686661987,0.10432518820878754,4.738514804667928,10.026650785620378,4.1841289212545325,0.22429171715088553,1.4365844433094777,0.005592388773341725,0.3115325704398668,1.7459248267220993,0.036806949018376195,-32.17303242583727,0.488119259698074,2.7586206896551726,1.2014858051956967,0.7361804021986591,0.16287453269950802,0.6546718393875334,2.5562787926015904,1.98217645435617,0.07957477416983451,0.20718552650140873,0.23588686636578488,Leisure,Consumer Cyclical,HAS
2010Q2,2010,Q2,2010-07-30,2010-06-27,43631000.0,737791000.0,79726000.0,0.29,387417000.0,0.5251039929,3973676000.0,1588926000.0,2079834000.0,656855000.0,2384750000.0,342113000.0,2751106000.0,6177690960.0,6713027960.0,11.049478098205158,3.166351782356837,0.3542342153713589,0.8858889589571824,0.019018758904335832,11.049478098205158,0.027459428569990042,8.373226238867105,35.39737205198139,3.8879664377069796,0.8440329123788133,1.0241469923680186,0.005961126938599726,0.1856696419134323,2.3380487322163948,0.010980009442138715,-51.05782898325537,0.5251039928651882,-0.32558139534883723,0.7847785611613658,0.5530172833992713,0.19167552515526493,0.058776748380749366,-0.25977639414349457,0.1499992787802732,9.113745131378552,0.1875379495525517,0.14308262481788156,Leisure,Consumer Cyclical,HAS
2010Q1,2010,Q1,2010-05-05,2010-03-28,58943000.0,672371000.0,69327000.0,0.43,365910000.0,0.5442084801,4078023000.0,1669854000.0,2212840000.0,691843000.0,2408169000.0,226784000.0,2744517000.0,5385690400.0,5666464400.0,12.160311680745703,3.198471329477931,0.3777744755240468,0.922579459042527,0.023471034935348745,12.160311680745703,0.03529829553961005,8.009998051670879,22.84279049250971,3.2252462790160097,0.4630235990702882,1.351334309298716,0.0050675025805419485,0.1648767061882682,2.58126482453389,0.014453817450269408,22.04232894316796,0.5442084801396848,-0.6355932203389831,21.550143705494953,0.9131922287587471,0.3350248120378995,-0.5499699291212785,-0.6439844651280782,-0.7154052356536768,1.1001745289247664,0.2601739263930812,0.27713148623320966,Leisure,Consumer Cyclical,HAS
2009Q4,2009,Q4,2010-02-24,2009-12-27,165563000.0,1375184000.0,243599000.0,1.18,813079000.0,0.5912510617,3896892000.0,1594772000.0,2045032000.0,815888000.0,2302120000.0,207895000.0,2720549000.0,4514594060.0,5024660060.0,11.406382765674396,2.506510697546722,0.294108997631959,0.718667621453098,0.06499465210195092,11.406382765674396,0.10381609408743069,3.2829018225924678,6.817033485742587,2.830871159012072,0.16703007314436197,2.703792780009139,0.006125467679368718,0.3528925102363627,2.0527903339674074,0.04248590928360345,10.128403494445143,0.5912510616761103,0.20408163265306117,1.9185309498633694,0.8742957897806024,0.4044733628279274,0.11503644429816441,0.10109602160120243,0.055871249062672025,0.9105097688241639,0.5391608394100619,0.2957331598250309,Leisure,Consumer Cyclical,HAS
2009Q3,2009,Q3,2009-10-30,2009-09-27,150362000.0,1279221000.0,230709000.0,0.98,729195000.0,0.5700305108,3861327000.0,1487932000.0,1991905000.0,887115000.0,2373395000.0,399917000.0,2582267000.0,3802940800.0,4673367800.0,10.642224669918606,2.2453740495877086,0.3024310036420122,0.7848376135468557,0.05995775056082645,10.642224669918606,0.10105434925789619,2.972856762045026,6.322975219802875,2.555856584843931,0.1860909006264881,1.37535038520493,0.007357726946472583,0.3312905123031538,1.593244393342464,0.03894049895282114,-71.97631917631918,0.5700305107561555,2.769230769230769,1.150886177349908,0.7131359970670663,0.2570532138661758,0.5424537281861449,2.8284404837683006,2.157240020253719,0.7345856286369187,0.41422845204488434,0.20510232282102653,Leisure,Consumer Cyclical,HAS
2009Q2,2009,Q2,2009-05-07,2009-06-30,39275000.0,792202000.0,73073000.0,0.26,472750000.0,0.5967543632,3478176000.0,1389670000.0,1602229000.0,612723000.0,2088506000.0,346814000.0,2459705000.0,3392800080.0,4147447080.0,9.92855458786714,2.614932032908835,0.3296788316634926,0.8251462577446445,0.01990227632473098,9.92855458786714,0.02826210539192758,4.282746168275263,21.59643590070019,2.441442990062389,0.7121323997453851,0.9211046843553028,0.008243633382607089,0.22776363243263137,1.7048339951332006,0.01129183802084771,-18.41771027174916,0.596754363154852,0.857142857142857,1.550925959600163,0.8769878202338226,0.19989440518134097,0.46755697939366847,0.9906234161175874,0.7728849746463837,0.7537616009487951,0.8156305254153684,0.15326248590991604,Leisure,Consumer Cyclical,HAS
2009Q1,2009,Q1,2009-03-31,2009-03-31,19730000.0,621340000.0,41217000.0,0.14,322134000.0,0.5184504458,2927822000.0,1380855000.0,1449820000.0,571252000.0,1546967000.0,295248000.0,2448405000.0,3533079274.9700003,3698130274.9700003,9.798261560461007,2.5379692324928405,0.2580208086420554,0.5470806130984064,0.013316002287977906,9.798261560461007,0.014288248947210242,5.686225375752406,44.767857006715666,2.558617142980255,1.4117587430309173,1.01340567929334,0.007883774416648635,0.21221918545594642,1.6725105557617304,0.0067387976454852784,-74.86606363303103,0.5184504458106672,-0.7878787878787878,2.766668719354215,0.633808822993808,0.22625496575999282,-0.5341808101593104,-0.789166604332076,-0.7281361924424011,6.0590038937272235,0.667097100034585,0.06897756496277808,Leisure,Consumer Cyclical,HAS
2008Q4,2008,Q4,2009-02-25,2008-12-28,93581000.0,1231053000.0,151609000.0,0.66,691543000.0,0.5617491692,3168797000.0,1390786000.0,1714006000.0,799892000.0,1778011000.0,300463000.0,2456650000.0,3991715000.0,4078634000.0,9.860233959588799,2.1427967775649712,0.22636634659777827,0.5157579958383245,0.05234184960962007,9.860233959588799,0.06728641214392438,3.2425208337902593,10.663796604011498,2.870114453265995,0.29759246000790757,1.795595464333379,0.006976700490891759,0.3884922259141245,1.552904642126687,0.029532027453951767,7.437862766106116,0.5617491692071747,-0.2584269662921348,0.6440538892663923,0.4733255843741024,0.3317813366613204,-0.050242677778296614,-0.3230002387342743,-0.2978626838022462,0.3857414043911381,0.6027144657425352,0.12649092104736848,Leisure,Consumer Cyclical,HAS
2008Q3,2008,Q3,2008-10-31,2008-09-28,138229000.0,1301961000.0,215925000.0,0.89,728126000.0,0.559253311,3406752000.0,1356155000.0,1942618000.0,1105405000.0,2050597000.0,461601000.0,2390924000.0,4795700000.0,5381559000.0,9.614711095356256,1.75738123131341,0.27661860916204056,0.6948844343013888,0.06443688227609515,9.614711095356256,0.101927139596875,3.6834436668993926,8.673469387755102,3.536247700299745,0.20509444472578114,1.2431407210989578,0.005911545759743103,0.38217075971482517,1.1791524373419697,0.040575011036905535,-169.84346224677716,0.559253310967072,2.56,1.5128205135545687,0.6686742429743527,0.32756186470579585,0.5294708274517712,2.6874833271087875,2.2961119846128013,0.9215686245288552,0.6863978088488822,0.038896322675672786,Leisure,Consumer Cyclical,HAS
2008Q2,2008,Q2,2008-05-02,2008-06-30,37486000.0,784286000.0,65509000.0,0.25,476064000.0,0.6070030576,3205311000.0,1308217000.0,1719356000.0,939062000.0,1897094000.0,375033000.0,2280671000.0,4959258961.639999,5402428961.639999,9.42268020312188,1.8309291612268412,0.3237723266166684,0.7932865877755755,0.018933603066725507,9.42268020312188,0.02865426760239318,6.323278703993186,33.074074065251025,3.7908534758683,0.7455850184068719,0.8218530102684297,0.005635721025295565,0.2446832772233334,1.232211504671683,0.011694965012755392,-30.710338183979932,0.6070030575580847,0.041666666666666706,2.8571428581718123,0.5845156065109255,0.17328324749414717,0.09930517550726345,0.0004270082732852949,0.06948231107047818,0.58823529885514,0.7099128186053021,0.01622694570971195,Leisure,Consumer Cyclical,HAS
2008Q1,2008,Q1,2008-03-31,2008-03-31,37470000.0,704220000.0,61253000.0,0.24,433059000.0,0.6149484536,3126479000.0,1266711000.0,1722811000.0,895881000.0,1859768000.0,291199000.0,2271427000.0,3970560600.0,4154663600.0,8.900817909692652,1.9230355370858407,0.325056717156904,0.8023006036893972,0.01805864105446553,8.900817909692652,0.02958054362834143,5.63823890261566,26.491597277822258,3.1345433962442892,0.6116092874299439,0.9311879505080718,0.0057717290601231475,0.2252437966159376,1.3627624651041823,0.011984727867994635,30.758556953396134,0.6149484536082475,-0.7108433734939759,37.290797946846894,0.8530071698669615,0.2192306264586605,-0.4293663667185394,-0.7198127598480543,-0.6939018235061891,13.60527977680865,0.9334999213167993,-0.022820050271744677,Leisure,Consumer Cyclical,HAS
2007Q4,2007,Q4,2008-02-27,2007-12-30,133732000.0,1297844000.0,200109000.0,0.83,758909000.0,0.5847459325,3237063000.0,1385092000.0,1888240000.0,887671000.0,1851971000.0,259081000.0,2261561000.0,4120937999.9999995,4201751999.9999995,8.597715704531346,2.127184508674948,0.26421234310237396,0.6174838927666899,0.06391077360843792,8.597715704531346,0.09655098722684125,3.175218285094356,7.703724613405916,2.975208866992229,0.1764050489037777,2.080179557744489,0.005724667539283533,0.4009325737559016,1.610108925491539,0.041312757891953295,7.827741507788918,0.584745932484952,-0.12631578947368421,1.313154435033391,0.3989030754032281,0.24993021458126982,0.08104231242592762,-0.1723480628790692,-0.04590510973266519,1.0459333233811854,0.5351645493499287,0.05864084488906592,Leisure,Consumer Cyclical,HAS
2007Q3,2007,Q3,2007-11-02,2007-09-30,161580000.0,1223038000.0,209737000.0,0.95,702016000.0,0.5739936126,3286173000.0,1352921000.0,1907418000.0,970958000.0,1933252000.0,395466000.0,2150667000.0,4631442126.849999,5076012126.849999,8.707995027335079,1.964470141859895,0.26033656779481784,0.6323436475596136,0.07525176176701405,8.707995027335079,0.11943047672406593,3.7868342004500266,7.1658654023548705,3.423290884574931,0.15833023889095185,1.3174887348090607,0.00552376544914313,0.37217699737658366,1.3426420092321192,0.04916965722741925,-1098.800030094899,0.5739936126269176,30.666666666666664,2.2499999919544496,0.6743560246297868,0.3341996731979388,0.678676983997934,32.65548843990835,2.760277533750471,1.0799999948508479,0.47394950827030746,0.02858316517066707,Leisure,Consumer Cyclical,HAS
2007Q2,2007,Q2,2007-08-10,2007-07-01,4801000.0,691408000.0,55777000.0,0.03,418196000.0,0.6048469211,2908944000.0,1546944000.0,1533946000.0,619360000.0,1362000000.0,352457000.0,2012833000.0,5170676989.2300005,5228812989.2300005,9.66638618968212,2.476663006974942,0.2006601020851553,0.3773304011004923,0.005722977255151508,9.66638618968212,0.0031035383310578793,7.478474343990814,269.24999943917936,3.3425107755872228,5.337637992084982,0.7751640625664975,0.004956024144106542,0.23768350301690236,1.5229591836734695,0.0016504270965683767,-111.6198296612987,0.6048469210654202,-0.8421052631578947,1.2000000008028593,0.3656723076991772,0.5276969516487813,0.0952843654649503,-0.8540285801155366,0.038155862043292944,-0.7272727272837333,0.4327655286292655,0.16821059950614484,Leisure,Consumer Cyclical,HAS
2007Q1,2007,Q1,2007-05-03,2007-04-01,32890000.0,625267000.0,53727000.0,0.19,381815000.0,0.6106431333,2892131000.0,1532251000.0,1548028000.0,622033000.0,1359880000.0,265402000.0,2033834000.0,4626565000.0,4440231000.0,9.521581616166637,2.488658961823569,0.17366433263223555,0.3277922481368914,0.01751115313181145,9.521581616166637,0.021465151597225257,7.399343000670114,35.16695804195804,3.0194563423355576,0.5867132867132867,0.9172952728314029,0.004170912977554622,0.21619594686409432,1.657014981520273,0.011372237288006664,134.6967800163037,0.6106431332534741,-0.6935483870967741,3.0438219283636996,0.4654732621855172,0.22550977695611776,-0.43053908737704794,-0.6962560721080142,-0.7211782472637823,4.498857215776076,0.4398447310314889,0.1916283992488201,Leisure,Consumer Cyclical,HAS
