Quarters,Year,Quarter,FillingDate,Date,NetIncome,Revenue,OperatingIncome,EPSDiluted,GrossProfit,GrossProfitRatio,TotalAssets,CommonStockEquity,CurrentAssets,CurrentLiability,TotalLiability,Inventory,RetainedEarnings,MarketCap,EnterpriseValue,bookValuePerShare,currentRatio,debtToAssets,debtToEquity,roic,shareholdersEquityPerShare,roe,priceToSalesRatio,peRatio,pbRatio,payoutRatio,inventoryTurnover,dividendYield,assetTurnover,quickRatio,returnOnAssets,priceToFreeCashFlowsRatio,grossProfitMargin,epsdilutedGrowth,fiveYNetIncomeGrowthPerShare,fiveYRevenueGrowthPerShare,fiveYShareholdersEquityGrowthPerShare,grossProfitGrowth,netIncomeGrowth,operatingIncomeGrowth,threeYNetIncomeGrowthPerShare,threeYRevenueGrowthPerShare,threeYShareholdersEquityGrowthPerShare,Industry,Sector,Symbol
2023Q1,2023,Q1,2023-05-09,2023-03-31,178336000.0,598720000.0,5156000.0,3.24,328715000.0,0.5490295965,6760402000.0,1021184000.0,604206000.0,657963000.0,5738790000.0,14288000.0,-340793000.0,1062278400.0,5477473400.0,18.76486585814039,0.9182978374163897,0.7040204118039134,4.660728135184256,0.00040372718517586736,18.76486585814039,0.1746365003760341,1.7742490646712987,1.4891530593935043,1.0402419152669842,0.0,18.897326427771556,0.0,0.08856278073404511,0.7016412777010257,0.026379496367227865,-15.432690715209274,0.5490295964724746,1.3652762119503947,8.551218476338649,2.865433891777141,0.0,0.0008769071970331306,1.3657956757444172,-0.4628047509897895,12.65268934047295,2.1820739722470637,2.4638727292033864,Resorts & Casinos,Consumer Cyclical,BALY
2022Q4,2022,Q4,2023-03-01,2022-12-31,-487529000.0,576689000.0,9598000.0,-8.87,328427000.0,0.5695045336,6300113000.0,805819000.0,522713000.0,755802000.0,5493866000.0,14191000.0,-535373000.0,1065318134.88,5377499134.88,14.659256900530574,0.6916004456193553,0.7181928324142758,5.615027692322966,0.0014203752699263026,14.659256900530574,-0.6050105544793558,1.8473009453622316,-0.5462844953223295,1.3220315416737505,0.0,17.494327390599675,0.0,0.09153629466646074,0.49547368226069793,-0.07738416755382006,125.34629190257677,0.5695045336394486,-887.9999999999999,-15.860775573843483,2.491348111721999,0.8200481505651527,0.002649904292051203,-823.1399662731872,-0.8211397264358391,-23.364104626338598,1.7089173526486263,1.3350967328202772,Resorts & Casinos,Consumer Cyclical,BALY
2022Q3,2022,Q3,2022-11-09,2022-09-30,593000.0,578249000.0,53662000.0,0.01,327559000.0,0.566467041,6293191000.0,1092173000.0,448716000.0,691317000.0,5200446000.0,15607000.0,-58364000.0,1126715200.0,5214477200.0,19.15420904945633,0.6490741584540811,0.6756864681208626,3.8933612165838194,0.002982306978410286,19.15420904945633,0.0005429542755589087,1.948494852563515,475.00640809443513,1.0316270407710135,0.0,16.062664189145895,0.0,0.09188486413331488,0.45507053927503593,9.42288260438941e-05,-178.56025356576862,0.5664670410152028,-0.9897959183673469,-0.9765472810943187,2.3889837437556105,0.0,0.08441341318475408,-0.990033780944858,-0.37104279234402654,-0.9438193605750865,1.965200845286266,1.7560804899849463,Resorts & Casinos,Consumer Cyclical,BALY
2022Q2,2022,Q2,2022-08-04,2022-06-30,59501000.0,552496000.0,85319000.0,0.98,302061000.0,0.5467207002,6235993000.0,1414165000.0,452935000.0,505079000.0,4818068000.0,14502000.0,-84536000.0,1196808680.0,5045419680.0,23.37231018411397,0.8967607047610374,0.6454094800940283,2.846039182132212,0.012800237570115799,23.37231018411397,0.04207500539187436,2.166185239350149,5.028523386161577,0.8463005943436587,0.0,17.26899737967177,0.0,0.08859791856725946,0.6585524244722113,0.009541543744516712,81.72131649026971,0.5467207002403637,30.21019108280255,0.7887526400915497,2.0426545574485204,0.0,0.047288348322943465,30.498676548438326,0.7896713024143646,1.3546983468134295,1.6228032138505966,1.3032287618762235,Resorts & Casinos,Consumer Cyclical,BALY
2022Q1,2022,Q1,2022-05-05,2022-03-31,1889000.0,548271000.0,47673000.0,0.0314,288422000.0,0.5260573694,6408028000.0,1547463000.0,510914000.0,528786000.0,4856805000.0,13583000.0,-144037000.0,1844922580.0,5679401580.0,25.783744605695052,0.9662018283388744,0.6234766764439855,2.581810356693504,-0.004025299479934775,25.783744605695052,0.0012207077002810407,3.3649829737483836,244.166566966649,1.1922240337894994,0.0,19.130457189133477,0.0,0.0855600194006643,0.722303540562723,0.0002947864772126464,-36.15935439614284,0.5260573694395655,1.0167914438502674,-0.9082648088503044,2.2096229289366813,0.0,0.005280456733366561,1.0163849109628846,1.5254786548063888,-0.9315848234149827,1.8964817383445065,1.448431183548855,Resorts & Casinos,Consumer Cyclical,BALY
2021Q4,2021,Q4,2022-03-01,2021-12-31,-115289000.0,547665000.0,-90723000.0,-1.87,286907000.0,0.5238731706,6553217000.0,1615802000.0,424639000.0,0.0,4937415000.0,0.0,0.0,2348846828.9,6100411828.9,26.181964427540027,0.0,0.0,0.0,-0.04745135726373731,26.181964427540027,-0.07135094522719987,4.288838667616153,-5.0933888508444,1.453672435669717,0.0,0.0,0.0,0.08357193115991733,0.0,-0.01759273346205383,-127.26738344711747,0.5238731706426374,-5.233333333333333,-4.1301743475746795,1.9532900832880025,2.2506719991231017,0.4406360938574865,-6.817793449515156,-4.271183385014783,-4.1301743475746795,1.9532900832880025,2.2506719991231017,Resorts & Casinos,Consumer Cyclical,BALY
2021Q3,2021,Q3,2021-11-09,2021-09-30,-14747000.0,314779000.0,27734000.0,-0.3,199153000.0,0.6326756232150175,4969703000.0,1313691000.0,2242478000.0,270576000.0,3652252000.0,12048000.0,-8328000.0,2482230840.0,5405594840.0,26.535995636892498,8.287793448051564,0.6212892400209832,2.350341899274639,0.004120442607665691,26.535995636892498,-0.011225623072701267,7.885630362889519,-42.08026785108835,1.8895089027785072,0.0,9.59711155378486,0.0,0.06333959997207077,1.1324618591449354,-0.002967380545678484,473.25659485224026,0.6326756232150175,-1.2142857142857144,-1.6717560100856435,1.124857069117886,0.0,0.11976812180914469,-1.2139044414145224,-0.6556151591913774,-1.6717560100856435,1.124857069117886,0.0,Resorts & Casinos,Consumer Cyclical,BALY
2021Q2,2021,Q2,2021-08-09,2021-06-30,68942000.0,267733000.0,80532000.0,1.4,177852000.0,0.6642886756582117,3757309000.0,1367224000.0,1070437000.0,229075000.0,2390085000.0,12190000.0,6696000.0,2605721160.0,4272050160.0,28.391560760860536,4.672866964967805,0.495610821468237,1.3620028612721837,0.015404282888140114,28.391560760860536,0.05042480237327607,9.732536370189704,9.448961300803575,1.9058480249030152,0.0,7.373338802296964,0.0,0.0712565828362799,1.335885626978064,0.018348770356656854,-241.76295787715716,0.6642886756582117,5.666666666666667,1.6041016838951567,0.8525649871984842,0.0,0.4131275971936404,7.440168145726296,1.7323064395738617,1.6041016838951567,0.8525649871984842,0.0,Resorts & Casinos,Consumer Cyclical,BALY
2021Q1,2021,Q1,2021-05-10,2021-03-31,-10705000.0,192266000.0,29474000.0,-0.3,125857000.0,0.6545983169151072,2138800000.0,454697000.0,326109000.0,162910000.0,1684103000.0,10784000.0,24087000.0,2328038460.0,3375032460.0,12.69146174672733,2.0017739856362406,0.5604296801945016,2.6361445094205593,0.011824474314772938,12.69146174672733,-0.0235431507135521,12.108425098561368,-54.368016347501175,5.119977611464338,0.0,6.158104599406528,0.0,0.08989433327099308,1.589613897243877,-0.005005143070880868,252.5535322195704,0.6545983169151072,-1.4918032786885245,-1.8708723926461746,0.8854936286587233,0.0,0.6843366076925136,-1.5293477723384266,2.671145886488632,-1.8708723926461746,0.8854936286587233,0.0,Resorts & Casinos,Consumer Cyclical,BALY
2020Q4,2020,Q4,2021-03-10,2020-12-31,20223000.0,118096000.0,-17637000.0,0.61,74722000.0,0.6327225308223818,1929855000.0,326598000.0,288955000.0,143194000.0,1603257000.0,9296000.0,34792000.0,1646268760.76,2686223760.76,9.964969226790542,2.017926728773552,0.6028432187910491,3.562177355648228,0.007485470140940606,9.964969226790542,0.061920158727242665,13.940089086505893,20.351440942985707,5.04065781407112,0.0002472432378974435,4.665877796901893,3.0371711589131715e-06,0.06119423480002384,1.5554143330027794,0.010479025626277621,155.69025541516928,0.6327225308223818,1.7727272727272727,0.03389061123759702,0.19915317558957743,0.23721986282963284,-0.06645344261066204,2.0080321285140563,-1.7542659196852415,0.03389061123759702,0.19915317558957743,0.23721986282963284,Resorts & Casinos,Consumer Cyclical,BALY
2020Q3,2020,Q3,2020-11-06,2020-09-30,6723000.0,116624000.0,23383000.0,0.22,80041000.0,0.6863167101111264,1256881000.0,156165000.0,194761000.0,96075000.0,1100716000.0,8575000.0,14569000.0,800131660.0,1679967660.0,5.127224374548558,2.027176684881603,0.7915077083669815,6.370383888835526,0.020191024108841556,5.127224374548558,0.04305061953702814,6.860780456852792,29.753520005949724,5.123629878653988,0.0,4.266239067055394,0.0,0.09278841831486036,1.3826073380171742,0.005348955072118999,53.43473086683585,0.6863167101111264,1.2857142857142856,-0.5022314576914342,0.27958269697362537,0.0,4.585554780181438,1.2854171088940778,2.115441492152841,-0.5022314576914342,0.27958269697362537,0.0,Resorts & Casinos,Consumer Cyclical,BALY
2020Q2,2020,Q2,2020-08-13,2020-06-30,-23555000.0,28924000.0,-20963000.0,-0.77,14330000.0,0.4954363158622597,1199961000.0,147559000.0,393906000.0,78674000.0,1052402000.0,8994000.0,7846000.0,678775080.0,1308409080.0,4.845625903060554,5.006812924218929,0.8006235202644086,6.510731300700059,-0.012166397410664404,4.845625903060554,-0.15963106282910564,23.467538376434796,-7.2041507111016765,4.600024939176872,0.0,1.622637313764732,0.0,0.02410411671712664,4.359763072933879,-0.019629804635317313,-18.78078357589508,0.4954363158622597,-1.7499999999999998,-2.4069924063647936,-0.6835067260369996,0.0,-0.7796401660771951,-1.6531876548772246,-5.615020511202272,-2.4069924063647936,-0.6835067260369996,0.0,Resorts & Casinos,Consumer Cyclical,BALY
2020Q1,2020,Q1,2020-05-14,2020-03-31,-8878000.0,109148000.0,-3169000.0,-0.28,65030000.0,0.5957965331476527,1215323000.0,171019000.0,401567000.0,78687000.0,1044304000.0,8186000.0,32617000.0,410712690.0,999514690.0,5.417308118724065,5.103346168998691,0.7820085689154241,5.557236330466205,-0.0016993382116793634,5.417308118724065,-0.05191236061490244,3.7628970755304723,-11.565462097319216,2.401561756296084,-0.3603289029060599,5.389445394576105,0.007788899826786458,0.08980986947502845,4.690050453060861,-0.0073050538827949445,28.695080695870885,0.5957965331476527,-1.7,-1.8196578658597444,0.21475299615599874,0.0,-0.20793646926993253,-1.6647697491576188,-1.109193025980291,-1.8196578658597444,0.21475299615599874,0.0,Resorts & Casinos,Consumer Cyclical,BALY
2019Q4,2019,Q4,2020-03-13,2019-12-31,13355000.0,130419000.0,29022000.0,0.4,82102000.0,0.6295248391722065,1021887000.0,211411000.0,245031000.0,89784000.0,810476000.0,7900000.0,250418000.0,860032160.3317196,1378280160.3317196,6.277794274854496,2.729116546377974,0.6858184906941766,3.3150072607385614,0.02344676433108306,6.277794274854496,0.06317079054543047,6.594377815592204,16.09944141392212,4.068057765829212,0.25683264694870833,6.116075949367088,0.003988222950496442,0.12762565723998837,2.291844872137575,0.013068959679494896,52.456978367290006,0.6295248391722065,1.2222222222222223,-0.3355076886761793,0.28883522722033445,-0.22056841372608166,0.004662204329364545,0.9081297328189741,0.352943918698429,-0.3355076886761793,0.28883522722033445,-0.22056841372608166,Resorts & Casinos,Consumer Cyclical,BALY
2019Q3,2019,Q3,2019-11-14,2019-09-30,6999000.0,129309000.0,21451000.0,0.18,81721000.0,0.6319823059493153,1070918000.0,262765000.0,290045000.0,96891000.0,808153000.0,8021000.0,240515000.0,855717269.5341098,1324809269.5341098,6.949800312095004,2.9935184898494183,0.6552275711118872,2.670427948927749,0.014155864201993792,6.949800312095004,0.02663596749947672,6.617615707600475,30.565697583015783,3.25658770968017,0.0,5.932926069068695,0.0,0.12074593946501973,2.6331444613018755,0.006535514390457533,75.52001319690316,0.6319823059493153,-0.5714285714285714,-0.5825480246264128,0.1429187837791919,0.0,-0.11523845612515564,-0.5926076833527357,-0.36621757371624414,-0.5825480246264128,0.1429187837791919,0.0,Resorts & Casinos,Consumer Cyclical,BALY
2019Q2,2019,Q2,2019-08-12,2019-06-30,17180000.0,143218000.0,33846000.0,0.42,92365000.0,0.6449259171333213,1229464000.0,417443000.0,444139000.0,99523000.0,812021000.0,7689000.0,233516000.0,1183892946.5928264,1502756946.5928264,10.147628655468313,4.462676969142811,0.5712204668050468,1.6823734018776215,0.021916634722889364,10.147628655468313,0.04115531940887738,8.266369776095368,17.22777861747419,2.8360589268303134,0.0,6.613733905579399,0.0,0.11648816069441643,4.132763280849653,0.013973568969892571,60.523130033885096,0.6449259171333213,-0.0869565217391305,-0.24034743451863538,0.16007733305371802,0.0,0.10559831464036484,-0.02364173675835417,0.1167717029069192,-0.24034743451863538,0.16007733305371802,0.0,Resorts & Casinos,Consumer Cyclical,BALY
2019Q1,2019,Q1,2019-05-15,2019-03-31,17596000.0,120631000.0,30307000.0,0.46,83543000.0,0.6925500078752559,951076000.0,402779000.0,164315000.0,176377000.0,548297000.0,8587000.0,220480000.0,1170656486.6486056,1504507486.6486056,10.530720560552187,0.9316123984419737,0.45932501713848317,1.0845972605324508,0.02671204146551445,10.530720560552187,0.04368648812376018,9.704441533673812,16.63242337247962,2.9064486645247283,0.0,4.319086991964598,0.0,0.1268363411546501,0.7657007432941937,0.018501150276108325,66.95587317825472,0.6925500078752559,-0.2698412698412698,0.34086025540984183,0.10811088032999364,0.0,0.050908221797323135,-0.20488025305015817,-0.12652390696602012,0.34086025540984183,0.10811088032999364,0.0,Resorts & Casinos,Consumer Cyclical,BALY
2018Q4,2018,Q4,2019-04-01,2018-12-31,22130000.0,111422000.0,34697000.0,0.63,79496000.0,0.7134677173269193,782352000.0,298660000.0,122462000.0,75588000.0,483692000.0,6418000.0,202884000.0,1097195811.7557213,1413788811.7557213,8.054323670491163,1.620124887548288,0.5038307564881281,1.3198051295787852,0.03961495396115589,8.054323670491163,0.07409763610794884,9.84720981274543,12.394891682735215,3.6737286940190224,0.0,4.974446868183235,0.0,0.14241926907581243,1.330184685399799,0.028286500194285948,342.0186445622573,0.7134677173269193,0.39999999999999997,0.0,0.0,0.0,0.03746818923327896,0.3515329180407964,0.17017975784965095,0.0,0.0,0.0,Resorts & Casinos,Consumer Cyclical,BALY
2018Q3,2018,Q3,2018-09-30,2018-09-30,16374000.0,110494000.0,29651000.0,0.45,76625000.0,0.6934765688634676,,,,,,,,1092588594.23196,,,0.0,0.0,0.0,0.0,,0.0,9.888216502542763,16.68176063014474,0.0,0.0,0.0,0.0,0.0,0.0,0.0,10307.439568226038,0.6934765688634676,-0.08163265306122446,0.0,0.0,0.0,-0.018093981060266284,-0.19339901477832513,-0.05642184317718941,0.0,0.0,0.0,Resorts & Casinos,Consumer Cyclical,BALY
2018Q2,2018,Q2,2018-06-30,2018-06-30,20300000.0,110815000.0,31424000.0,0.49,78037000.0,0.7042097189008708,,,,,,,,1092588594.23196,,,0.0,0.0,0.0,0.0,,0.0,9.859573110426929,13.455524559506896,0.0,0.0,0.0,0.0,0.0,0.0,0.0,-115.69129545022872,0.7042097189008708,0.6896551724137931,0.0,0.0,0.0,0.03816783737760749,0.6067753680544562,0.2631748201149656,0.0,0.0,0.0,Resorts & Casinos,Consumer Cyclical,BALY
2018Q1,2018,Q1,2018-03-31,2018-03-31,12634000.0,104806000.0,24877000.0,0.29,75168000.0,0.7172108467072495,,,,,,,,1089570475.4340816,,,0.0,0.0,0.0,0.0,,0.0,10.396069647101134,21.56028327200573,0.0,0.0,0.0,0.0,0.0,0.0,0.0,-79.39161144229682,0.7172108467072495,0.0,0.0,0.0,0.0,0.0,0.0,0.0,0.0,0.0,0.0,Resorts & Casinos,Consumer Cyclical,BALY
