Quarters,Year,Quarter,FillingDate,Date,NetIncome,Revenue,OperatingIncome,EPSDiluted,GrossProfit,GrossProfitRatio,TotalAssets,CommonStockEquity,CurrentAssets,CurrentLiability,TotalLiability,Inventory,RetainedEarnings,MarketCap,EnterpriseValue,bookValuePerShare,currentRatio,debtToAssets,debtToEquity,roic,shareholdersEquityPerShare,roe,priceToSalesRatio,peRatio,pbRatio,payoutRatio,inventoryTurnover,dividendYield,assetTurnover,quickRatio,returnOnAssets,priceToFreeCashFlowsRatio,grossProfitMargin,epsdilutedGrowth,fiveYNetIncomeGrowthPerShare,fiveYRevenueGrowthPerShare,fiveYShareholdersEquityGrowthPerShare,grossProfitGrowth,netIncomeGrowth,operatingIncomeGrowth,threeYNetIncomeGrowthPerShare,threeYRevenueGrowthPerShare,threeYShareholdersEquityGrowthPerShare,Industry,Sector,Symbol
2023Q1,2023,Q1,2023-05-09,2023-03-31,50754000.0,79729000.0,14755000.0,1.87,80285000.0,1.0069736231,470863000.0,329248000.0,424555000.0,90130000.0,141615000.0,0.0,-287387000.0,636523350.0,337775350.0,12.398719638486162,4.710473760124265,0.07045361389618636,0.10075687627563418,0.03760157937227126,12.398719638486162,0.1541512780639518,7.983586273501486,3.135335884856366,1.9332641352415199,0.0,0.0,0.0,0.16932526021369274,4.664573393986464,0.10778931451398814,-17.409423718614956,1.0069736231484152,-0.5778781038374717,3.916801184552461,11.71996975293484,0.0,-0.4983723734606277,-0.5674878778324116,-0.8785116753943945,3.838669815707833,15.476945181302716,9.60192014311963,Biotechnology,Healthcare,ARCT
2022Q4,2022,Q4,2023-03-29,2022-12-31,117347000.0,160049000.0,121452000.0,4.43,160049000.0,1.0,450387000.0,270312000.0,403333000.0,126984000.0,180075000.0,0.0,-338141000.0,449575680.0,148563680.0,10.197374377546401,3.1762505512505514,0.2017620402009827,0.3361707952292166,0.30691526630225513,10.197374377546401,0.4341168723549084,2.8089877475023273,0.9577911663698263,1.6631732220545148,0.0,0.0,0.0,0.3553588358456172,3.107848232848233,0.2605470406561468,2.8735694014777695,1.0,4.407692307692307,40.077882547283096,3.65815349986056,2.0259593495305475,10.971650834019,4.401263731486043,4.29969842692966,6.84325163263597,28.507324964095666,4.734836978377425,Biotechnology,Healthcare,ARCT
2022Q3,2022,Q3,2022-11-09,2022-09-30,-34501000.0,13369000.0,-36807000.0,-1.3,13369000.0,1.0,293627000.0,145667000.0,246680000.0,75849000.0,147960000.0,0.0,-455488000.0,392240940.0,249305940.0,5.503721615596781,3.252251183272027,0.3226576575042486,0.650394392690177,-0.1307458078500752,5.503721615596781,-0.23684842826446623,29.339587104495475,-2.8422432683110634,2.6927234033789396,0.0,0.0,0.0,0.04553055407030007,3.1604899207636223,-0.1174994125199658,-8.796217707212056,1.0,-0.625,-1.0089115669130342,0.0,-0.43402682155043826,-0.5065515077695346,-0.6400152112943861,-0.6663044954502241,-1.3150995151401284,1.0096695640616349,1.0240877294189472,Biotechnology,Healthcare,ARCT
2022Q2,2022,Q2,2022-08-09,2022-06-30,-21037000.0,27093000.0,-22089000.0,-0.8,27093000.0,1.0,337014000.0,170717000.0,291505000.0,92743000.0,166297000.0,0.0,-420222000.0,415929500.0,230837500.0,6.460435193945128,3.143148269950293,0.29197303376120876,0.5763866515929872,-0.07071750284445234,6.460435193945128,-0.12322732943995032,15.351917469457055,-4.942832865902933,2.436368375732938,0.0,0.0,0.0,0.08039131905499475,3.080965679350463,-0.06242173915623683,-11.413152045660347,1.0,0.5939086294416244,0.15072268497331842,0.0,-0.37489042432062936,4.166475972540046,0.5951230778113512,0.5615435002679688,-11.100753074739831,0.051433655422089476,2.1115760588100967,Biotechnology,Healthcare,ARCT
2022Q1,2022,Q1,2022-05-09,2022-03-31,-51959000.0,5244000.0,-50379000.0,-1.97,5244000.0,1.0,341988000.0,184749000.0,327005000.0,107306000.0,157239000.0,0.0,-398659000.0,711096960.0,460623960.0,7.00443585077343,3.047406482396138,0.20236090155210124,0.37458930765525117,-0.1970115347605782,7.00443585077343,-0.281241035134155,135.60201372997713,-3.4214330529840837,3.8489894938538236,0.0,0.0,0.0,0.015333871363907505,3.0135220770506774,-0.15193223154028795,-13.902188856304985,1.0,-0.3401360544217687,-1.203605991478996,0.0,-0.3764219780916885,-0.0949257852951329,-0.34389467966789955,-0.30302873548353726,-1.8887989100809515,-0.5386071977659942,10.128388403140978,Biotechnology,Healthcare,ARCT
2021Q4,2021,Q4,2022-03-01,2021-12-31,-38663000.0,5794000.0,-38663000.0,-1.47,5794000.0,1.0,392814000.0,228211000.0,378961000.0,99537000.0,164603000.0,0.0,-347490000.0,975546590.0,654691590.0,8.657801889297772,3.807237509669771,0.1263626041841686,0.2175048529650192,-0.13915162246983961,8.657801889297772,-0.16941777565498595,168.3718657231619,-6.3080114709153445,4.274757088834456,0.0,0.0,0.0,0.014749983452728264,3.755980188271698,-0.09842571802430666,-22.367226642210248,1.0,0.28292682926829266,0.025556977509405044,0.0,-0.278173457788139,0.0,0.2851305376821241,0.2816372791289645,-13.646092984755233,-0.7071409853638513,5.406722626628134,Biotechnology,Healthcare,ARCT
2021Q3,2021,Q3,2021-11-09,2021-09-30,-54084000.0,2437000.0,-53821000.0,-2.05,0.0,0.0,434536000.0,259126000.0,420966000.0,118239000.0,175410000.0,0.0,-308827000.0,1258429640.0,911794640.0,9.838484319234565,3.56029736381397,0.1547512749231364,0.25950695800498597,-0.16172710035487953,9.838484319234565,-0.2087169948210523,516.3847517439475,-5.81701445898972,4.8564391068437756,0.0,0.0,0.0,0.005608281016992838,3.5174096533292736,-0.12446379586501463,-68.3223649492372,0.0,0.00966183574879228,-0.03634611307513005,0.0,-0.26374734649656517,0.0,0.009105732764148696,-0.0018801191362620999,-3.8731099590722757,-0.7271767238599613,6.0170835869722055,Biotechnology,Healthcare,ARCT
2021Q2,2021,Q2,2021-08-10,2021-06-30,-54581000.0,2001000.0,-53720000.0,-2.07,0.0,0.0,448813000.0,305648000.0,438038000.0,70769000.0,143165000.0,0.0,-254743000.0,890770320.0000001,525294320.0000001,11.611442464764654,6.18968757506818,0.1517291165808477,0.22279877506150866,-0.14116966901861852,11.611442464764654,-0.178574700308852,445.1625787106447,-4.080038474927172,2.9143665916348223,0.0,0.0,0.0,0.0044584270063478555,6.157173338608713,-0.12161189626860185,-26.7121576153777,0.0,0.03720930232558143,-0.4105950000736428,0.0,-0.23521300826629274,-1.0,0.031324317609058315,0.06842853674608955,-1.0958179068728136,-0.6795857751304727,5.562339658183559,Biotechnology,Healthcare,ARCT
2021Q1,2021,Q1,2021-05-10,2021-03-31,-56346000.0,2127000.0,-57666000.0,-2.15,2127000.0,1.0,481468000.0,352607000.0,469996000.0,53333000.0,128861000.0,0.0,-200162000.0,1083835900.0,679711900.0,13.436230613877987,8.812480078000487,0.13025787798981447,0.17786090463320353,-0.1364956506302148,13.436230613877987,-0.15979830235928386,509.56083685942644,-4.808841355198239,3.073778739503186,0.0,0.0,0.0,0.004417739081309662,8.814317589484935,-0.11702958452067427,-25.165689142751,1.0,-0.8139939083553402,-0.6622226235817822,0.0,-0.1859203576029238,-0.049597855227882036,-0.8115354938271605,-0.855286017630783,-2.276668216958935,-0.6566238896127626,0.0,Biotechnology,Healthcare,ARCT
2020Q4,2020,Q4,2021-03-01,2020-12-31,-31104000.0,2238000.0,-31082000.0,-1.18523,2238000.0,1.0,476456000.0,396553000.0,467789000.0,49521000.0,79903000.0,0.0,-143816000.0,1138421340.0,692251340.0,15.110810501848112,9.446275317542053,0.03510292660812331,0.0421759512599829,-0.07419324808501598,15.110810501848112,-0.07843592155399152,508.6779892761394,-9.15012008101852,2.8707924035374845,0.0,0.0,0.0,0.004697180851956949,9.39035964540296,-0.06528199875749283,-155.33106017191977,1.0,-0.28829347826086954,0.16374395782048068,0.0,-0.2484824277027814,-0.04072010287183883,-0.48086078842125307,-0.48447798261534053,-9.462579155917098,-0.9342062872478595,3.483967796429333,Biotechnology,Healthcare,ARCT
2020Q3,2020,Q3,2020-11-09,2020-09-30,-21004000.0,2333000.0,-20938000.0,-0.92,2333000.0,1.0,322520000.0,261630000.0,314100000.0,28014000.0,60890000.0,0.0,-112712000.0,984040200.0,693291200.0,11.40596390269422,11.212251017348468,0.050458886270618876,0.06220234682566984,-0.07391873810709003,11.40596390269422,-0.08028131330504912,421.7917702528933,-11.712533326985337,3.7611902304781557,0.0,0.0,0.0,0.007233659928066477,11.046976511744129,-0.0651246434329654,-60.32985102078352,1.0,-0.6727272727272726,0.3498766447280264,0.0,-0.016219926656645806,0.0,-1.0465750755139822,-1.0850428201553475,-0.41117318294751476,0.0,0.17292808288030279,Biotechnology,Healthcare,ARCT
2020Q2,2020,Q2,2020-08-10,2020-06-30,-10263000.0,2322000.0,-10042000.0,-0.55,0.0,0.0,149935000.0,93423000.0,142000000.0,23046000.0,56512000.0,0.0,-91708000.0,878431560.0,758716560.0,4.970894966478664,6.161589863750759,0.10935405342315004,0.17550282050458665,-0.08690610125486803,4.970894966478664,-0.10985517484987636,378.308165374677,-21.398021046477638,9.402733374008541,0.0,0.0,0.0,0.015486710908060159,6.028811941334721,-0.068449661519992,-98.00642195693406,0.0,0.1791044776119403,0.6774905790159709,0.0,-0.6119725288577706,0.0,-0.04970849953973611,-0.061297822870429085,0.41744649544446977,0.0,-0.5190178447801036,Biotechnology,Healthcare,ARCT
2020Q1,2020,Q1,2020-05-08,2020-03-31,-9777000.0,2646000.0,-9462000.0,-0.67,0.0,0.0,72104000.0,16982000.0,63759000.0,21650000.0,55122000.0,0.0,-81445000.0,197340390.0,154371390.0,1.1694786860409063,2.944988452655889,0.22886386330855432,0.9717347780002356,-0.23901785939828732,1.1694786860409063,-0.5757272406077023,74.5806462585034,-5.046036360846885,11.620562360146037,0.0,0.0,0.0,0.03669699323199822,2.8555196304849884,-0.13559580605791635,-16.4450325,0.0,0.1184210526315789,0.625468304095484,0.0,0.0,0.0,0.11029211029211029,0.12526578533789406,0.24683317135527855,0.0,-0.8958858041900984,Biotechnology,Healthcare,ARCT
2019Q4,2019,Q4,2020-03-16,2019-12-31,-10989000.0,2968000.0,-10817000.0,-0.76,0.0,0.0,82143000.0,25792000.0,74290000.0,21324000.0,56351000.0,0.0,-71668000.0,157669350.0,102138350.0,1.7781454670803172,3.483867942224723,0.1926153171907527,0.613446029776675,-0.22873273984479076,1.7781454670803172,-0.42606234491315137,53.123096361185986,-3.586981299481299,6.1131106544665,0.0,0.0,0.0,0.03613211107458943,3.4483211404989684,-0.13377889777582996,-20.077594549853558,0.0,-0.35714285714285704,0.679253840512265,0.0,-0.7432358123858789,0.0,-0.47840710345755416,-0.42029936974789917,0.49669612850871403,0.0,-0.8517507549302002,Biotechnology,Healthcare,ARCT
2019Q3,2019,Q3,2019-11-08,2019-09-30,-7433000.0,3318000.0,-7616000.0,-0.56,0.0,0.0,87215000.0,35895000.0,79408000.0,21688000.0,51320000.0,0.0,-60679000.0,135574270.0,72219270.0,2.7191121884705702,3.6613795647362597,0.12402683024709052,0.30135116311463994,-0.14485145878504319,2.7191121884705702,-0.20707619445605238,40.860238095238095,-4.559877236647383,3.776968101406881,0.0,0.0,0.0,0.038043914464255,3.54099040944301,-0.08522616522387204,-45.266868113522534,0.0,-7.0,0.8949347099352645,0.0,-0.7950406599546264,0.0,-9.851094890510948,-12.314685314685315,0.7158313828772613,0.0,-0.7965180917124498,Biotechnology,Healthcare,ARCT
2019Q2,2019,Q2,2019-08-14,2019-06-30,-685000.0,10153000.0,-572000.0,-0.07,0.0,0.0,70940000.0,21618000.0,63338000.0,16414000.0,49322000.0,0.0,-53246000.0,98914000.0,53829000.0,2.0762581636573185,3.858779091019861,0.1516069918240767,0.49750208159866777,-0.01488652925255049,2.0762581636573185,-0.03168655749838098,9.742342164877376,-36.1,4.575538902766214,0.0,0.0,0.0,0.14312094727939104,3.7563665163884488,-0.009656047363969552,10.900815516861362,0.0,0.8970588235294118,0.9834956957786497,0.0,-0.885586380526021,0.0,0.9004938988959907,0.9121081745543946,0.9552438575273705,0.0,-0.863247375176292,Biotechnology,Healthcare,ARCT
2019Q1,2019,Q1,2019-04-16,2019-03-31,-6884000.0,4350000.0,-6508000.0,-0.68,0.0,0.0,44419000.0,6354000.0,36606000.0,14612000.0,38065000.0,0.0,-52561000.0,75106800.0,54581800.0,0.6294205052005943,2.505201204489461,0.2407753438843738,1.6831916902738433,-0.27952925006442747,0.6294205052005943,-1.083412023921939,17.265931034482758,-2.7275857059848927,11.820396600566573,0.0,0.0,0.0,0.0979310655350188,2.441623323295921,-0.15497872532024584,-13.68314811441064,0.0,-5.789815277084374,0.8289401150568442,0.0,-0.9709829505937294,0.0,-5.8090999010880315,-8.153305203938116,0.47207270466548906,0.0,-0.9618644220603179,Biotechnology,Healthcare,ARCT
2018Q4,2018,Q4,2019-03-15,2018-12-31,-1011000.0,7577000.0,-711000.0,-0.10015,0.0,0.0,44198000.0,13642000.0,41828000.0,12577000.0,30556000.0,0.0,-44874000.0,45730350.0,18932350.0,1.3513620604259535,3.325753359306671,0.22424091587854655,0.7265063773640229,-0.030187237294612153,1.3513620604259535,-0.0741093681278405,6.03541639171176,-11.308197329376855,3.3521734349802084,0.0,0.0,0.0,0.17143309652020453,3.2750258408205455,-0.02287433820534866,-7.636998997995992,0.0,0.761547619047619,0.9680037901506515,0.0,-0.9494195128370523,0.0,0.7622854455678345,0.8367768595041323,0.9293387463662426,0.0,-0.9327916702534473,Biotechnology,Healthcare,ARCT
2018Q3,2018,Q3,2018-10-01,2018-09-30,-4253000.0,3423000.0,-4356000.0,-0.42,0.0,0.0,37115000.0,14151000.0,34401000.0,13600000.0,22964000.0,0.0,-43863000.0,88312796.25,57981796.25,1.4020759760508659,2.529485294117647,0.0,0.0,-0.30782276870892517,1.4020759760508659,-0.3005441311568087,25.7998236196319,-5.191205986950388,6.2407459720161125,0.0,0.0,0.0,0.09222686245453321,2.496544117647059,-0.11458978849521757,-12.530192430476731,0.0,0.5757575757575758,0.7858433780316023,0.0,-0.879675177929185,0.0,0.5725628140703518,0.5675138999205719,0.7008223775490954,0.0,-0.8790690187765313,Biotechnology,Healthcare,ARCT
2018Q2,2018,Q2,2018-07-10,2018-06-30,-9950000.0,2386000.0,-10072000.0,-0.99,0.0,0.0,44322000.0,17795000.0,41682000.0,18253000.0,26527000.0,0.0,-39610000.0,85283767.04,45506767.04000001,1.7694058932601295,2.283569824138498,0.0,0.0,-0.5660016858668165,1.7694058932601295,-0.5591458274796292,35.74340613579212,-2.142808217085427,4.79256909468952,0.0,0.0,0.0,0.053833310771174585,2.8270969155755217,-0.224493479536122,-10.058234112513269,0.0,-0.4999999999999999,0.0482617690159059,0.0,-0.8933031928169255,0.0,-0.514229188860143,-0.5095923261390888,0.4156946578234468,0.0,-0.8618803859635258,Biotechnology,Healthcare,ARCT
2018Q1,2018,Q1,2018-04-02,2018-03-31,-6571000.0,2367000.0,-6672000.0,-0.66,0.0,0.0,,,,,,,,55154000.0,,,0.0,0.0,0.0,0.0,,0.0,23.301225179552176,-2.0983868513163904,0.0,0.0,0.0,0.0,0.0,0.0,0.0,-76.28492392807746,0.0,-4.826271186440677,-1.762808635290682,0.0,0.0,0.0,-4.784330985915493,-45.333333333333336,0.6355007582208103,0.0,0.0,Biotechnology,Healthcare,ARCT
2017Q4,2017,Q4,2018-01-24,2017-12-31,-1136000.0,12998000.0,-144000.0,-0.11328,0.0,0.0,52024000.0,33794000.0,50868000.0,11040000.0,18230000.0,0.0,-23089000.0,79722600.0,54757600.0,3.369964100518548,4.607608695652174,0.0,0.0,-0.004081469304997514,3.369964100518548,-0.033615434692548976,6.133451300200031,-17.544586267605634,2.3590755755459547,0.0,0.0,0.0,0.24984622481931415,4.44320652173913,-0.021836075657388897,8.280286663896968,0.0,0.8201907616019657,0.3895965168714042,0.0,10.447507135575943,0.0,0.5553816046966732,0.950207468879668,0.9520393532627901,0.0,-0.5133772176810811,Biotechnology,Healthcare,ARCT
2017Q3,2017,Q3,2017-10-20,2017-09-30,-2555000.0,0.0,-2892000.0,-0.630001,0.0,0.0,40586000.0,38290000.0,40406000.0,2296000.0,2296000.0,0.0,-105386000.0,27838393.66,24831393.66,9.724350596743447,17.59843205574913,0.0,0.0,-0.07633553560271214,9.724350596743447,-0.06672760511882998,0.0,-2.7239132739726024,0.7270408372943328,0.0,0.0,0.0,0.0,17.343641114982578,-0.06295274232493964,-20.868361064467766,0.0,0.30769196956926415,-2.6446407273844796,0.0,0.0,0.0,0.30777567054998645,0.24352602668061732,0.8789211998710863,0.0,-0.2670046903068617,Biotechnology,Healthcare,ARCT
2017Q2,2017,Q2,2017-08-10,2017-06-30,-3691000.0,0.0,-3823000.0,-0.910001,0.0,0.0,42351000.0,40694000.0,42121000.0,1657000.0,1657000.0,0.0,-102831000.0,30870297.919999998,27302297.919999998,10.334884387147502,25.420036210018104,0.0,0.0,-0.0942514791578935,10.334884387147502,-0.09070133189167937,0.0,-2.090916954754809,0.7585958106846218,0.0,0.0,0.0,0.0,24.856970428485216,-0.0871526056055347,-7.637381969322117,0.0,0.0,-2.3864262637534606,0.0,0.0,0.0,-0.04857954545454545,-0.05229837599779796,0.7648418172494438,0.0,-0.4304891606081496,Biotechnology,Healthcare,ARCT
2017Q1,2017,Q1,2017-04-24,2017-03-31,-3520000.0,0.0,-3633000.0,-0.910001,0.0,0.0,46419000.0,44229000.0,46173000.0,2190000.0,2190000.0,0.0,-99140000.0,31421553.240000002,26747553.240000002,11.232653500740819,21.083561643835615,0.0,0.0,-0.08242165986277546,11.232653500740819,-0.07958579212733727,0.0,-2.23164440625,0.7104287512717901,0.0,0.0,0.0,0.0,20.663013698630138,-0.07583101747129409,-6.3286109244713,0.0,0.40909102715451023,-2.7692207062568563,0.0,0.0,0.0,0.40610764298970814,0.4037419990152634,0.7757504694154975,0.0,-0.48216103717396674,Biotechnology,Healthcare,ARCT
2016Q4,2016,Q4,2016-12-31,2016-12-31,-5927000.0,0.0,-6093000.0,-1.540002,0.0,0.0,51568000.0,47228000.0,51299000.0,4340000.0,4340000.0,0.0,-95620000.0,57881808.599999994,55707808.599999994,11.994296943927907,11.82004608294931,0.0,0.0,-0.12923048716928723,11.994296943927907,-0.1254975861776912,0.0,-2.4414462881727683,1.2255824637926653,0.0,0.0,0.0,0.0,11.696543778801843,-0.11493561898852002,-14.23906730627306,0.0,0.21428549562704524,-7.110790171895333,0.0,34.625345132471665,0.0,0.24032299410407587,0.23107016658253407,0.5190899274792421,0.0,-0.5510622945787733,Biotechnology,Healthcare,ARCT
2016Q3,2016,Q3,2016-10-07,2016-09-30,-7802000.0,0.0,-7924000.0,-1.960002,0.0,0.0,55912000.0,52617000.0,52626000.0,3295000.0,3295000.0,0.0,-89693000.0,68080032.02,63705032.019999996,13.362918656277095,15.971471927162368,0.0,0.0,-0.15088781004949134,13.362918656277095,-0.148279073303305,0.0,-2.1814929511663674,1.293879012866564,0.0,0.0,0.0,0.0,15.58330804248862,-0.13954070682501074,-10.188571089494163,0.0,-0.33333378684776416,-10.129349101782275,0.0,0.0,0.0,-0.3479612992398065,-0.3389658668469077,-0.007007942760353312,0.0,0.14679292501120567,Biotechnology,Healthcare,ARCT
2016Q2,2016,Q2,2016-08-09,2016-06-30,-5788000.0,0.0,-5918000.0,-1.470001,0.0,0.0,62689000.0,59782000.0,54358000.0,2907000.0,2907000.0,0.0,-81891000.0,123756819.34,108663819.34,15.182583634748413,18.699002407980736,0.0,0.0,-0.09937071278042676,15.182583634748413,-0.09681844033321066,0.0,-5.34540512007602,2.0701351466996756,0.0,0.0,0.0,0.0,18.260061919504643,-0.0923287977157077,-30.12580801850049,0.0,-0.16666653439163936,-4.310386132377412,0.0,0.0,0.0,-0.13802595359811246,-0.13111620795107035,-0.4140628791735281,0.0,-0.08447620481644988,Biotechnology,Healthcare,ARCT
2016Q1,2016,Q1,2016-05-11,2016-03-31,-5086000.0,0.0,-5232000.0,-1.260001,0.0,0.0,67097000.0,64987000.0,54764000.0,2110000.0,2110000.0,0.0,-76103000.0,104460760.74000001,90973760.74000001,16.504810971951954,25.954502369668248,0.0,0.0,-0.08092208894804197,16.504810971951954,-0.07826180620739533,0.0,-5.134720838576485,1.6074101087909891,0.0,0.0,0.0,0.0,25.225592417061613,-0.07580070643993025,-23.421695233183858,0.0,0.09999992857147967,-4.446206252017881,0.0,0.0,0.0,-0.040720278289339065,-0.05186972255729795,-4.446206252017881,0.0,0.0,Biotechnology,Healthcare,ARCT
2015Q4,2015,Q4,2016-02-17,2015-12-31,-4887000.0,0.0,-4974000.0,-1.400001,0.0,0.0,71683000.0,69331000.0,52346000.0,2352000.0,2352000.0,0.0,-71017000.0,151578124.32,134920124.32,20.107062108551627,22.25595238095238,0.0,0.0,-0.0719932359119928,20.107062108551627,-0.0704879491136721,0.0,-7.754150006138735,2.1862965242099497,0.0,0.0,0.0,0.0,21.596938775510203,-0.06817516007979577,-34.701951538461536,0.0,0.0,-6.63688922669628,0.0,57.36903156231846,0.0,-0.14664476771468793,-0.15058986814712005,-6.63688922669628,0.0,57.36903156231846,Biotechnology,Healthcare,ARCT
2015Q3,2015,Q3,2015-11-12,2015-09-30,-4262000.0,0.0,-4323000.0,-1.400001,0.0,0.0,37647000.0,35083000.0,37363000.0,2564000.0,2564000.0,0.0,-66130000.0,127937461.96000001,117967461.96000001,11.59401802471086,14.572152886115445,0.0,0.0,-0.12342478888322347,11.59401802471086,-0.12148333950916398,0.0,-7.50454375645237,3.6467081481059207,0.0,0.0,0.0,0.0,13.848283931357255,-0.11320955188992483,-23.522239742599744,0.0,0.16666706349159105,-6.911143653363568,0.0,0.0,0.0,0.16806558657036894,0.16431471099942008,-6.911143653363568,0.0,0.0,Biotechnology,Healthcare,ARCT
2015Q2,2015,Q2,2015-07-13,2015-06-30,-5123000.0,0.0,-5173000.0,-1.680002,0.0,0.0,41624000.0,38760000.0,41427000.0,2864000.0,2864000.0,0.0,-61868000.0,138512013.78,129942013.78,12.81067794464637,14.464734636871508,0.0,0.0,-0.13382805409664766,12.81067794464637,-0.13217234262125904,0.0,-6.759321382978723,3.5735813668730647,0.0,0.0,0.0,0.0,14.348114525139664,-0.12307803190467038,-35.379824720306516,0.0,0.07692299239231601,-5.116951504390818,0.0,0.0,0.0,0.010430751400424957,0.010520275439938791,-5.116951504390818,0.0,0.0,Biotechnology,Healthcare,ARCT
2015Q1,2015,Q1,2015-05-15,2015-03-31,-5177000.0,0.0,-5228000.0,-1.820002,0.0,0.0,,,,,,,,113491696.28999999,,,0.0,0.0,0.0,0.0,,0.0,0.0,-5.480572546358895,0.0,0.0,0.0,0.0,0.0,0.0,0.0,-24.634620423268938,0.0,0.2294657070279425,-6.579737674637923,0.0,0.0,0.0,0.23890032343428402,0.23421707924417753,-6.579737674637923,0.0,0.0,Biotechnology,Healthcare,ARCT
2014Q4,2014,Q4,2014-12-31,2014-12-31,-6802000.0,0.0,-6827000.0,-2.362,0.0,0.0,22318000.0,19943000.0,22126000.0,2375000.0,2375000.0,0.0,-51568000.0,75190768.59,73014768.59,6.925208237188469,9.316210526315789,0.0,0.0,-0.3427287197420508,6.925208237188469,-0.34107205535776963,0.0,-2.7635536823728315,3.7702837381537377,0.0,0.0,0.0,0.0,9.185263157894736,-0.30477641365713776,-9.714569585271319,0.0,0.5617814825774744,-11.727173727935133,0.0,20.41443655916692,0.0,0.35132557695975586,0.3550307038261691,-11.727173727935133,0.0,20.41443655916692,Biotechnology,Healthcare,ARCT
2014Q3,2014,Q3,2014-10-06,2014-09-30,-10486000.0,0.0,-10585000.0,-5.390005,0.0,0.0,30863000.0,25958000.0,30652000.0,4905000.0,4905000.0,0.0,-44766000.0,211474083.52,208760083.52,13.266593207553342,6.249133537206932,0.0,0.0,-0.40622450856282455,13.266593207553342,-0.40396024347022114,0.0,-5.041819652870494,8.146778778026041,0.0,0.0,0.0,0.0,6.001630988786952,-0.33975958267180767,-22.262773294030954,0.0,-0.3508770918525396,-29.101394492710504,0.0,0.0,0.0,-0.3478149100257069,-0.3516792235985187,-29.101394492710504,0.0,0.0,Biotechnology,Healthcare,ARCT
2014Q2,2014,Q2,2014-06-30,2014-06-30,-7780000.0,0.0,-7831000.0,-3.990004,0.0,0.0,40171000.0,35418000.0,39959000.0,4753000.0,4753000.0,0.0,-34280000.0,236491487.61,229579487.61,18.14694940342762,8.407111298127498,0.0,0.0,-0.22127291187521886,18.14694940342762,-0.21966231859506466,0.0,-7.5993408615038565,6.677155333728613,0.0,0.0,0.0,0.0,8.407111298127498,-0.19367205197779494,-43.09247223214286,0.0,0.0,-13.400631201277857,0.0,0.0,0.0,-0.0018027298480556271,0.0005105296745373325,-13.400631201277857,0.0,0.0,Biotechnology,Healthcare,ARCT
2014Q1,2014,Q1,2014-03-31,2014-03-31,-7766000.0,0.0,-7835000.0,-3.990004,0.0,0.0,45603000.0,42257000.0,45416000.0,3346000.0,3346000.0,0.0,-26500000.0,247505977.95,237113977.95,21.691402746985652,13.573221757322175,0.0,0.0,-0.18562819175294545,21.691402746985652,-0.18378020209669405,0.0,-7.9676145361189805,5.8571592387060125,0.0,0.0,0.0,0.0,13.573221757322175,-0.17029581387189438,-43.590344830926384,0.0,-0.2666667301586697,-15.808154275429029,0.0,0.0,0.0,-0.3615007012622721,-0.38844586213007265,-15.808154275429029,0.0,0.0,Biotechnology,Healthcare,ARCT
2013Q4,2013,Q4,2013-12-31,2013-12-31,-5704000.0,0.0,-5643000.0,-3.150003,0.0,0.0,50324000.0,48688000.0,50218000.0,1636000.0,1636000.0,0.0,-18734000.0,229616856.0,207521856.0,26.71706296684073,30.695599022004888,0.0,0.0,-0.11715412421952023,26.71706296684073,-0.1171541242195202,0.0,-10.063852384291724,4.716087249424909,0.0,0.0,0.0,0.0,30.653422982885086,-0.113345521023766,-47.36321287128713,0.0,-0.6071427478135225,-15.865502794278118,0.0,75.89980174626206,0.0,-0.8235294117647058,-0.7994260204081632,-15.865502794278118,0.0,75.89980174626206,Biotechnology,Healthcare,ARCT
2013Q3,2013,Q3,2013-09-30,2013-09-30,-3128000.0,0.0,-3136000.0,-1.960002,0.0,0.0,19805000.0,18524000.0,19722000.0,1281000.0,1281000.0,0.0,-13031000.0,200748831.36,196208831.36,11.652425093350242,15.395784543325528,0.0,0.0,-0.1692938890088534,11.652425093350242,-0.16886201684301447,0.0,-16.044503785166242,10.837229073634203,0.0,0.0,0.0,0.0,15.395784543325528,-0.15793991416309014,-99.92475428571429,0.0,-0.8666667936506728,-10.05189803297393,0.0,0.0,0.0,-1.3360716952949963,-1.6220735785953178,-10.05189803297393,0.0,0.0,Biotechnology,Healthcare,ARCT
2013Q2,2013,Q2,2013-06-30,2013-06-30,-1339000.0,0.0,-1196000.0,-1.050001,0.0,0.0,21704000.0,21361000.0,21680000.0,343000.0,343000.0,0.0,-9902000.0,62485148.879999995,44892148.879999995,16.58349429542081,63.20699708454811,0.0,0.0,-0.055989888113852346,16.58349429542081,-0.0626843312578999,0.0,-11.666383286034353,2.925197737933617,0.0,0.0,0.0,0.0,63.20699708454811,-0.06169369701437523,-177.5146275,0.0,-3.427133665578858,-2.755410180543848,0.0,0.0,0.0,-2.5517241379310347,-2.8089171974522293,-2.755410180543848,0.0,0.0,Biotechnology,Healthcare,ARCT
2013Q1,2013,Q1,2013-03-31,2013-03-31,-377000.0,0.0,-314000.0,-0.237174,0.0,0.0,,,,,,,,84007876.05,,,0.0,0.0,0.0,0.0,,0.0,0.0,-55.70814061671088,0.0,0.0,0.0,0.0,0.0,0.0,0.0,-464.131911878453,0.0,-0.2779460100220916,0.0,0.0,0.0,0.0,-0.27796610169491526,-0.26104417670682734,0.0,0.0,0.0,Biotechnology,Healthcare,ARCT
2012Q4,2012,Q4,2012-12-31,2012-12-31,-295000.0,0.0,-249000.0,-0.18559,0.0,0.0,201000.0,-567000.0,180000.0,768000.0,768000.0,0.0,-8186000.0,84007876.05,84572876.05,-0.35670405453608656,0.234375,3.2935323383084576,-1.1675485008818343,-2.6210526315789475,-0.35670405453608656,0.5202821869488536,0.0,-71.19311529661017,-148.1620388888889,0.0,0.0,0.0,0.0,0.13932291666666666,-1.4676616915422886,-312.29693698884756,0.0,-0.0424237658464252,0.0,0.0,0.0,0.0,-0.04240282685512368,0.056818181818181816,0.0,0.0,0.0,Biotechnology,Healthcare,ARCT
2012Q3,2012,Q3,2012-09-30,2012-09-30,-283000.0,0.0,-264000.0,-0.178037,0.0,0.0,,,,,,,,84007876.05,,,0.0,0.0,0.0,0.0,,0.0,0.0,-74.2119046378092,0.0,0.0,0.0,0.0,0.0,0.0,0.0,-254.56932136363636,0.0,0.35681901107992214,0.0,0.0,0.0,0.0,0.3568181818181818,0.38461538461538464,0.0,0.0,0.0,Biotechnology,Healthcare,ARCT
2012Q2,2012,Q2,2012-06-30,2012-06-30,-440000.0,0.0,-429000.0,-0.276807,0.0,0.0,,,,,,,,84007876.05,,,0.0,0.0,0.0,0.0,,0.0,0.0,-47.73174775568182,0.0,0.0,0.0,0.0,0.0,0.0,0.0,-273.64129006514656,0.0,0.0,0.0,0.0,0.0,0.0,0.0,0.0,0.0,0.0,0.0,Biotechnology,Healthcare,ARCT
