Quarters,Year,Quarter,FillingDate,Date,NetIncome,Revenue,OperatingIncome,EPSDiluted,GrossProfit,GrossProfitRatio,TotalAssets,CommonStockEquity,CurrentAssets,CurrentLiability,TotalLiability,Inventory,RetainedEarnings,MarketCap,EnterpriseValue,bookValuePerShare,currentRatio,debtToAssets,debtToEquity,roic,shareholdersEquityPerShare,roe,priceToSalesRatio,peRatio,pbRatio,payoutRatio,inventoryTurnover,dividendYield,assetTurnover,quickRatio,returnOnAssets,priceToFreeCashFlowsRatio,grossProfitMargin,epsdilutedGrowth,fiveYNetIncomeGrowthPerShare,fiveYRevenueGrowthPerShare,fiveYShareholdersEquityGrowthPerShare,grossProfitGrowth,netIncomeGrowth,operatingIncomeGrowth,threeYNetIncomeGrowthPerShare,threeYRevenueGrowthPerShare,threeYShareholdersEquityGrowthPerShare,Industry,Sector,Symbol
2023Q1,2023,Q1,2023-02-21,2023-03-31,-6108000.0,0.0,-6734000.0,-0.098,0.0,0.0,35328000.0,25751000.0,34261000.0,2469000.0,9577000.0,0.0,-424688000.0,101162002.741632,85857002.741632,0.4130433610998903,13.876468205751316,0.016049592391304348,0.02201856238592676,-0.2376723117921605,0.4130433610998903,-0.23719467205157083,0.0,-4.140553484840864,3.92846890379527,0.0,0.0,0.0,0.0,12.312677197245849,-0.17289402173913043,-12.913199226657136,0.0,0.3466666666666666,0.685914270771155,0.0,0.3039141930399762,0.0,0.2859887448540164,0.1791908923586987,-9.791988563868527,0.0,-0.3677840581812641,Biotechnology,Healthcare,ONCY
2022Q4,2022,Q4,2022-12-31,2022-12-31,-8554487.0,0.0,-8204100.0,-0.15,0.0,0.0,37334000.0,26502000.0,35684000.0,3945000.0,10832000.0,0.0,-418251000.0,128705593.05204998,117412593.05204998,0.45438432783841254,9.045373891001267,0.009990893019767504,0.014074409478529922,-0.30309464286578125,0.45438432783841254,-0.3227864689457399,0.0,-3.7613474967011458,4.8564483077522445,0.0,0.0,0.0,0.0,8.278580481622306,-0.22913395296512562,-21.675548660932016,0.0,-0.9841269841269841,0.537218292540309,0.0,-0.17866843903132998,0.0,-0.9410328547736729,-0.3538322110117495,0.7288687512621185,0.0,152.04468429796327,Biotechnology,Healthcare,ONCY
2022Q3,2022,Q3,2022-09-30,2022-09-30,-4407183.0,0.0,-6059909.0,-0.0756,0.0,0.0,38958977.0,28396627.0,38205271.0,3666145.0,10562350.0,0.0,-409696122.0,98100647.2847625,66199366.2847625,0.48686824663320194,10.42110200223941,0.011827363947467102,0.01622664550969381,-0.20681642247816961,0.48686824663320194,-0.15520093284318592,0.0,-5.564815852028524,3.4546584453415012,0.0,0.0,0.0,0.0,8.962798252660493,-0.1131236839201399,-23.051718994764286,0.0,0.14382785956964894,0.630642823738971,0.0,-0.40743391979042165,0.0,0.13496600166954248,0.1309724492618676,0.515143719013744,0.0,2.194201656710353,Biotechnology,Healthcare,ONCY
2022Q2,2022,Q2,2022-06-30,2022-06-30,-5094809.0,0.0,-6973207.0,-0.0883,0.0,0.0,40239327.0,30772918.0,39407457.0,2544030.0,9466409.0,0.0,-405288939.0,74468495.2267684,41301683.226768404,0.5336112796635332,15.490169927241425,0.012983393087066293,0.016977363017702772,-0.2202335617145627,0.5336112796635332,-0.16556145244334644,0.0,-3.654135769700513,2.419936101827211,0.0,0.0,0.0,0.0,13.382256105470454,-0.12661267918322788,-10.747591914444785,0.0,0.36928571428571433,0.7276959496773817,0.0,-0.4986510158401664,0.0,0.3396564088586048,-0.10508905900807057,0.6606470962528203,0.0,1.8429294698219418,Biotechnology,Healthcare,ONCY
2022Q1,2022,Q1,2022-03-31,2022-03-31,-7715391.0,0.0,-6310086.0,-0.14,0.0,0.0,44446280.0,35015166.0,43535571.0,2424187.0,9431114.0,0.0,-400194130.0,111739406.35809961,72840504.35809961,0.6188998880842002,17.958833621333667,0.013142157228906446,0.016681914345343957,-0.19849465982441403,0.6188998880842002,-0.22034426453954267,0.0,-3.6206657043725845,3.1911716870940894,0.0,0.0,0.0,0.0,16.329284415764956,-0.1735891282690025,-17.771262306767845,0.0,0.0,0.5051792060385406,0.0,0.08592962238808756,0.0,0.004626992064253845,0.18146291727310226,0.49121513734713584,0.0,1.000654944795677,Biotechnology,Healthcare,ONCY
2021Q4,2021,Q4,2021-12-31,2021-12-31,-7751256.0,0.0,-7708980.0,-0.14,0.0,0.0,45880191.0,36098985.0,44903899.0,2689838.0,9781206.0,0.0,-393415609.0,97361230.59254,56753939.592539996,0.6568151031692675,16.693904614329934,0.014270930127557663,0.018137712182212325,-0.2072057918615322,0.6568151031692675,-0.2147222698920759,0.0,-3.140175946728504,2.6970628285681713,0.0,0.0,0.0,0.0,15.661946555889239,-0.1689455913555373,-15.188044930919915,0.0,-0.5555555555555558,0.6544844523955924,0.0,-0.21572604039124468,0.0,-0.5909339259816319,-0.2524709517455435,0.4607746732181862,0.0,0.9534645329052658,Biotechnology,Healthcare,ONCY
2021Q3,2021,Q3,2021-09-30,2021-09-30,-4872142.0,0.0,-6155017.0,-0.09,0.0,0.0,52593336.0,42711992.0,51593256.0,2709076.0,9881344.0,0.0,-385664353.0,144764390.00479499,97387764.00479499,0.7771376794124524,19.04459527898073,0.013513936442442061,0.016640361798157297,-0.13966867047929712,0.7771376794124524,-0.11406965050939324,0.0,-7.4281696841345655,3.389314879174799,0.0,0.0,0.0,0.0,17.8432380634578,-0.09263801026046342,-36.76430821269701,0.0,0.30769230769230776,0.6624378397402902,0.0,-0.36898157623828476,0.0,0.3276220595362825,0.08464245459697833,0.5604471963310924,0.0,0.4204621284082376,Biotechnology,Healthcare,ONCY
2021Q2,2021,Q2,2021-06-30,2021-06-30,-7246136.0,0.0,-6724167.0,-0.13,0.0,0.0,56309445.0,46486703.0,55439065.0,2582086.0,9822742.0,0.0,-380792211.0,187168065.359112,137113141.359112,0.8557113960273178,21.470650086790293,0.013221725058735706,0.01601550447662421,-0.14015771186253612,0.8557113960273178,-0.1558754553963528,0.0,-6.457512850956427,4.026271025482535,0.0,0.0,0.0,0.0,19.726410739224022,-0.12868420209078602,-27.510636521179162,0.0,0.0,0.34930263779106735,0.0,-0.4203976882360292,0.0,-0.12609528427311417,-0.13951472520142677,0.5120323395709271,0.0,0.20216876785722868,Biotechnology,Healthcare,ONCY
2021Q1,2021,Q1,2021-03-31,2021-03-31,-6434745.0,0.0,-5900904.0,-0.13,0.0,0.0,54180441.0,44669640.0,53355557.0,2408540.0,9510801.0,0.0,-373546075.0,237407567.63120997,187669735.63120997,0.8993902036953014,22.15265555066555,0.01152316202077425,0.013976606930344637,-0.12850876447952123,0.8993902036953014,-0.14405186609965964,0.0,-9.223658732055814,5.314741010476242,0.0,0.0,0.0,0.0,20.956192132993433,-0.11876509089322473,-42.63435411842275,0.0,0.41860643186940216,0.5986874881292404,0.0,-0.45329397921025766,0.0,0.31021853914469283,0.2689987237929735,0.5846495644845644,0.0,1.839236172581422,Biotechnology,Healthcare,ONCY
2020Q4,2020,Q4,2020-12-31,2020-12-31,-9328672.0,0.0,-8072358.0,-0.2236006848476147,0.0,0.0,34345567.0,24752993.0,33736435.0,2709113.0,9592574.0,0.0,-367111330.0,126606988.52531798,95789473.52531798,0.5933091212584398,12.452944930683955,0.01170628512261859,0.016242843845186723,-0.3158556536378466,0.5933091212584398,-0.37687046572509436,0.0,-3.3929531589629796,5.114815348807233,0.0,0.0,0.0,0.0,11.557005927770454,-0.2716121122705588,-22.089920647355626,0.0,-0.3975042802975918,0.20442642788937415,0.0,-0.7008222837970473,0.0,-0.38230562875557594,-0.27809815016480594,0.29447785700203744,0.0,0.07244787472828162,Biotechnology,Healthcare,ONCY
2020Q3,2020,Q3,2020-09-30,2020-09-30,-6748632.0,0.0,-6315914.0,-0.16,0.0,0.0,31241607.0,20970696.0,30516899.0,3356516.0,10270911.0,0.0,-357782658.0,93766100.10835598,67571817.10835598,0.5026505366820845,9.091837786562019,0.01653304838000171,0.024630512978682254,-0.28703828177526597,0.5026505366820845,-0.3218124949214847,0.0,-3.4735224897562937,4.471291754377441,0.0,0.0,0.0,0.0,7.978891505358533,-0.21601424024058685,-15.274655513172227,0.0,0.058823529411764754,0.2887323723810134,0.0,-0.7748712110633672,0.0,0.011539213596947014,-0.1384743226922869,0.20930350064303493,0.0,-0.3882253355057237,Biotechnology,Healthcare,ONCY
2020Q2,2020,Q2,2020-08-04,2020-06-30,-6827415.0,0.0,-5547700.0,-0.17,0.0,0.0,34604361.0,23989164.0,34078243.0,3867511.0,10615197.0,0.0,-351034026.0,101281002.483244,71694823.483244,0.6057308172265142,8.811414628167832,0.00939685029872391,0.013554953394791082,-0.2251546581206086,0.6057308172265142,-0.2846041237618785,0.0,-3.7086145518927736,4.221947979647978,0.0,0.0,0.0,0.0,7.748532841923398,-0.1972992652573472,-16.1747718032255,0.0,-3.25,0.4601164753308188,0.0,-0.7575996749579702,0.0,-18.08297261185702,-0.004466023566032728,0.46863770977434904,0.0,-0.4308918468097137,Biotechnology,Healthcare,ONCY
2020Q1,2020,Q1,2020-04-02,2020-03-31,399662.0,0.0,-5523034.0,-0.04,0.0,0.0,34552772.0,23432013.0,33905288.0,4297117.0,11120759.0,0.0,-344206611.0,70156722.9610236,40026456.9610236,0.6533263933706925,7.890240828909243,0.012653514456090528,0.018658832256537243,-0.22722512111090226,0.6533263933706925,0.017056238403418435,0.0,43.88503470496544,2.994054457080729,0.0,0.0,0.0,0.0,7.143155515663176,0.01156671308455368,-17.689666735172008,0.0,0.9260563471895832,1.0328784015673513,0.0,-0.7480095538538256,0.0,1.0205993905051953,0.20454857725538544,1.040433305596779,0.0,0.14633480682207803,Biotechnology,Healthcare,ONCY
2019Q4,2019,Q4,2020-01-14,2019-12-31,-19401642.0,0.0,-6943270.0,-0.5409524479748858,0.0,0.0,19657865.0,-107894.0,18930384.0,12869043.0,19765759.0,0.0,-344606273.0,222971562.7538392,209329816.7538392,-0.0030082775170164637,1.4710016898692466,0.02575432276088985,-4.6923369232765495,-7.675038909817655,-0.0030082775170164637,179.82132463343652,0.0,-2.8731017038897946,-2066.579816800185,0.0,0.0,0.0,0.0,1.26013977884758,-0.9869658785427614,-30.728615014763907,0.0,-2.3809527998430364,-0.5000978759521046,0.0,-1.0022813168034737,0.0,-4.4983279696109895,-1.0112903650974308,-0.325276401858041,0.0,-1.0035920515659404,Biotechnology,Healthcare,ONCY
2019Q3,2019,Q3,2019-10-15,2019-09-30,-3528644.0,0.0,-3452147.0,-0.16,0.0,0.0,16285257.0,3451153.0,15438138.0,4083904.0,12834104.0,0.0,-325204631.0,17060960.003892,5366420.003892001,0.1524225139669542,3.7802401819435523,0.03709723463375494,0.17505396022720524,-0.7408948607222043,0.1524225139669542,-1.022453655343591,0.0,-1.2087476098390773,4.943553648271172,0.0,0.0,0.0,0.0,3.123693407092821,-0.21667720687490533,-3.777100723340948,0.0,0.38461538461538464,0.6865510444988315,0.0,-0.9038272920829731,0.0,0.3283699899369053,0.3497811726344118,0.4065577909008136,0.0,-0.876236325869642,Biotechnology,Healthcare,ONCY
2019Q2,2019,Q2,2019-07-23,2019-06-30,-5253851.0,0.0,-5309208.0,-0.26,0.0,0.0,15302169.0,3787948.0,14344249.0,4467079.0,11514221.0,0.0,-321675987.0,44789808.61446,33203792.61446,0.18769768484511656,3.2111026019463726,0.04507530925844565,0.1820906728392259,-1.027433270736348,0.18769768484511656,-1.3869913208945845,0.0,-2.1312846812014654,11.824293420728058,0.0,0.0,0.0,0.0,2.7579642088263943,-0.34334028071445294,-9.418583184689133,0.0,0.03703703703703707,0.4971223779090623,0.0,-0.8955613463737756,0.0,-0.06380155630441786,-0.06423997119909428,-0.270008578386193,0.0,-0.8728660006702753,Biotechnology,Healthcare,ONCY
2019Q1,2019,Q1,2019-04-02,2019-03-31,-4938751.0,0.0,-4988732.0,-0.27,0.0,0.0,16461200.0,5700033.0,15386426.0,4538058.0,10761167.0,0.0,-316422136.0,45395264.0942565,31960399.094256498,0.3093486409008962,3.390530927546541,0.04732012246980779,0.13665640181381405,-0.6873496212760534,0.3093486409008962,-0.8664425276134367,0.0,-2.2979121692031295,7.964035312472138,0.0,0.0,0.0,0.0,3.1435268125704874,-0.30002375282482446,-13.39703118388591,0.0,-0.032318775592696455,0.5620474667626049,0.0,-0.8476739050480294,0.0,-0.02479744756752405,-0.02158006728579096,0.1697600416937728,0.0,-0.8119584093658418,Biotechnology,Healthcare,ONCY
2018Q4,2018,Q4,2019-02-04,2018-12-31,-4819246.0,0.0,-4883349.0,-0.2615471174056502,0.0,0.0,14865253.0,6195363.0,14452517.0,2814575.0,8669890.0,0.0,-311483385.0,45430614.219858006,31730733.219858006,0.3362308821611557,5.13488430757752,0.0,0.0,-0.7882403552694371,0.3362308821611557,-0.7778795205381831,0.0,-2.356728325336474,7.333002799005968,0.0,0.0,0.0,0.0,4.885828588685681,-0.3241953567826932,-10.368879772115509,0.0,-0.3077355870282508,0.5952966449819371,0.0,-0.8643328700682161,0.0,-0.44467613507257187,-0.43726533530213524,0.06941262451204837,0.0,-0.8304546755854417,Biotechnology,Healthcare,ONCY
2018Q3,2018,Q3,2018-10-05,2018-09-30,-3335866.0,0.0,-3397667.0,-0.2,0.0,0.0,18149860.0,9049402.0,17721272.0,3243443.0,9100458.0,0.0,-306664139.0,85131321.085272,68916974.085272,0.5471020056573481,5.463722346901117,0.0,0.0,-0.3754665187243601,0.5471020056573481,-0.36862833588340976,0.0,-6.3800015562129895,9.407397426401435,0.0,0.0,0.0,0.0,5.016657299049189,-0.18379568768023555,-24.002905534474916,0.0,0.25925925925925924,0.7056818378160303,0.0,-0.8233736047673431,0.0,0.20790352181285304,0.07777822111009144,0.11320953972063716,0.0,-0.7549621397572626,Biotechnology,Healthcare,ONCY
2018Q2,2018,Q2,2018-08-03,2018-06-30,-4211439.0,0.0,-3684219.0,-0.27,0.0,0.0,20693486.0,10966761.0,20320273.0,3923838.0,9726725.0,0.0,-303328273.0,112322168.25984,93580821.25984,0.7118063776956676,5.1786727688553915,0.0,0.0,-0.3861712352705429,0.7118063776956676,-0.3840184900537178,0.0,-6.667683436697053,10.242054902066345,0.0,0.0,0.0,0.0,4.799143338741303,-0.20351520280343294,203.5481945410559,0.0,0.05263157894736828,0.5141541421246071,0.0,-0.8123452665037687,0.0,0.09832306857639818,0.21569708973646093,0.14396163828942998,0.0,-0.7151505381376408,Biotechnology,Healthcare,ONCY
2018Q1,2018,Q1,2018-04-06,2018-03-31,-4670674.0,0.0,-4697444.0,-0.285,0.0,0.0,14127157.0,4743226.0,13770876.0,4128751.0,9383931.0,0.0,-299116834.0,93491643.50419949,85746388.50419949,0.31677188829190617,3.3353612266760577,0.0,0.0,-0.9903733642212363,0.31677188829190617,-0.9847040811464602,0.0,-5.004183737946573,19.710560598250957,0.0,0.0,0.0,0.0,3.072082331920719,-0.3306166980376873,-20.099777658142845,0.0,0.10074599775285839,0.6035816266970779,0.0,-0.9311783091617899,0.0,0.015785201568447635,-0.012918503670269588,0.07965722833649301,0.0,-0.8778198917612804,Biotechnology,Healthcare,ONCY
2017Q4,2017,Q4,2018-01-17,2017-12-31,-4745584.0,0.0,-4637534.0,-0.31692936510464764,0.0,0.0,18150449.0,8283846.0,17817008.0,5229668.0,9866603.0,0.0,-294446160.0,101638187.7926364,89802068.7926364,0.5532288657001276,3.4069099606323,0.0,0.0,-0.5770359050038018,0.5532288657001276,-0.5728720693262526,0.0,-5.354356165259976,12.269444385209045,0.0,0.0,0.0,0.0,3.1820270426344464,-0.26145821516591683,-31.4315293773256,0.0,-0.6680492900244612,0.6866478738897791,0.0,-0.685857893944804,0.0,-0.5795415133640394,-0.5273469675427563,0.12113334693255144,0.0,-0.580460811760451,Biotechnology,Healthcare,ONCY
2017Q3,2017,Q3,2017-10-12,2017-09-30,-3004406.0,0.0,-3036333.0,-0.19,0.0,0.0,14848230.0,12066298.0,14504923.0,2781932.0,2781932.0,0.0,-289700576.0,90223053.794692,76189409.794692,0.8216269254915953,5.213974676591664,0.0,0.0,-0.25162342453364717,0.8216269254915953,-0.24899152996221377,0.0,-7.507561710592044,7.477277106424191,0.0,0.0,0.0,0.0,5.0564762186854315,-0.20234101977138017,-28.346864966946637,0.0,0.33333333333333326,0.8215363857915456,0.0,-0.7038890497769252,0.0,0.3091956988297922,0.3041066497739282,0.5885346092858406,0.0,-0.4815852050622949,Biotechnology,Healthcare,ONCY
2017Q2,2017,Q2,2017-07-26,2017-06-30,-4349142.0,0.0,-4363216.0,-0.285,0.0,0.0,17578791.0,14267843.0,17223482.0,3310948.0,3310948.0,0.0,-286696170.0,66184017.26354,49507719.26354,1.0643509741178894,5.201979010241176,0.0,0.0,-0.3058139404698258,1.0643509741178894,-0.3048212683585038,0.0,-3.8044295440077605,4.638684155940039,0.0,0.0,0.0,0.0,5.055472632007509,-0.2474084821874269,-14.296524773639137,0.0,0.0,0.7431888437471089,0.0,-0.7293601767176365,0.0,-0.23635287525808626,-0.22274729841712088,0.37329987899977374,0.0,-0.4077743536668621,Biotechnology,Healthcare,ONCY
2017Q1,2017,Q1,2017-04-05,2017-03-31,-3517719.0,0.0,-3568371.0,-0.285,0.0,0.0,10623308.0,7274542.0,10321774.0,3348766.0,3348766.0,0.0,-282347028.0,71133602.83194,61031209.831939995,0.5699263334608795,3.082261943653274,0.0,0.0,-0.4905373985452385,0.5699263334608795,-0.48356570076851574,0.0,-5.055378416520762,9.778430426539568,0.0,0.0,0.0,0.0,3.0276457059107744,-0.331132167117813,-18.002837291733943,0.0,0.3017800807750909,0.744306779520621,0.0,-0.891703598320587,0.0,0.32481686257754766,0.3173675547617845,0.549688246349208,0.0,-0.7193630703093906,Biotechnology,Healthcare,ONCY
2016Q4,2016,Q4,2017-01-19,2016-12-31,-5210022.0,0.0,-5227368.0,-0.40818084983364156,0.0,0.0,14758284.0,10689620.0,14438329.0,4068664.0,4068664.0,0.0,-278829309.0,34320887.2013238,22286605.2013238,0.8374817181191733,3.5486658519848286,0.0,0.0,-0.4899262553400878,0.8374817181191733,-0.487390758511528,0.0,-1.6468686313284187,3.210674205568,0.0,0.0,0.0,0.0,3.4845561098188496,-0.35302356290202846,-8.980472478212398,0.0,-0.43221350818821613,0.7256852730082461,0.0,-0.7773651240167654,0.0,-0.5634096470069984,-0.5538293981542032,0.36840382329432536,0.0,-0.6620811855910668,Biotechnology,Healthcare,ONCY
2016Q3,2016,Q3,2016-10-18,2016-09-30,-3332474.0,0.0,-3364184.0,-0.285,0.0,0.0,18437187.0,15628179.0,18103261.0,2809008.0,2809008.0,0.0,-273619287.0,42810937.0665966,27198208.066596597,1.2315609975056998,6.444716782579473,0.0,0.0,-0.21526275193774974,1.2315609975056998,-0.21323495206959173,0.0,-3.211648242911768,2.7393426365667173,0.0,0.0,0.0,0.0,6.31771785626812,-0.18074742095960733,-14.139610509188762,0.0,-0.49999999999999983,0.684084933816427,0.0,-0.766698472645775,0.0,-0.2913022317906559,-0.28579957147454493,0.6167568863195089,0.0,-0.6024028841985194,Biotechnology,Healthcare,ONCY
2016Q2,2016,Q2,2016-08-04,2016-06-30,-2580708.0,0.0,-2616414.0,-0.19,0.0,0.0,21367738.0,18587033.0,20994884.0,2780705.0,2780705.0,0.0,-270286813.0,60204143.96277451,41883162.96277451,1.4763767822509752,7.550201837303849,0.0,0.0,-0.14075633658044112,1.4763767822509752,-0.13884453747943526,0.0,-5.832134433920315,3.239040031982216,0.0,0.0,0.0,0.0,7.359433668799819,-0.1207759099255148,-22.904878236907837,0.0,0.33333333333333326,0.7855294739304116,0.0,-0.7568024947656088,0.0,0.35751741135612525,0.35974850123857804,0.6356569422814285,0.0,-0.6107802623092223,Biotechnology,Healthcare,ONCY
2016Q1,2016,Q1,2016-04-14,2016-03-31,-4016775.0,0.0,-4086541.0,-0.285,0.0,0.0,23022906.0,20468568.0,22611144.0,2554338.0,2554338.0,0.0,-267706105.0,50746333.29461025,30512925.294610247,1.645107552311369,8.85205638408073,0.0,0.0,-0.19964237297251536,1.645107552311369,-0.19624113421124526,0.0,-3.158400289698218,2.479232220574016,0.0,0.0,0.0,0.0,8.762292226009244,-0.17446863571436202,-16.785396772475863,0.0,-0.014032976714950894,0.40135024517238466,0.0,-0.7697176772493077,0.0,-0.14866016456758258,-0.1560189894687769,0.5897149001655981,0.0,-0.6425848140399189,Biotechnology,Healthcare,ONCY
2015Q4,2015,Q4,2016-01-19,2015-12-31,-3496922.0,0.0,-3535012.0,-0.2810559484202206,0.0,0.0,27383798.0,24674306.0,26923980.0,2709492.0,2709492.0,0.0,-263689330.0,44271028.700279996,20254753.700279996,1.9831327305672644,9.936910682888158,0.0,0.0,-0.14353191505028012,1.9831327305672644,-0.14172321604506324,0.0,-3.1649997269227046,1.7942157603249305,0.0,0.0,0.0,0.0,9.749912898801695,-0.1277004015294007,-10.124718146307124,0.0,-0.4792418337906346,0.7229984218725735,0.0,-0.651735079299616,0.0,-0.23829691247485374,-0.2270908811315718,0.7221163808398731,0.0,0.1260899985379202,Biotechnology,Healthcare,ONCY
2015Q3,2015,Q3,2015-10-06,2015-09-30,-2823977.0,0.0,-2880807.0,-0.19,0.0,0.0,31000558.0,27724279.0,30557090.0,3276279.0,3276279.0,0.0,-260192408.0,70931664.67319818,42969202.67319818,2.232724384368123,9.32676673750923,0.0,0.0,-0.10375948825902225,2.232724384368123,-0.10185934862363778,0.0,-6.279412391920878,2.5584674239210394,0.0,0.0,0.0,0.0,9.18007257623664,-0.09109439255899845,-24.667945073533712,0.0,0.33333333333333326,0.6323430826384759,0.0,-0.2512931311322843,0.0,0.2665486312865268,0.26011908232182535,0.8016069485833436,0.0,-0.19533535412571218,Biotechnology,Healthcare,ONCY
2015Q2,2015,Q2,2015-07-06,2015-06-30,-3850258.0,0.0,-3893609.0,-0.285,0.0,0.0,33189613.0,30131137.0,32721923.0,3058476.0,3058476.0,0.0,-257368431.0,72056699.9595425,42038482.9595425,2.498886159172793,10.698767294561081,0.0,0.0,-0.12924798812065294,2.498886159172793,-0.12778336243999022,0.0,-4.6786929576889715,2.391436471831199,0.0,0.0,0.0,0.0,10.508650386663161,-0.11600792091188289,-14.029892469470054,0.0,0.25000197367901666,0.5245738965433546,0.0,-0.29385057173633344,0.0,-0.08401847156317377,-0.07907827373372248,0.7472422144653317,0.0,-0.3645910747798493,Biotechnology,Healthcare,ONCY
2015Q1,2015,Q1,2015-04-06,2015-03-31,-3551838.0,0.0,-3608273.0,-0.380001,0.0,0.0,31444945.0,27170430.0,30949414.0,4274515.0,4274515.0,0.0,-253518173.0,92881932.0864214,64303909.0864214,2.5926633464179494,7.240450437067129,0.0,0.0,-0.13280146836100865,2.5926633464179494,-0.130724394129942,0.0,-6.537596315373998,3.4184932695736285,0.0,0.0,0.0,0.0,7.178523411427963,-0.11295418071171694,-33.66349746112682,0.0,-0.05376858001785068,0.4697520934873223,0.0,-0.38303370223452404,0.0,0.06013977353945225,0.053263540416264896,0.6855527753838974,0.0,-0.5073466609655397,Biotechnology,Healthcare,ONCY
2014Q4,2014,Q4,2014-12-31,2014-12-31,-3779113.0,0.0,-3811275.0,-0.3606114351915511,0.0,0.0,17193190.0,13819193.0,16667814.0,3373997.0,3373997.0,0.0,-249966335.0,61472306.95593296,47319481.95593296,1.3186583785451869,4.9400796740483175,0.0,0.0,-0.2757994938436505,1.3186583785451869,-0.27346842901752655,0.0,-4.0665830153751,4.448328274735938,0.0,0.0,0.0,0.0,4.853667919681019,-0.2198028987058248,-18.409424048308015,0.0,0.24081962945014623,0.5545390418396133,0.0,-0.7276230359468295,0.0,0.1849401545267575,0.18513974026840344,0.7576539236591057,0.0,-0.6494498468205551,Biotechnology,Healthcare,ONCY
2014Q3,2014,Q3,2014-10-20,2014-09-30,-4636608.0,0.0,-4677213.0,-0.475001,0.0,0.0,18078518.0,14779908.0,17534993.0,3298610.0,3298610.0,0.0,-246187222.0,56448537.995525,41435569.995525,1.584883250853837,5.315873352715235,0.0,0.0,-0.3164119321359627,1.584883250853837,-0.31371020712713504,0.0,-3.043633298066442,3.8192753294218744,0.0,0.0,0.0,0.0,5.192950363941176,-0.25647058016591845,-12.463805561258928,0.0,0.0,0.03902790004715333,0.0,0.15846194324455987,0.0,0.01728532905709277,0.01839651449042681,0.40188878771683634,0.0,-0.6997666507373961,Biotechnology,Healthcare,ONCY
2014Q2,2014,Q2,2014-07-08,2014-06-30,-4718163.0,0.0,-4764870.0,-0.475001,0.0,0.0,20046561.0,16379485.0,19576344.0,3667076.0,3667076.0,0.0,-241550614.0,117898532.51587202,101017802.51587202,1.7972051374471754,5.3384069487515395,0.0,0.0,-0.29112354855704126,1.7972051374471754,-0.288053195811712,0.0,-6.2470569857311,7.197938916630895,0.0,0.0,0.0,0.0,5.172187868481592,-0.23536021964066556,-20.392469552898106,0.0,0.16666637426951877,0.40350055427245124,0.0,-0.05778256826894196,0.0,0.13987692169704916,0.14448429578633104,0.45835846346306247,0.0,-0.7039537528115339,Biotechnology,Healthcare,ONCY
2014Q1,2014,Q1,2014-04-08,2014-03-31,-5485451.0,0.0,-5569588.0,-0.570001,0.0,0.0,23035683.0,18202260.0,22526901.0,4833423.0,4833423.0,0.0,-236832451.0,170069301.2855175,149913394.2855175,2.030831559086681,4.660651674806861,0.0,0.0,-0.3061982301994327,2.030831559086681,-0.30136098484473905,0.0,-7.750926099126467,9.343306890766174,0.0,0.0,0.0,0.0,4.599452396365888,-0.23812842883799018,-27.519046145767163,0.0,0.11801238969163463,0.28621782418898145,0.0,0.6955947025301502,0.0,0.05300475789299229,0.050813846736168594,-0.1348785764842187,0.0,-0.7157239914892956,Biotechnology,Healthcare,ONCY
2013Q4,2013,Q4,2013-12-31,2013-12-31,-5792480.0,0.0,-5867751.0,-0.6462687154989775,0.0,0.0,28222027.0,22213366.0,27689568.0,6008661.0,6008661.0,0.0,-231347000.0,140343116.70669675,115122788.70669675,2.4783518478663127,4.608275953660891,0.0,0.0,-0.2644009194402878,2.4783518478663127,-0.2607655228838349,0.0,-6.057125648543316,6.317958147661941,0.0,0.0,0.0,0.0,4.548072357551874,-0.2052467740889058,-31.78879622862345,0.0,0.02816880651461049,0.37337876878263204,0.0,0.21012758076389096,0.0,0.052533265725057864,0.05725748936116202,0.36305402858813085,0.0,-0.5647679066252314,Biotechnology,Healthcare,ONCY
2013Q3,2013,Q3,2013-10-01,2013-09-30,-6113650.0,0.0,-6224129.0,-0.665001,0.0,0.0,32549276.0,27635881.0,31980565.0,4913395.0,4913395.0,0.0,-225554520.0,213927568.2820146,184455367.2820146,3.0975098876738727,6.5088528400423735,0.0,0.0,-0.22521912726429819,3.0975098876738727,-0.22122146205507254,0.0,-8.747947964064618,7.74093535436828,0.0,0.0,0.0,0.0,6.412927721056418,-0.1878275264863034,-32.34767076613343,0.0,-0.16666637426951877,0.2826645146555016,0.0,0.25001524347280024,0.0,-0.21793596047238858,-0.2144525837704186,-0.10776258098582056,0.0,0.03869825829103609,Biotechnology,Healthcare,ONCY
2013Q2,2013,Q2,2013-08-01,2013-06-30,-5019681.0,0.0,-5125049.0,-0.570001,0.0,0.0,39266983.0,33842541.0,38760579.0,5424442.0,5424442.0,0.0,-219440870.0,259236680.2895736,223083403.2895736,3.793170384961074,7.1455421589907315,0.0,0.0,-0.15143806725387435,3.793170384961074,-0.14832458945680232,0.0,-12.911013682421931,7.660083215665561,0.0,0.0,0.0,0.0,7.042505201456666,-0.12783464927774055,-49.45601885197642,0.0,0.24999967105306448,0.5358572227616963,0.0,0.10612919599161386,0.0,0.24022921107773826,0.2329832028668943,0.16232077289450206,0.0,0.07189560789500478,Biotechnology,Healthcare,ONCY
2013Q1,2013,Q1,2013-04-29,2013-03-31,-6606836.0,0.0,-6681795.0,-0.760001,0.0,0.0,44272266.0,38647039.0,43872461.0,5625227.0,5625227.0,0.0,-214421189.0,238867979.44902998,197348322.44902998,4.602791422788362,7.799233879806095,0.0,0.0,-0.17289280557819708,4.602791422788362,-0.1709532261967081,0.0,-9.038667656084925,6.1807575853102215,0.0,0.0,0.0,0.0,7.750669795192265,-0.14923193676149307,-28.351070986762583,0.0,0.24857726857446796,-0.026067805185814797,0.0,-0.19077562253956065,1.0,0.22201941078547846,0.21662349678720194,-0.23104745091050183,0.0,0.09530887896721162,Biotechnology,Healthcare,ONCY
2012Q4,2012,Q4,2013-01-28,2012-12-31,-8492289.0,0.0,-8529481.0,-1.011416035496017,-4851528.0,0.0,22078090.0,14786780.0,21668842.0,7291310.0,7291310.0,0.0,-207814353.0,308796586.734258,289473045.734258,1.7610783624240527,2.9718722698664575,0.0,0.0,-0.5782138353848286,1.7610783624240527,-0.5743163149786499,0.0,-9.090499238022222,20.883288094788586,0.0,0.0,0.0,0.0,2.926462871555317,-0.3846478114728222,-45.851504628151474,0.0,0.11279450782014667,-0.07314160217092264,0.0,-0.7269754531589222,0.0,0.0813090619091375,0.08330049099607666,-0.24939564390550278,0.0,-0.6362384787286623,Biotechnology,Healthcare,ONCY
2012Q3,2012,Q3,2012-10-24,2012-09-30,-9243902.0,0.0,-9304555.0,-1.140002,0.0,0.0,29086298.0,22375151.0,28659315.0,6711147.0,6711147.0,0.0,-199322064.0,170041781.03707597,144034463.03707597,2.7747265843178845,4.270404895020181,0.0,0.0,-0.416446910386611,2.7747265843178845,-0.41313249684884806,0.0,-4.598755510310364,7.599581385487676,0.0,0.0,0.0,0.0,4.1820553178167605,-0.3178095060430172,-21.664685179527567,0.0,0.07692295235149416,-0.31828126635872284,-1.0,-0.6199104531014782,0.0,0.09184774396829803,0.0944841276058913,-1.2156155602152583,0.0,1.028171569804595,Biotechnology,Healthcare,ONCY
2012Q2,2012,Q2,2012-08-02,2012-06-30,-10178802.0,0.0,-10275419.0,-1.235002,0.0,0.0,36989130.0,31686450.0,36560963.0,5302680.0,5302680.0,0.0,-190078162.0,262609583.59211603,228806770.59211603,3.9327212130471754,6.8948084742054965,0.0,0.0,-0.3241815158519686,3.9327212130471754,-0.32123516518890566,0.0,-6.449913840354593,8.287756551842065,0.0,0.0,0.0,0.0,6.7629227107802095,-0.2751836012363632,-23.310890563545158,0.0,-0.18181783384146627,-0.48612204137569676,0.0,-0.5180941427138868,0.0,-0.2033774670959297,-0.1977974248696902,-0.45564655472327936,0.0,1.0618005167373246,Biotechnology,Healthcare,ONCY
2012Q1,2012,Q1,2012-03-31,2012-03-31,-8458528.0,0.0,-8578595.0,-1.045002,0.0,0.0,47371768.0,41299471.0,46975786.0,6072297.0,6072297.0,0.0,-179899360.0,314965490.37377596,270343412.37377596,5.262652540829723,7.7360817496245655,0.0,0.0,-0.20771682523488014,5.262652540829723,-0.20480959671372062,0.0,-9.309110591517104,7.6263807440481735,0.0,0.0,0.0,0.0,7.681485770541197,-0.17855630805250924,-36.91142565127983,0.0,0.29771463200033094,-0.054564238355119435,0.0,-0.4559103897538315,1.0,0.27564494019733804,0.269062155399661,-0.25707088639864767,0.0,3.3939270736469993,Biotechnology,Healthcare,ONCY
2011Q4,2011,Q4,2012-01-24,2011-12-31,-11677323.0,0.0,-11736422.0,-1.4880019542148462,-5334582.0,0.0,36024617.0,29520379.0,35632506.0,6504238.0,6504238.0,0.0,-171440832.0,296657881.18609494,263739130.18609494,3.761682505584791,5.478352114421397,0.0,0.0,-0.3989367014810205,3.761682505584791,-0.395568193755236,0.0,-6.3511534532806655,10.049257199106249,0.0,0.0,0.0,0.0,5.367412754576324,-0.32414842883687006,-40.405248659143204,0.0,-0.740351127325987,-0.22457801305743472,0.0,-0.5084781365287694,0.0,-0.8737609161967284,-0.8527870291890292,-0.4427645873033626,0.0,0.836751207865916,Biotechnology,Healthcare,ONCY
2011Q3,2011,Q3,2011-11-10,2011-09-30,-6232024.0,0.0,-6334469.0,-0.855001,0.0,0.0,43052848.0,39575233.0,42783268.0,3477615.0,3477615.0,0.0,-159763509.0,257094249.56734204,216850947.56734204,5.27883812623225,12.302473965634494,0.0,0.0,-0.160061445500523,5.27883812623225,-0.1574728315560391,0.0,-10.313433066341771,6.496342032082086,0.0,0.0,0.0,0.0,12.14916516060576,-0.14475288603439196,-38.7167977687033,0.0,0.09999989473695288,0.07090453696565337,-1.0,-0.4301941899614388,0.0,0.13012046780132094,0.03316440147172803,0.12978545696461358,0.0,1.1303009077950217,Biotechnology,Healthcare,ONCY
2011Q2,2011,Q2,2011-07-06,2011-06-30,-7164238.0,0.0,-6551754.0,-0.950001,0.0,0.0,49690153.0,45504014.0,49461402.0,4186139.0,4186139.0,0.0,-153531485.0,380777176.72827,334136945.72827,6.070690490134997,11.815518309353799,0.0,0.0,-0.14398189135578238,6.070690490134997,-0.15744189073078257,0.0,-13.28742766251868,8.367990936541775,0.0,0.0,0.0,0.0,11.61475001188446,-0.14417822380220885,-76.99540906126698,0.0,-0.6666654970780753,-0.22118083867975669,-1.0,-0.4022930594691643,0.0,-0.8040868108612289,-0.5985260411914053,0.2115131072969729,0.0,0.7702785030669986,Biotechnology,Healthcare,ONCY
2011Q1,2011,Q1,2011-04-04,2011-03-31,-3971116.0,0.0,-4098622.0,-0.570001,0.0,0.0,54945204.0,52605934.0,53984611.0,2339270.0,2339270.0,0.0,-146367247.0,393270940.1315068,343358067.1315068,7.143872498161271,23.07754598656846,0.0,0.0,-0.07791178082685501,7.143872498161271,-0.07548798582304422,0.0,-24.758212812941423,7.475790471308937,0.0,0.0,0.0,0.0,22.910896134264107,-0.07227411513478046,-101.59212542956567,0.0,0.4382215447789051,0.3130788926162043,-1.0,-0.3432928067167559,1.0,0.4685027835533787,0.4538088055899742,0.29678358924785425,0.0,0.25597604670063284,Biotechnology,Healthcare,ONCY
2010Q4,2010,Q4,2010-12-31,2010-12-31,-7471565.0,0.0,-7504006.0,-1.0146366324704799,-4190403.0,0.0,44432442.0,41931760.0,43469850.0,2500682.0,2500682.0,0.0,-138761772.0,468517369.65936005,429220687.65936005,5.69432237556126,17.383197863622804,0.0,0.0,-0.17914005615450357,5.69432237556126,-0.17818391119285237,0.0,-15.676681179222827,11.173329468149204,0.0,0.0,0.0,0.0,17.27165469259986,-0.1681556237669764,-120.22711424035705,0.0,-0.525767077749477,-0.5399432820495327,-1.0,-0.5113733873398112,0.0,-0.8636877023872656,-0.8635247360112209,-0.07655874850420855,0.0,-0.11719443079485949,Biotechnology,Healthcare,ONCY
2010Q3,2010,Q3,2010-10-04,2010-09-30,-4009022.0,0.0,-4026781.0,-0.665001,0.0,0.0,21137093.0,19327179.0,20238061.0,1809914.0,1809914.0,0.0,-131290207.0,301470100.923456,285371965.923456,2.9821075205904233,11.181780460287063,0.0,0.0,-0.20834809880945376,2.9821075205904233,-0.2074292373449845,0.0,-18.799479082645096,15.598246434384244,0.0,0.0,0.0,0.0,10.905932547071297,-0.18966761417949005,-61.18906941648782,0.0,0.0,0.4730993336688215,-1.0,-0.729521740342738,0.0,0.07880377961816867,0.0766970140403799,0.28863614226209205,-1.0,-0.5915028519530581,Biotechnology,Healthcare,ONCY
2010Q2,2010,Q2,2010-07-19,2010-06-30,-4351974.0,0.0,-4361278.0,-0.665001,0.0,0.0,26569273.0,22929701.0,25662961.0,3639572.0,3639572.0,0.0,-127281185.0,171485087.08230627,148279126.08230627,3.538749815768091,7.051093095561786,0.0,0.0,-0.19020213128814895,3.538749815768091,-0.18979636934646466,0.0,-9.850994461496452,7.4787319329766335,0.0,0.0,0.0,0.0,6.853702303457659,-0.16379725557413632,-38.958556777391955,0.0,0.0,0.21400043961899318,-1.0,-0.6637236168131239,0.0,-0.05089405007375862,-0.05064959781066386,0.20991103878957326,0.0,-0.5663704159778334,Biotechnology,Healthcare,ONCY
2010Q1,2010,Q1,2010-04-06,2010-03-31,-4141211.0,0.0,-4151030.0,-0.665001,0.0,0.0,30158898.0,27226276.0,29277816.0,2932622.0,2932622.0,0.0,-122929211.0,194698983.70946866,167555669.70946866,4.20227710299256,9.983494633812336,0.0,0.0,-0.152464112242159,4.20227710299256,-0.15210346798805682,0.0,-11.753746893690558,7.151142657536737,0.0,0.0,0.0,0.0,9.839748866372823,-0.13731307423765948,-39.39895213001695,0.0,0.17852859413550892,0.086671893612735,-1.0,-0.6349674945909098,1.0,0.21042396985693024,0.20601238045561285,0.3746230888282947,0.0,-0.565539375177306,Biotechnology,Healthcare,ONCY
2009Q4,2009,Q4,2010-01-21,2009-12-31,-5244854.0,0.0,-5228079.0,-0.8095242211141525,-3782507.0,0.0,35593391.0,31366458.0,34701071.0,4226933.0,4226933.0,0.0,-118788000.0,169030846.32726604,136581907.32726604,4.841299201380968,8.20951526792594,0.0,0.0,-0.16737946659579803,4.841299201380968,-0.16721218570486984,0.0,-8.05698530060446,5.388904489224318,0.0,0.0,0.0,0.0,8.08947362070797,-0.14735471537398614,-44.217751868909666,0.0,-0.7042579302236257,0.3112116949134863,-1.0,-0.5716565521193773,0.0,-0.9468706662826022,-0.9382264532029931,0.3337874594815868,0.0,-0.3674095563483445,Biotechnology,Healthcare,ONCY
2009Q3,2009,Q3,2009-10-02,2009-09-30,-2693992.0,0.0,-2697352.0,-0.475001,0.0,0.0,10239947.0,7123553.0,10020959.0,3116394.0,3116394.0,0.0,-113543146.0,157151247.71171445,147496528.71171445,1.3680926335956956,3.215562281277656,0.0,0.0,-0.3786526189950436,1.3680926335956956,-0.37818094425632826,0.0,-14.583492426083158,22.060795745004558,0.0,0.0,0.0,0.0,3.117074734452704,-0.2630865179282666,-60.18100023042628,0.0,0.44444392462698873,0.4819730620376153,-1.0,-0.8482539519582244,0.0,0.37851372060763727,0.37827386447216993,0.4217288787577415,-1.0,-0.8523260019245593,Biotechnology,Healthcare,ONCY
2009Q2,2009,Q2,2009-07-02,2009-06-30,-4334757.0,0.0,-4338489.0,-0.855001,0.0,0.0,12754931.0,9526886.0,12521496.0,3228045.0,3228045.0,0.0,-110849154.0,90430598.740074,78447246.740074,1.9074208106565373,3.87897194741709,0.0,0.0,-0.4553942389989762,1.9074208106565373,-0.4550025055406352,0.0,-5.215436455842507,9.492146619585245,0.0,0.0,0.0,0.0,3.744065215943396,-0.3398495060459363,-16.052285538868798,0.0,0.0,0.17157773758047146,-1.0,-0.8072637840773295,0.0,-0.09528669315042326,-0.09150692996072729,-0.10887322794610499,-1.0,-0.8121995086234395,Biotechnology,Healthcare,ONCY
2009Q1,2009,Q1,2009-04-07,2009-03-31,-3957646.0,0.0,-3974770.0,-0.855001,0.0,0.0,9801863.0,5528325.0,9461517.0,4273538.0,4273538.0,0.0,-106514397.0,69726075.06816001,62359594.06816001,1.1977104882766463,2.2139775052895283,0.0,0.0,-0.7189826936730384,1.1977104882766463,-0.7158851912649853,0.0,-4.40451691915851,12.612513748406615,0.0,0.0,0.0,0.0,2.190337841853752,-0.403764672083256,-17.406722890282794,0.0,0.17099224136445373,0.08081188843410057,-1.0,-0.8524554173423594,0.0,0.16864367775528,0.1730809478892268,-0.09217079793133583,-1.0,-0.889899337743709,Biotechnology,Healthcare,ONCY
2008Q4,2008,Q4,2009-01-13,2008-12-31,-4760469.0,0.0,-4806722.0,-1.0313546418518877,0.0,0.0,13987195.0,9453084.0,13542519.0,4534111.0,4534111.0,0.0,-102556751.0,64513194.574751996,57083299.574751996,2.0480087283870163,2.9868079983044087,0.0,0.0,-0.50848188802723,2.0480087283870163,-0.5035889874669472,0.0,-3.3879642202665323,6.824565885033074,0.0,0.0,0.0,0.0,2.9471821488269696,-0.34034479393473815,-22.50558148973641,0.0,-0.07966838154538494,-0.7451521930557286,-1.0,-0.7651161239275557,0.0,-0.14964070022642792,-0.14165811026722805,-0.5653166870816924,-1.0,-0.8242615184652918,Biotechnology,Healthcare,ONCY
2008Q3,2008,Q3,2008-10-02,2008-09-30,-4140832.0,0.0,-4210299.0,-0.9552513155712282,0.0,0.0,13542417.0,10741560.0,13035750.0,2800857.0,2800858.0,0.0,-97796282.0,65681134.33822499,53000972.33822499,2.477977691750663,4.654200482209553,0.0,0.0,-0.3919634578217689,2.477977691750663,-0.3854963338658444,0.0,-3.9654551511764415,6.114673691551785,0.0,0.0,0.0,0.0,4.544342320939626,-0.30576757457697545,-12.51043489738211,0.0,0.22651840598539252,-0.3859621955449737,-1.0,-0.6806854836263395,0.0,0.21195006974934008,0.23267658029150387,0.18632096977906543,-1.0,-0.775246503049783,Biotechnology,Healthcare,ONCY
2008Q2,2008,Q2,2008-07-15,2008-06-30,-5254530.0,0.0,-5486994.0,-1.235002,0.0,0.0,19011248.0,14865053.0,18413280.0,4146195.0,4146195.0,0.0,-93655450.0,81848195.20006019,73668854.20006019,3.42922906176489,4.441006754385648,0.0,0.0,-0.3691203791873463,3.42922906176489,-0.3534820898384957,0.0,-3.8941729897850133,5.506081626487318,0.0,0.0,0.0,0.0,4.335915942207253,-0.27639058729863497,-20.29785941520545,0.0,-0.6292773408126057,0.2719290507657849,-1.0,-0.5474673250011552,0.0,-0.5806705951824792,-0.5698147776751323,-0.41856242633540824,-1.0,-0.6741310332617213,Biotechnology,Healthcare,ONCY
2008Q1,2008,Q1,2008-04-07,2008-03-31,-3324241.0,0.0,-3495313.0,-0.758006,0.0,0.0,27408083.0,24655982.0,22209203.0,2752100.0,2752101.0,0.0,-83846498.0,77689504.59139602,70362798.59139602,5.687905049565044,8.069911340430943,0.0,0.0,-0.1417632848693676,5.687905049565044,-0.13482492808438942,0.0,-5.842649840324153,3.150939378175893,0.0,0.0,0.0,0.0,8.011236873660113,-0.12128688460261887,-23.895617896328226,0.0,0.1957337586641658,-0.609769589709554,-1.0,-0.1519442125119463,0.0,0.18632732481421385,0.3394086545403414,-0.09578551391089113,-1.0,-0.5059178202948176,Biotechnology,Healthcare,ONCY
2007Q4,2007,Q4,2007-12-31,2007-12-31,-4085477.0,0.0,-5291188.0,-0.942481433438013,0.0,0.0,30781857.0,27960630.0,25554214.0,2821227.0,2821228.0,0.0,-80522257.0,70656893.22534344,63941797.225343436,6.450256516492423,9.05783689153691,0.0,0.0,-0.18923708085261312,6.450256516492423,-0.14611534146405142,0.0,-4.323662403762366,2.527013634004078,0.0,0.0,0.0,0.0,8.965572072009802,-0.13272353906393627,-23.32961655179427,0.0,-0.10231617675068572,-0.42950530281582683,-1.0,-0.08879126403494264,-1.0,-0.08543689114033552,-0.4128733260275611,0.19808429175865733,-1.0,-0.42930089608989636,Biotechnology,Healthcare,ONCY
2007Q3,2007,Q3,2007-10-03,2007-09-30,-3763901.0,319223.0,-3744984.0,-0.855001,319223.0,1.0,33896893.0,31598829.0,28641912.0,2298064.0,2298063.0,0.0,-76436780.0,84838220.404392,81511846.404392,7.300191775751976,12.463496229870012,0.0,0.0,-0.11851654376179573,7.300191775751976,-0.11911520518687575,265.7647487943914,-5.6349928175842035,2.684853302772454,0.0,0.0,0.0,0.009417470798872334,12.283426832324949,-0.11103970502547239,-25.099085007447048,1.0,0.0009989998317473257,0.028033096684227547,2.1068302840744857,-0.0024806934883058276,0.0,-0.022915374626791846,0.07515456962029067,0.12935989181552596,0.17840731467712553,-0.19027759910824238,Biotechnology,Healthcare,ONCY
2007Q2,2007,Q2,2007-07-23,2007-06-30,-3679582.0,0.0,-4049308.0,-0.855856,0.0,0.0,37699811.0,35323821.0,32378199.0,2375990.0,2375989.0,0.0,-72672879.0,91047772.57836,84123883.57836,8.160766576265688,13.62724548503992,0.0,0.0,-0.11463391800111318,8.160766576265688,-0.10416715677502725,0.0,-6.186013287539183,2.5775176637419834,0.0,0.0,0.0,0.0,13.291305098085429,-0.09760213386746157,-22.18020624036916,0.0,0.1813727131252051,-0.35921279645444715,-1.0,-0.07999023185518049,1.0,0.10542782547345383,0.07701684629544703,0.1885659598785279,-1.0,-0.17539157581264408,Biotechnology,Healthcare,ONCY
2007Q1,2007,Q1,2007-04-03,2007-03-31,-4113231.0,0.0,-4387196.0,-1.045477,-906715.0,0.0,41774968.0,38925608.0,36514190.0,2849361.0,2849361.0,0.0,-68993297.0,80318359.4668,68993080.4668,9.672400357817315,12.81486971991264,0.0,0.0,-0.11270719265322715,9.672400357817315,-0.10566902384671807,0.0,-4.881707316389476,2.0633809873130304,0.0,0.0,0.0,0.0,12.540437663040942,-0.09846161940806274,-20.07640273776538,0.0,0.13960586964901572,-0.6209004785339124,-1.0,0.3310324255581667,0.0,0.15886652740585325,0.2791262223662335,-0.09569865177254416,-1.0,0.19153191698705066,Biotechnology,Healthcare,ONCY
