Quarters,Year,Quarter,FillingDate,Date,NetIncome,Revenue,OperatingIncome,EPSDiluted,GrossProfit,GrossProfitRatio,TotalAssets,CommonStockEquity,CurrentAssets,CurrentLiability,TotalLiability,Inventory,RetainedEarnings,MarketCap,EnterpriseValue,bookValuePerShare,currentRatio,debtToAssets,debtToEquity,roic,shareholdersEquityPerShare,roe,priceToSalesRatio,peRatio,pbRatio,payoutRatio,inventoryTurnover,dividendYield,assetTurnover,quickRatio,returnOnAssets,priceToFreeCashFlowsRatio,grossProfitMargin,epsdilutedGrowth,fiveYNetIncomeGrowthPerShare,fiveYRevenueGrowthPerShare,fiveYShareholdersEquityGrowthPerShare,grossProfitGrowth,netIncomeGrowth,operatingIncomeGrowth,threeYNetIncomeGrowthPerShare,threeYRevenueGrowthPerShare,threeYShareholdersEquityGrowthPerShare,Industry,Sector,Symbol
2023Q3,2023,Q3,2023-05-01,2023-03-31,1043100000.0,4927800000.0,1403200000.0,2.51,2304000000.0,0.4675514428,59881800000.0,3693800000.0,51518200000.0,51536100000.0,56188000000.0,45848400000.0,21857800000.0,92102031000.0,93594331000.0,8.92869228909838,0.9996526706522224,0.05545424486237888,0.8989929070334073,0.14607523631466512,8.92869228909838,0.28239211651957336,18.690294046024594,22.074113459879204,24.934222480913963,0.4990892531876138,0.05722773313790667,0.005652426926394273,0.08229211546747092,0.09508868540692834,0.01741931605262367,73.86480952762852,0.4675514428345306,0.2871794871794871,0.7290219408370151,0.4224166725084223,-0.02274563201320707,0.18744524042673813,0.28286803591194193,0.24551748624178946,0.3207439331298685,0.2653683335482534,-0.3007562452306075,Staffing & Employment Services,Industrials,ADP
2023Q2,2023,Q2,2023-02-02,2022-12-31,813100000.0,4391000000.0,1126600000.0,1.95,1940300000.0,0.4418811205,54453000000.0,2986700000.0,46143600000.0,46813700000.0,51466300000.0,40760500000.0,21333000000.0,98959698000.0,100936898000.0,7.209027274921555,0.9856858141954171,0.0610104126494408,1.1123313355877724,0.1303395298276275,7.209027274921555,0.2722402651756119,22.5369387383284,30.42666892141188,33.133457662302874,0.5320378797195917,0.060124385127758494,0.004371476558063061,0.08063834866765834,0.09628164404864388,0.014932143316254384,130.5709170075208,0.4418811204736962,0.04278074866310152,0.8514976392967455,0.44476187490274555,-0.19122581702949434,0.06492864983534577,0.04377406931964056,0.05983066792097836,0.2996570057521566,0.24629947426906038,-0.4201224239190495,Staffing & Employment Services,Industrials,ADP
2023Q1,2023,Q1,2022-11-02,2022-09-30,779000000.0,4215600000.0,1063000000.0,1.87,1822000000.0,0.4322041939,46364700000.0,2576500000.0,37968800000.0,39166200000.0,43788200000.0,32937900000.0,21039000000.0,93778374000.0,96074374000.0,6.214423540762181,0.9694277208409292,0.07556826637506552,1.3598680380360955,0.12753406097994652,6.214423540762181,0.30234814671065396,22.245557927697124,30.095755455712453,36.39758354356685,0.5557124518613608,0.07267008522097644,0.004616202878501605,0.09092262001048211,0.10587955941602709,0.01680157533640895,159.92219304229195,0.4322041939462947,0.24666666666666673,1.069385246714113,0.4603849828160538,-0.3048975338379531,0.04604432196578252,0.2456028141989127,0.24589779653070792,0.3959622971697863,0.2585858325757007,-0.4983899367456124,Staffing & Employment Services,Industrials,ADP
2022Q4,2022,Q4,2022-08-03,2022-06-30,625400000.0,4127700000.0,853200000.0,1.5,1741800000.0,0.4219783414,63068200000.0,3225300000.0,54804900000.0,55158700000.0,59842900000.0,49569200000.0,20696300000.0,87355636000.0,89413736000.0,7.754989180091368,0.9935857806656067,0.055406686729603825,1.0834340991535671,0.0936835516720988,7.754989180091368,0.1939044429975506,21.16327155558786,34.91990566037735,27.08449942640995,0.6944355612408059,0.0481327114417824,0.004971631137800886,0.06544819734826743,0.08352082264447856,0.009916249393513689,113.65552432995057,0.42197834144923324,-0.3212669683257918,1.5135659998143762,0.438729700575255,-0.133632966378025,-0.12940470835207676,-0.32644049542272485,-0.2929477086268335,0.37119392656825956,0.2297068770770646,-0.37743517295327544,Staffing & Employment Services,Industrials,ADP
2022Q3,2022,Q3,2022-04-29,2022-03-31,928500000.0,4512900000.0,1206700000.0,2.21,2000700000.0,0.4433291232,72068100000.0,4192900000.0,63903800000.0,63106500000.0,67875200000.0,58319600000.0,20504500000.0,95134474000.0,96831774000.0,10.028462090408993,1.0126341977450817,0.04622711019161044,0.7945574661928498,0.11966610461603537,10.028462090408993,0.22144577738558038,21.080563274169602,25.61509800753904,22.689421164349255,0.47140549273021004,0.04307642713598859,0.004600855836970308,0.06261993864136838,0.07740724014166528,0.012883647550025601,116.2444696969697,0.4433291231802167,0.33939393939393947,0.6866296999047891,0.4129954116511654,0.0912988529081952,0.2677100494233937,0.3371255760368664,0.2996230479267636,0.2790661660308865,0.2178617423816917,-0.17018882363490836,Staffing & Employment Services,Industrials,ADP
2022Q2,2022,Q2,2022-01-31,2021-12-31,694400000.0,3919400000.0,928500000.0,1.65,1578200000.0,0.402663673,59102600000.0,5049600000.0,51107300000.0,49084000000.0,54053000000.0,0.0,20011800000.0,103514284000.0,105118884000.0,12.028585040495473,1.0412211718686333,0.056674325664183976,0.663339670468948,0.08084712162111922,12.028585040495473,0.13751584283903676,26.410747563402563,37.267527361751156,20.499501742712297,0.5671082949308756,0.0,0.0038043058869054245,0.0663151874875217,0.09129247820063564,0.011749060109030736,107.12437545275795,0.40266367301117517,0.0,0.4501483663752864,0.3998431537083293,0.41217877372491485,0.046135489858146625,-0.008708065667380442,0.1762097795794274,0.2911152347887419,0.1602863673311557,0.10011849580047391,Staffing & Employment Services,Industrials,ADP
2022Q1,2022,Q1,2021-10-29,2021-09-30,700500000.0,3731200000.0,789400000.0,1.65,1508600000.0,0.4043203259005146,59987200000.0,5350700000.0,52047900000.0,49669900000.0,54636500000.0,0.0,19754800000.0,84246288000.0,86021188000.0,12.697437114380635,1.0478760778660718,0.056295343006508056,0.6311323752032444,0.06765607936551872,12.697437114380635,0.13091745005326405,22.578872212692968,30.066483940042826,15.74490963799129,0.5613133476088508,0.0,0.004667267951319114,0.062199935986343755,0.08801708882039223,0.011677491198122267,-11700.873333333333,0.4043203259005146,0.3095238095238094,1.039233976558436,0.3729636675509786,0.3512742775074379,-0.01495266079007509,0.3015607580824972,0.343430905377808,0.436683157447737,0.1638048104776727,0.18539807890088517,Staffing & Employment Services,Industrials,ADP
2021Q4,2021,Q4,2021-08-04,2021-06-30,538200000.0,3737000000.0,587600000.0,1.26,1531500000.0,0.40982071180090984,48772500000.0,5670100000.0,40741800000.0,38094800000.0,43102400000.0,0.0,19451100000.0,84115570000.0,84892070000.0,13.38866587957497,1.0694845490723144,0.06872110308062945,0.5911183224281759,0.04844206143321393,13.38866587957497,0.09491896086488774,22.508849344393898,39.072635637309546,14.834935891783214,0.7357859531772575,0.0,0.004707808554349688,0.07662104669639654,0.13919485074078353,0.011034906966015685,157.99318181818182,0.40982071180090984,-0.33684210526315783,1.0432555452284662,0.3804092542788895,0.35452095452501164,-0.16031580678765284,-0.33612927100037004,-0.383744100681699,4.120764992304677,0.1646324451833894,0.6950617572129255,Staffing & Employment Services,Industrials,ADP
2021Q3,2021,Q3,2021-04-30,2021-03-31,810700000.0,4102000000.0,953500000.0,1.9,1823900000.0,0.4446367625548513,54407700000.0,5673900000.0,46752400000.0,44615200000.0,48733800000.0,0.0,19307500000.0,80250526000.0,80714226000.0,13.325270079849695,1.0479029568398215,0.04328799048664068,0.4150936745448457,0.08641322853778326,13.325270079849695,0.14288232080227004,19.563755728912724,24.747294313556186,14.143803380390914,0.4906870605649439,0.0,0.004956976855204662,0.07539374022426973,0.10437922501748283,0.014900464456317764,73.23464683336375,0.4446367625548513,0.25827814569536417,0.6247001722248318,0.3475102632641812,0.34460000095125715,0.15928303565753513,0.25204633204633203,0.33899733183541636,0.3056133911020913,0.15040107997599206,0.45846423737062336,Staffing & Employment Services,Industrials,ADP
2021Q2,2021,Q2,2021-02-01,2020-12-31,647500000.0,3695700000.0,712100000.0,1.51,1573300000.0,0.42571096138755854,49325900000.0,5900000000.0,41662300000.0,39176500000.0,43425900000.0,0.0,18893600000.0,75307880000.0,76057180000.0,13.804398689751988,1.0634513037152376,0.04767272366038937,0.3985593220338983,0.06432750227674014,13.804398689751988,0.10974576271186441,20.377162648483374,29.076401544401545,12.764047457627118,0.6033976833976834,0.0,0.005188036099276729,0.07492412708131023,0.10496088216149987,0.013126977916267114,126.10160750167448,0.42571096138755854,0.07857142857142865,1.0306157666729991,0.4096321466538882,0.5018051543983902,0.09530771372876636,0.07540275701710679,0.09739559254122361,0.42922100330564844,0.1787181233024964,0.5487028757045134,Staffing & Employment Services,Industrials,ADP
2021Q1,2021,Q1,2020-10-30,2020-09-30,602100000.0,3470700000.0,648900000.0,1.4,1436400000.0,0.41386463825741204,42390100000.0,5808900000.0,34815400000.0,32329600000.0,36581200000.0,0.0,18644700000.0,59785414000.00001,60496614000.00001,13.553196453569763,1.076889290309809,0.054831198794058046,0.4001273907280208,0.06032763638077734,13.553196453569763,0.10365129370448795,17.225751001238944,24.823706194984222,10.292037046600905,0.6493937884072413,0.0,0.0065400567436063916,0.08187524917374575,0.12688681579728794,0.014203788148647915,165.15307734806632,0.41386463825741204,0.4583333333333333,0.9298349806982567,0.379662598764602,0.3535048248737977,0.09673971138428648,0.46282798833819244,0.5115303983228512,0.5472113731230703,0.16306013317877016,0.5159668821188215,Staffing & Employment Services,Industrials,ADP
2020Q4,2020,Q4,2020-08-05,2020-06-30,411600000.0,3376800000.0,429300000.0,0.96,1309700000.0,0.38785240464344944,39165500000.0,5752200000.0,31564100000.0,30126600000.0,33413300000.0,0.0,18436300000.0,63888698999.99999,64342798999.99999,13.405266837567,1.0477153080666255,0.06032349899784249,0.4107298077257397,0.03931580257638431,13.405266837567,0.0715552310420361,18.919894278606964,38.80508928571428,11.1068285177845,0.9514091350826045,0.0,0.0061294095220189105,0.08621873843050644,0.14438403271527486,0.010509249211678645,113.9851900089206,0.38785240464344944,-0.49473684210526314,0.32698337527281685,0.3699523877881152,0.29661840618746205,-0.27588875988278877,-0.49859909855037154,-0.5193685624720108,0.6033863727587743,0.14079295024754587,0.4976012210035247,Staffing & Employment Services,Industrials,ADP
2020Q3,2020,Q3,2020-05-01,2020-03-31,820900000.0,4047800000.0,893200000.0,1.9,1808700000.0,0.44683531795049164,43383400000.0,5490700000.0,35708700000.0,34672800000.0,37892700000.0,0.0,18416500000.0,58772400000.0,59072000000.0,12.769069767441861,1.029876444936665,0.046206613589529634,0.36509006137650934,0.08667924945693502,12.769069767441861,0.1495073487897718,14.519590888877909,17.898769643074676,10.703990383739779,0.4786210257034962,0.0,0.006685110698218892,0.0933029684164911,0.12484714242864724,0.018921983984657727,59.55857316578841,0.44683531795049164,0.2666666666666666,0.8338143619851042,0.460290787807286,0.15974846210538762,0.1480893741272058,0.2598219766728054,0.3069944395668715,0.44990585331313265,0.23229815824426395,0.38953221982471575,Staffing & Employment Services,Industrials,ADP
2020Q2,2020,Q2,2020-01-31,2019-12-31,651600000.0,3669500000.0,683400000.0,1.5,1575400000.0,0.4293227960212563,49059400000.0,5364400000.0,41365000000.0,40522400000.0,43695000000.0,0.0,17987600000.0,73570750000.0,74074950000.0,12.431981460023176,1.0207934377035912,0.04086067094175632,0.3736857803295802,0.06895647469350996,12.431981460023176,0.12146745209156662,20.04925739201526,28.226960558624924,13.714627917381254,0.5259361571516268,0.0,0.004658101215496648,0.07479708272013111,0.10106755769648391,0.01328185831869122,128.0159213502697,0.4293227960212563,0.1194029850746268,1.1710547757742906,0.5229522821398807,0.07881766211118411,0.08580880832586671,0.11881868131868131,0.15732430143945808,0.3238702882038309,0.2750532293933851,0.45953828102654726,Staffing & Employment Services,Industrials,ADP
2020Q1,2020,Q1,2019-11-04,2019-09-30,582400000.0,3495700000.0,590500000.0,1.34,1450900000.0,0.41505277912864375,37714700000.0,5360700000.0,29508500000.0,29200900000.0,32354000000.0,0.0,17729600000.0,69846434000.0,74412534000.0,12.388953085278484,1.0105339218996674,0.15829371571297132,1.1136605294084727,0.03981699381296119,12.388953085278484,0.10864252802805603,19.980671682352604,29.982157451923076,13.029349525248568,0.5894574175824175,0.0,0.004915068391322598,0.09268799698791187,0.2547661202223219,0.015442254611597069,242.69087560806116,0.41505277912864375,0.2293577981651376,1.1812693098042604,0.5016324120737883,0.017087700306698955,-0.018468407522662697,0.22507362221287336,0.23924449108079748,0.65115529368861,0.252715083397508,0.318445090814677,Staffing & Employment Services,Industrials,ADP
2019Q4,2019,Q4,2019-08-09,2019-06-30,475400000.0,3498700000.0,476500000.0,1.09,1478200000.0,0.4224997856346643,41887700000.0,5399900000.0,34342300000.0,32627700000.0,36487800000.0,0.0,17500600000.0,72130065000.0,72445065000.0,12.456516724336794,1.0525504402700772,0.05405405405405406,0.41930406118631824,0.046671464804625036,12.456516724336794,0.08803866738272931,20.616247463343527,37.93124999999999,13.357666808644604,0.7223390828775768,0.0,0.004760844177805746,0.08352571279874521,0.1345022787386178,0.01134939373610869,117.09426136363636,0.4224997856346643,-0.36994219653179183,0.8169995878423068,0.25638846093144413,-0.10640711633906692,-0.14830606130444804,-0.36924505771527133,-0.417339202739056,0.7632036777998644,0.2625709196509859,0.2602161466472471,Staffing & Employment Services,Industrials,ADP
2019Q3,2019,Q3,2019-05-03,2019-03-31,753700000.0,3847400000.0,817800000.0,1.73,1735600000.0,0.4511098404117066,48196300000.0,5246200000.0,40924000000.0,39166000000.0,42950100000.0,0.0,17368600000.0,70354587000.0,70530687000.0,12.085233817092837,1.044885870397794,0.04154468289059533,0.3816667302047196,0.08637374650954036,12.085233817092837,0.1436658915024208,18.286267869210377,23.33640274645084,13.410580420113604,0.45721109194639775,0.0,0.004898045951147435,0.07982770461632947,0.11008017157738856,0.015638129897938224,88.65245337701613,0.4511098404117066,0.3622047244094488,0.5941015488642322,0.27845165041645514,-0.1252220379066581,0.16311486395925479,0.350232891436761,0.32351513189836545,0.48158795976349533,0.23970866730137752,0.2194728740644397,Staffing & Employment Services,Industrials,ADP
2019Q2,2019,Q2,2019-01-31,2018-12-31,558200000.0,3505900000.0,617900000.0,1.27,1492200000.0,0.42562537436892095,38806300000.0,4763900000.0,31682600000.0,30296900000.0,34042400000.0,0.0,16959100000.0,57128984000.0,57551684000.0,10.93389947211384,1.0457373526664444,0.08267472034180016,0.673460819916455,0.05838639136044989,10.93389947211384,0.1171729045529923,16.295097977694745,25.58625223934074,11.992061966036232,0.5417413113579362,0.0,0.00529328510375749,0.09034357823343117,0.17901831540520646,0.014384262349154648,84.01321176470589,0.42562537436892095,0.10434782608695663,0.6257437496537479,0.29056237938459434,-0.16421227011915615,0.07919288348882621,0.10447170557973882,0.12284208613483555,0.7172153867232348,0.3117635760757128,0.18951842481082515,Staffing & Employment Services,Industrials,ADP
2019Q1,2019,Q1,2018-11-01,2018-09-30,505400000.0,3323200000.0,550300000.0,1.15,1382700000.0,0.4160748675974964,37416700000.0,4678800000.0,29955900000.0,29037300000.0,32737900000.0,0.0,16741100000.0,65843232000.00001,66808332000.00001,10.711538461538462,1.031635172691676,0.06562310412195624,0.5247926818842438,0.0602725351611001,10.711538461538462,0.10801915020945542,19.81320173326914,32.569861495844876,14.072675044883304,0.5987336762960032,0.0,0.0045957646793523136,0.08881595651139731,0.12765305314199324,0.013507337632661352,2044.8208695652177,0.4160748675974964,3.5999999999999996,0.6905061488521624,0.28631812147095986,-0.16958248039907386,0.012003220376198493,3.6494940202391906,0.3621287128712871,0.5894845894845897,0.2962292926920782,0.06971953363037979,Staffing & Employment Services,Industrials,ADP
2018Q4,2018,Q4,2018-08-03,2018-06-30,108700000.0,3318600000.0,404000000.0,0.25,1366300000.0,0.4117097571264991,37088700000.0,3459600000.0,32050000000.0,30413600000.0,33629100000.0,0.0,15271300000.0,58753319999.99999,58585719999.99999,7.898630136986301,1.0538048767656574,0.053989490060314865,0.5787952364435195,0.0392964740302948,7.898630136986301,0.03141981731992138,17.704248779605855,135.12723091076356,16.982691640652096,2.563017479300828,0.0,0.004741859694056438,0.08947738799149067,0.13659020964305443,0.0029308118106053864,99.61566632756866,0.4117097571264991,-0.8275862068965517,-0.47249461911371277,0.3007520720975403,-0.38430523254076954,-0.15430799702896755,-0.8309749650132172,-0.443296127876533,-0.6566760788723824,0.318983757199382,-0.2360085522070649,Staffing & Employment Services,Industrials,ADP
2018Q3,2018,Q3,2018-05-04,2018-03-31,643100000.0,3693000000.0,725700000.0,1.45,1615600000.0,0.4374763065258597,44065500000.0,4029200000.0,38714000000.0,36741200000.0,40036300000.0,0.0,15466100000.0,50044680000.0,49753480000.0,9.136507936507936,1.0536944901091962,0.04544144512146691,0.49697210364340316,0.09075232744421488,9.136507936507936,0.1596098481088057,13.551226645004062,19.45447053335407,12.420500347463518,0.4329031254859275,0.0,0.005563028877395159,0.08380705994485482,0.11804187125080291,0.014594183658417583,48.57763541059988,0.4374763065258597,0.3809523809523809,0.4582766439909296,0.29794882985464677,-0.3278272879620215,0.2536664856056491,0.3756149732620321,0.5613166953528399,0.40079147399700615,0.29906078603886055,-0.17017831201798292,Staffing & Employment Services,Industrials,ADP
2018Q2,2018,Q2,2018-02-01,2017-12-31,467500000.0,3235400000.0,464800000.0,1.05,1288700000.0,0.39831241886629165,44545500000.0,3931200000.0,39350000000.0,37250900000.0,40614300000.0,0.0,15060100000.0,51685212281.84,51914212281.84,8.91352299160179,1.056350316368195,0.04495179086551952,0.5093610093610094,0.06473561673111489,8.91352299160179,0.11892043142043142,15.974906435630833,27.639150952855612,13.14743902163207,0.5411764705882353,0.0,0.004895017139919797,0.07263135445780157,0.10251832841622618,0.010494887250115052,160.16489706179112,0.39831241886629165,0.16666666666666669,0.3073062159762176,0.2870761517987473,-0.32806757552402194,0.06293302540415704,0.1643835616438356,0.03151353750554816,0.5239698335659088,0.31374911086684565,-0.22650576129831163,Staffing & Employment Services,Industrials,ADP
2018Q1,2018,Q1,2017-11-02,2017-09-30,401500000.0,3078800000.0,450600000.0,0.9,1212400000.0,0.3937897882291802,35661100000.0,3953400000.0,31002600000.0,28286600000.0,31707700000.0,0.0,14872400000.0,48341304000.0,48109204000.0,8.940298507462687,1.0960171954211535,0.05977101098956566,0.5391561693731978,0.05423557644374062,8.940298507462687,0.10155815247634947,15.701345978952839,30.100438356164382,12.2277796327212,0.6318804483188045,0.0,0.005248100051252238,0.08633497003737967,0.14679388827218542,0.011258766555153935,475.33238938053097,0.3937897882291802,0.5254237288135595,0.4379258310478397,0.27634108646770467,-0.31307160227593733,-0.004188911704312115,0.5105342362678705,0.5916637230660544,0.47143685367201926,0.29413360299569546,-0.26603421722407466,Staffing & Employment Services,Industrials,ADP
2017Q4,2017,Q4,2017-08-04,2017-06-30,265800000.0,3064900000.0,283100000.0,0.59,1217500000.0,0.3972397141831707,37180000000.0,3977000000.0,32658700000.0,29815900000.0,33203000000.0,0.0,14728200000.0,45522978000.0,44744978000.0,8.951159126716183,1.0953451011037736,0.05385691231845078,0.5034950968066382,0.03240097041724476,8.951159126716183,0.06683429720895147,14.853005970831022,42.816946952595934,11.446562232838822,0.9623777276147479,0.0,0.005619140294380566,0.08243410435718128,0.1503895572496554,0.007149004841312534,140.85079826732672,0.3972397141831707,-0.549618320610687,0.12494956758779431,0.11372538030601577,-0.28862148844105445,-0.18822509667955728,-0.547882292906957,-0.6085453539823009,-0.008795154131463813,0.07385670155410312,-0.3578708821124264,Staffing & Employment Services,Industrials,ADP
2017Q3,2017,Q3,2017-05-04,2017-03-31,587900000.0,3410800000.0,723200000.0,1.31,1499800000.0,0.4397208865955201,43855900000.0,4103100000.0,39514400000.0,36418500000.0,39752800000.0,0.0,14717700000.0,45717135000.0,44724135000.0,9.189473684210526,1.0850089926822906,0.04566090309399647,0.4880456240403597,0.0841115519729517,9.189473684210526,0.1432819088006629,13.403639908525859,19.440863667290355,11.142096219931272,0.43731927198503145,0.0,0.005623711984576461,0.0777728880264685,0.1319933550256051,0.013405265882127605,63.73502718527813,0.4397208865955201,0.15929203539823025,0.41579067807428444,0.3319912408643967,-0.3076488714950185,0.22984829848298483,0.15071442552358583,0.4853152598069419,0.208896864845183,0.1018983796327527,-0.33482883460521745,Staffing & Employment Services,Industrials,ADP
2017Q2,2017,Q2,2017-02-01,2016-12-31,510900000.0,2987300000.0,486900000.0,1.13,1219500000.0,0.4082281659023198,39999400000.0,3815100000.0,35808100000.0,32956300000.0,36184300000.0,0.0,14384700000.0,46035162000.0,45332462000.0,8.517749497655727,1.0865327721861981,0.05006325094876423,0.5248879452701108,0.05438746045648828,8.517749497655727,0.1339152315797751,15.41029089813544,22.526503229594834,12.066567586694976,0.4707379134860051,0.0,0.005224267484928152,0.07468362025430382,0.13790079590245263,0.012772691590373855,117.76710667689946,0.4082281659023198,0.3950617283950615,0.48137194348917167,0.2575171387973315,-0.32902196147595353,0.03937611863973409,0.3856794141578519,0.11571952337305225,0.44745363420098405,0.06970693896925392,-0.3489028745420628,Staffing & Employment Services,Industrials,ADP
2017Q1,2017,Q1,2016-11-03,2016-09-30,368700000.0,2916900000.0,436400000.0,0.81,1173300000.0,0.40224210634577806,34337400000.0,4250100000.0,30124200000.0,26719300000.0,30087300000.0,0.0,14130200000.0,39892860000.0,39123960000.0,9.396639398629228,1.1274322306347846,0.05846977348314083,0.47238888496741255,0.04863253300320012,9.396639398629228,0.08675089997882403,13.67645788336933,27.049674532139953,9.386334439189667,0.6558177379983726,0.0,0.006061235017995701,0.08494819060266648,0.1661046509451969,0.010737563123591186,178.1726663689147,0.40224210634577806,0.3064516129032259,0.31390796999018566,0.2473679927304711,-0.23833393763436994,-0.022005501375343836,0.3074468085106383,0.314062029509184,0.19099708004896598,0.09035894609128213,-0.2715207054511865,Staffing & Employment Services,Industrials,ADP
2016Q4,2016,Q4,2016-08-05,2016-06-30,282000000.0,2898300000.0,332100000.0,0.62,1199700000.0,0.413932305144395,43670000000.0,4481600000.0,39500400000.0,35847400000.0,39188400000.0,0.0,14003300000.0,41653858000.0,40470458000.0,9.8844287604764,1.1019041827301284,0.04597435310281658,0.44798732595501606,0.03379809768636976,9.8844287604764,0.06292395573009639,14.371824172790946,36.92717907801419,9.294416726169226,0.8595744680851064,0.0,0.005819388926711182,0.06636821616670484,0.1382917589560191,0.0064575223265399585,74.27578102710413,0.413932305144395,-0.4700854700854701,0.25499534260579837,0.31518795755283907,-0.197621989844863,-0.16449613482833067,-0.4704225352112676,-0.5246887075998282,0.3220231282391096,0.09742676790129513,-0.22951309763810995,Staffing & Employment Services,Industrials,ADP
2016Q3,2016,Q3,2016-05-05,2016-03-31,532500000.0,3248600000.0,698700000.0,1.17,1435900000.0,0.4420057871082928,51125600000.0,4503200000.0,46819000000.0,43250400000.0,46622400000.0,0.0,13957200000.0,40764224000.0,39830524000.0,9.910211267605634,1.0825102195586631,0.03926995477803683,0.4458385148338959,0.07189711630876466,9.910211267605634,0.1182492449813466,12.548243551068152,19.138133333333332,9.052279268076035,0.4552112676056338,0.0,0.005946390639007381,0.06354155256857622,0.1165191535800825,0.010415525685762123,65.17062190247802,0.4420057871082928,0.581081081081081,0.37207261680037745,0.370354573261798,-0.206159200744868,0.27692307692307694,0.5597539543057997,0.7125,0.171875,0.10808932319473136,-0.2709059488693604,Staffing & Employment Services,Industrials,ADP
2016Q2,2016,Q2,2016-02-03,2015-12-31,341400000.0,2807000000.0,408000000.0,0.74,1124500000.0,0.4006056287851799,39899500000.0,4206200000.0,35659200000.0,32468100000.0,35693300000.0,0.0,13666300000.0,38767872000.0,37967772000.0,9.19187062937063,1.0982841619928483,0.049995613980125066,0.47425229423232373,0.0442266185559881,9.19187062937063,0.08116589796015405,13.811140719629497,28.388892794376098,9.216839903000333,0.6731107205623902,0.0,0.0059275887002515895,0.07035175879396985,0.13724240100283047,0.008556498201731851,131.23856465809072,0.4006056287851799,0.027777777777777804,0.18369779204993653,0.32560975722130037,-0.21698172490297973,0.053395784543325525,0.0142602495543672,0.08974358974358974,-0.07987048446564948,0.07623821562017569,-0.3070847606180194,Staffing & Employment Services,Industrials,ADP
2016Q1,2016,Q1,2015-11-05,2015-09-30,336600000.0,2714000000.0,374400000.0,0.72,1067500000.0,0.39333087693441415,34380300000.0,4630200000.0,30176100000.0,26587300000.0,29750100000.0,0.0,13568600000.0,37158464000.0,35968964000.0,10.01340830449827,1.1349817394018948,0.05803323414862581,0.43091011187421707,0.03776644757783352,10.01340830449827,0.07269664377348711,13.691401621223287,27.59838383838384,8.025239514491814,0.6803327391562686,0.0,0.006162795103694276,0.07894055607426347,0.17967601072692602,0.009790490484376227,-4763.905641025641,0.39333087693441415,0.0,0.2844175731333825,0.2937166671374644,-0.14524139857375748,-0.012488436632747455,0.001189767995240928,0.4101694915254237,0.15283183368335856,0.075959756637531,-0.23061914357510868,Staffing & Employment Services,Industrials,ADP
2015Q4,2015,Q4,2015-08-07,2015-06-30,336200000.0,2671700000.0,265500000.0,0.72,1081000000.0,0.40461129617846314,33110500000.0,4808500000.0,28809200000.0,27113700000.0,28302000000.0,0.0,13460300000.0,37314973000.0,35684873000.0,10.33863685228983,1.0625329630408245,0.0002778574772353181,0.0019132785692003744,0.03715646018590825,10.33863685228983,0.06991785380056151,13.966752629411985,27.7476003866746,7.760210668607674,0.6882807852468769,0.0,0.006201264034145221,0.08069041542713036,0.11849360286497232,0.010153878678968907,108.00281620839364,0.40461129617846314,-0.3009708737864078,0.708567072574813,0.28876252758971205,-0.07273245556311976,-0.19550494902135893,-0.3133169934640523,-0.5812963255007096,0.35927008606291944,-0.07257356263582986,-0.1783539995865835,Staffing & Employment Services,Industrials,ADP
2015Q3,2015,Q3,2015-05-06,2015-03-31,489600000.0,3031700000.0,634100000.0,1.03,1343700000.0,0.4432166771118514,37107300000.0,5178100000.0,32792800000.0,30714700000.0,31929200000.0,0.0,13348300000.0,40276492000.0,38477592000.0,11.010206251328938,1.0676581571690429,0.0002614040903002913,0.0018732739808037698,0.080981289182818,11.010206251328938,0.09455205577335316,13.285117920638585,20.566019199346407,7.778237577489813,0.4797794117647059,0.0,0.0058321861794716386,0.08170090521272094,0.11122361605355091,0.01319416934134254,51.45182933060807,0.4432166771118514,0.49275362318840593,0.2958803471288702,0.32556752569560515,-0.06849980286148251,0.25076794191566604,0.47692307692307695,0.6130755532943272,0.11939530726761122,0.12402979366826224,-0.17047167388073511,Staffing & Employment Services,Industrials,ADP
2015Q2,2015,Q2,2015-02-05,2014-12-31,331500000.0,2661300000.0,393100000.0,0.69,1074300000.0,0.4036748957276519,43503100000.0,5492200000.0,39116000000.0,36770200000.0,38010900000.0,0.0,13090200000.0,39734142000.0,37893642000.0,11.523709609735628,1.063796226291943,0.0002367647363061483,0.0018753869123484214,0.04761733182908551,11.523709609735628,0.06035832635373803,14.930350580543344,29.965416289592763,7.23464950293143,0.698340874811463,0.0,0.005826223704541046,0.06117495075063616,0.0964993391387591,0.007620146610241569,275.7400555170021,0.4036748957276519,0.13114754098360648,0.1056586965355455,0.27160758786093925,0.006437520500928231,0.06166617254669434,0.12296747967479675,0.1440628637951106,-0.09668594102391952,0.05282437778559205,-0.09223016330907861,Staffing & Employment Services,Industrials,ADP
2015Q1,2015,Q1,2014-10-30,2014-09-30,295200000.0,2573800000.0,343600000.0,0.61,1011900000.0,0.3931540912269796,30208100000.0,5827300000.0,25793400000.0,23159300000.0,24380800000.0,0.0,12990000000.0,39745472000.0,39517672000.0,12.180811036789297,1.1137383254243436,0.06448270496985908,0.33427144646748924,0.029103101005662428,12.180811036789297,0.05065810924441851,15.44233118346414,33.65978319783198,6.820563897516861,0.7784552845528455,0.0,0.005781790690521929,0.08520231328683367,0.25163109420405627,0.009772213412958777,133.50847161572054,0.3931540912269796,0.016666666666666684,0.08902607424254731,0.2828325968305996,0.08020138907784816,-0.17617845803142554,0.0221606648199446,-0.03699551569506727,-0.005411165729173148,0.04059867546595704,-0.012656548237390632,Staffing & Employment Services,Industrials,ADP
2014Q4,2014,Q4,2014-08-08,2014-06-30,288800000.0,3073800000.0,356800000.0,0.6,1228300000.0,0.39960309714360076,32051700000.0,6670200000.0,25833400000.0,23908000000.0,25381500000.0,0.0,13632900000.0,37935480000.0,38136380000.0,13.939811912225705,1.0805337125648318,0.06815551125213327,0.32750142424515005,0.025894952265223547,13.939811912225705,0.043297052562142065,12.341557681046263,32.83888504155125,5.6873077269047405,0.800207756232687,0.0,0.006091922390332217,0.0959013094469248,0.2432742178350343,0.00901044250382975,74.2813393381633,0.39960309714360076,-0.4444444444444445,-0.1417431695640861,0.528161303761116,0.313159300490356,-0.14439955419336864,-0.44631901840490795,-0.4612713271931149,0.2178386932558234,0.32165975788279494,0.13157763742428483,Staffing & Employment Services,Industrials,ADP
2014Q3,2014,Q3,2014-05-01,2014-03-31,521600000.0,3320000000.0,662300000.0,1.08,1435600000.0,0.4324096385542169,36596500000.0,6616100000.0,30532600000.0,28578200000.0,29980400000.0,0.0,13575100000.0,36999814000.0,35340914000.0,13.815201503445396,1.0683877920932738,0.00033063271077835314,0.0018288719940750594,0.0662509194027716,13.815201503445396,0.07883798612475627,11.144522289156626,17.733806556748466,5.5923903810401905,0.4432515337423313,0.0,0.006248680060932198,0.09071905783339937,0.12348923305176673,0.014252729086114793,57.767078844652616,0.4324096385542169,0.38461538461538464,0.3562442917192479,0.4631725898218327,0.3869161729648138,0.18605419695968275,0.38355437665782494,0.486310592459605,0.2752300946078352,0.32882650759247317,0.10664347179104124,Staffing & Employment Services,Industrials,ADP
2014Q2,2014,Q2,2014-02-05,2013-12-31,377000000.0,2982800000.0,445600000.0,0.78,1210400000.0,0.4057932144293952,38321800000.0,6258500000.0,32301100000.0,30645000000.0,32063300000.0,0.0,13285000000.0,38654241600.0,37399741600.0,13.082148829431437,1.0540414423233806,0.0003287945764551769,0.0020132619637293282,0.04774221206217256,13.082148829431437,0.06023807621634577,12.95904572884538,25.632786206896554,6.176278916673325,0.5575596816976127,0.0,0.005437954317541183,0.07783559227384935,0.0985478870941426,0.009837742486000136,128.67590412782957,0.4057932144293952,0.14705882352941171,0.32013672864067133,0.42453308483610847,0.36129849323765134,0.08536585365853659,0.1472915398660986,0.1502323180175529,0.2502979403558459,0.3473867078340373,0.11441533764115722,Staffing & Employment Services,Industrials,ADP
2014Q1,2014,Q1,2013-11-01,2013-09-30,328600000.0,2839600000.0,387400000.0,0.68,1115200000.0,0.39273137061557967,29481300000.0,6192800000.0,21035800000.0,21899400000.0,23288500000.0,0.0,13139300000.0,34749638000.0,36432738000.0,12.89897937929598,0.9605651296382549,0.09606428481783368,0.45732140550316497,0.02836392431327642,12.89897937929598,0.053061619945743446,12.23751162135512,26.43764303104078,5.611296667097274,0.6409007912355448,0.0,0.006060494788463697,0.09631868336877954,0.14962510388412467,0.011146048512107674,16547.446666666667,0.39273137061557967,0.4468085106382981,0.2544372564732171,0.3759615268478476,0.3466011221263263,-0.002236736154603203,0.44757709251101324,0.3493556252176942,0.20766312523909392,0.3036848446711457,0.10107500251638006,Staffing & Employment Services,Industrials,ADP
2013Q4,2013,Q4,2013-08-19,2013-06-30,227000000.0,2810500000.0,287100000.0,0.47,1117700000.0,0.3976872442625867,32268100000.0,6189900000.0,26201000000.0,24732800000.0,26078200000.0,0.0,13020300000.0,33509625000.0,32071125000.0,12.82880829015544,1.0593624660370036,0.008076087529169676,0.042100841693726875,0.02767284669670432,12.82880829015544,0.03667264414610898,11.923011919587262,36.904873348017624,5.413597150196288,0.9286343612334802,0.0,0.006290729902229584,0.08709840368661309,0.13445303402768793,0.007034811470151636,67.51888978440459,0.3976872442625867,-0.5252525252525253,0.02253386737082691,0.3393085183300249,0.2798042552394019,-0.18320666471791874,-0.529728609902631,-0.5230897009966777,0.1120113047574188,0.30682616406440166,0.15060986580926525,Staffing & Employment Services,Industrials,ADP
2013Q3,2013,Q3,2013-05-03,2013-03-31,482700000.0,3114300000.0,602000000.0,0.99,1368400000.0,0.4393924798510099,40166300000.0,6561100000.0,34433200000.0,32118500000.0,33605200000.0,0.0,13003600000.0,31223449500.0,29591049500.0,13.592500517920033,1.0720675000389184,0.0003809163403151398,0.0023319260489856886,0.060963147977254405,13.592500517920033,0.07356998064348966,10.025832289760139,16.17125,4.758874197924128,0.435881499896416,0.0,0.006738525158791311,0.07753514762375424,0.10597941996045893,0.012017537089550195,56.88367553288395,0.4393924798510099,0.23749999999999993,0.256769825918762,0.381700321567911,0.2848952079026029,0.21797952825990208,0.2348426707597851,0.5159909342734827,0.24479682854311205,0.3267031428893548,0.1499709109009354,Staffing & Employment Services,Industrials,ADP
2013Q2,2013,Q2,2013-02-06,2012-12-31,390900000.0,2747800000.0,397100000.0,0.8,1123500000.0,0.4088725525875246,33330000000.0,6395300000.0,27552400000.0,25438500000.0,26934700000.0,0.0,12732000000.0,27445953000.0,26084353000.0,13.26550508193321,1.0830984531320635,0.0008790879087908791,0.004581489531374603,0.04114385783502454,13.26550508193321,0.06112301221209326,9.988337215226727,17.553052570990022,4.291581786624552,0.4916858531593758,0.0,0.007002853936243351,0.08244224422442244,0.1194606600231932,0.011728172817281729,72.56994447382337,0.4088725525875246,0.2698412698412699,0.456538230748716,0.386672965173055,0.3402320975662976,0.06898192197906755,0.28037995414346545,0.1932091346153846,0.28890269100550814,0.2979599813026923,0.1585593958020271,Staffing & Employment Services,Industrials,ADP
2013Q1,2013,Q1,2012-11-02,2012-09-30,305300000.0,2637500000.0,332800000.0,0.63,1051000000.0,0.39848341232227485,30144100000.0,6292700000.0,23972600000.0,22351100000.0,23851400000.0,0.0,12552000000.0,28289585000.0,27631185000.0,13.014891416752844,1.0725467650361726,0.01522686031429036,0.07294166256138064,0.03202451697668404,13.014891416752844,0.04851653503265689,10.725909004739336,23.165398788077297,4.495619527388879,0.629217163445791,0.0,0.0067904849081384545,0.08749639232884711,0.11706358971146834,0.010128018418197923,-219.12924089852828,0.39848341232227485,0.18867924528301883,0.12380576509688596,0.44946772612684444,0.37833530620606276,-0.26006758659532525,0.18150154798761609,0.3327993592310773,0.11440594893724518,0.3007156066496456,0.15416812103994976,Staffing & Employment Services,Industrials,ADP
2012Q4,2012,Q4,2012-08-20,2012-06-30,258400000.0,3009600000.0,249700000.0,0.53,1420400000.0,0.47195640616693246,30815500000.0,6114000000.0,25155600000.0,23239400000.0,24701500000.0,0.0,12438300000.0,27045194000.0,25513894000.0,12.582835974480346,1.082454796595437,0.0005451801852963606,0.002747791952894995,0.026476268089403624,12.582835974480346,0.04226365718024207,8.986308479532164,26.166015866873064,4.42348609748119,0.7480650154798761,0.0,0.00714729574504069,0.09766513605166231,0.12813583827465425,0.008385390469082118,61.97340513290559,0.47195640616693246,-0.42391304347826086,0.4457112239525445,0.6849533998078706,0.29374989438265053,0.21912282207535833,-0.4288240495137047,-0.540147329650092,-0.24378091797305687,0.4734568198927359,0.18532934235231766,Staffing & Employment Services,Industrials,ADP
2012Q3,2012,Q3,2012-05-04,2012-03-31,452400000.0,2789800000.0,543000000.0,0.92,1165100000.0,0.4176285038354004,39376100000.0,6456600000.0,33553500000.0,31423900000.0,32919500000.0,0.0,12371500000.0,26847264521.469997,25199464521.469997,13.272851456245453,1.0677700730972286,0.0004393528053819449,0.0026794288015364125,0.0553459224467304,13.272851456245453,0.07006783756156491,9.623365302699117,14.836021508327807,4.158111780421584,0.4255083996463307,0.0,0.007170190461901846,0.07085008418812427,0.09756268318063639,0.011489202841317448,45.174599564984014,0.4176285038354004,0.21052631578947373,0.32026999202328144,0.4462583928059656,0.22362804765526983,0.09594581883171856,0.2064,0.11820428336079078,0.15805217368266167,0.2104190000539745,0.33246933397500683,Staffing & Employment Services,Industrials,ADP
2012Q2,2012,Q2,2012-02-07,2011-12-31,375000000.0,2583000000.0,485600000.0,0.76,1063100000.0,0.4115756871854433,32484400000.0,6182400000.0,26727100000.0,24797500000.0,26302000000.0,0.0,12112600000.0,26303571427.87,24997771427.87,12.69452800033852,1.0778142957959471,0.0007849921808621985,0.004124611801242236,0.05060133011806758,12.69452800033852,0.06065605590062112,10.183341629063104,17.535714285246666,4.254589063772968,0.46986666666666665,0.0,0.0066987101155893585,0.07951509032027682,0.10924891622139328,0.011544002659738213,70.89911436083558,0.4115756871854433,0.24590163934426235,0.418693315456038,0.25603918659711444,0.17886203473896192,0.045946477764659585,0.23885034687809711,0.13670411985018727,0.2899101497848137,0.21177905145517986,0.320963556105259,Staffing & Employment Services,Industrials,ADP
2012Q1,2012,Q1,2011-11-04,2011-09-30,302700000.0,2522500000.0,427200000.0,0.61,1016400000.0,0.40293359762140735,28020200000.0,6019200000.0,22454000000.0,20511800000.0,22001000000.0,0.0,11930700000.0,23004485000.0,21781585000.0,12.336954293912687,1.0946869606762937,0.0009279020135473694,0.0043195108984582665,0.04657325007694052,12.336954293912687,0.05028907496012759,9.119716551040634,18.999409481334656,3.8218509104199896,0.5870498843739677,0.0,0.0077245806632923976,0.09002433958358613,0.12211995046753576,0.010802920750030335,88.85471224410969,0.40293359762140735,0.24489795918367346,0.3352755319508813,0.2920629264270378,0.169161591286857,0.19197842148469568,0.2518610421836228,1.2203742203742203,0.13708961638720957,0.20276611955694998,0.28792798308285616,Staffing & Employment Services,Industrials,ADP
2011Q4,2011,Q4,2011-08-24,2011-06-30,241800000.0,2371400000.0,192400000.0,0.49,852700000.0,0.3595766214050772,34238300000.0,6010400000.0,28583500000.0,26786800000.0,28227900000.0,0.0,11803900000.0,25702572000.0,24347372000.0,12.31891781102685,1.0670740812639061,0.000998881369694173,0.0056901370957007855,0.021456674884335517,12.31891781102685,0.040230267536270466,10.838564561018808,26.57420595533499,4.276349660588314,0.7411083540115798,0.0,0.006972064896851569,0.06926161637698133,0.10417444412919796,0.007062266526083363,66.10743827160493,0.3595766214050772,-0.4235294117647059,-0.6096946998419008,0.08886975221576475,0.1356617624045313,-0.20166651062634586,-0.4294478527607362,-0.6079869600651997,0.0771461663476692,0.11755358620255707,0.2289374880280166,Staffing & Employment Services,Industrials,ADP
2011Q3,2011,Q3,2011-05-06,2011-03-31,423800000.0,2588700000.0,490800000.0,0.85,1068100000.0,0.41260091938038396,41596400000.0,6194500000.0,36083300000.0,33974100000.0,35401900000.0,0.0,11739500000.0,25460022000.0,23893722000.0,12.483877468762596,1.0620825864408476,0.0008318027521612447,0.005585600129146824,0.051136031661699076,12.483877468762596,0.06841552990556138,9.83506084134894,15.018889806512506,4.110101218823149,0.4190655969797074,0.0,0.006975642047756282,0.06223375099768249,0.08648647057611533,0.01018838168687675,50.068873156342185,0.41260091938038396,0.3709677419354838,0.33091636752323605,0.23548188739133233,0.1928652897532016,0.19154395359214638,0.3666559174459852,0.5041372969659822,0.07339591339051064,0.11726366595751987,0.1800973863866293,Staffing & Employment Services,Industrials,ADP
2011Q2,2011,Q2,2011-02-09,2010-12-31,310100000.0,2276700000.0,326300000.0,0.62,896400000.0,0.3937277638687574,32660300000.0,5775600000.0,27371500000.0,25492900000.0,26884700000.0,0.0,11495000000.0,22769760000.0,21499160000.0,11.739024390243902,1.0736911061511245,0.0010746992526094372,0.006077290671099107,0.03593411690350719,11.739024390243902,0.05369139137059353,10.00121228093293,18.35678813286037,3.942405983793892,0.5404708158658498,0.0,0.0073606397256712405,0.06970848400045315,0.09722707106684607,0.009494707641999615,62.12758526603001,0.3937277638687574,0.10714285714285703,0.39842109876624365,0.2383105916095385,0.15507878441546757,-0.022997275204359673,0.11346499102333932,-0.18810649415277433,0.1322178900875546,0.12581431266384652,0.18600966828966806,Staffing & Employment Services,Industrials,ADP
2011Q1,2011,Q1,2010-11-04,2010-09-30,278500000.0,2229400000.0,401900000.0,0.56,917500000.0,0.41154570736521034,30878900000.0,5756700000.0,25679200000.0,23677300000.0,25122200000.0,0.0,11362900000.0,20653542000.0,19512442000.0,11.714896214896214,1.0845493362841203,0.0011528908089342561,0.00618409852867094,0.04427998006076306,11.714896214896214,0.048378411242552155,9.264170628868754,18.539983842010773,3.5877398509562775,0.6032315978456014,0.0,0.008134197998580582,0.07219816768084356,0.1004590895076719,0.009019103659780627,125.70628119293974,0.41154570736521034,0.33333333333333354,0.48719844969844983,0.27998924876062975,0.1805487431458419,0.010462555066079295,0.3395863395863396,0.3573117190138467,0.008674350133664242,0.2054949754246942,0.2406599905049254,Staffing & Employment Services,Industrials,ADP
2010Q4,2010,Q4,2010-08-25,2010-06-30,207900000.0,2190300000.0,296100000.0,0.42,908000000.0,0.41455508377847783,26862200000.0,5478900000.0,22316700000.0,20052200000.0,21383300000.0,0.0,11252000000.0,19783764000.0,18180264000.0,11.149572649572649,1.11293025204217,0.0014816359047285777,0.007264231871361039,0.03646009163250543,11.149572649572649,0.03794557301648141,9.032444870565676,23.79,3.610900728248371,0.8431938431938432,0.0,0.008860801210527987,0.08153836990268853,0.13958069438764822,0.007739500115403802,59.44640625,0.41455508377847783,-0.47500000000000003,-0.05612309357019804,0.11757284231986417,0.11287532255580938,-0.18382022471910112,-0.4848860257680872,-0.5126728110599078,0.15015210777922644,0.2125355100376944,0.14638372995178667,Staffing & Employment Services,Industrials,ADP
2010Q3,2010,Q3,2010-05-06,2010-03-31,403600000.0,2443200000.0,607600000.0,0.8,1112500000.0,0.4553454485920105,34986200000.0,5938300000.0,30315000000.0,27742000000.0,29047900000.0,0.0,11211600000.0,22341728000.0,20418028000.0,11.819864649681529,1.0927474587268402,0.00118046544065946,0.006954852398834683,0.06446672768508241,11.819864649681529,0.06796557937456849,9.14445317616241,13.839028741328049,3.7623104255426636,0.4145193260654113,0.0,0.007488230095720439,0.06983324853799498,0.11298752793598155,0.011535977042376709,39.07262679258482,0.4553454485920105,0.29032258064516137,0.3864829909965593,0.2090363748560887,0.1963817818561646,0.1432535196793752,0.2780240658644712,0.341280353200883,0.14046334344951372,0.22637096288520803,0.0896767700985476,Staffing & Employment Services,Industrials,ADP
2010Q2,2010,Q2,2010-02-09,2009-12-31,315800000.0,2204400000.0,453000000.0,0.62,973100000.0,0.4414353111957902,29598900000.0,5747900000.0,24926400000.0,22560500000.0,23851000000.0,0.0,10979200000.0,21495640000.0,19796340000.0,11.45,1.1048691296735444,0.0014122146431117372,0.007272221159031994,0.051466254218265214,11.45,0.05494180483306947,9.751242968608238,17.016814439518683,3.739737991266376,0.5231158961367954,0.0,0.007685279433410682,0.07447574065252426,0.12726225039338668,0.010669315413748484,60.02691985478916,0.4414353111957902,0.10714285714285703,0.46699746158765854,0.2846712372813899,0.1805809858812559,0.06992853216052776,0.11158042942625836,0.08685220729366602,0.1590607673437924,0.03993455821375791,0.0632904427325827,Staffing & Employment Services,Industrials,ADP
2010Q1,2010,Q1,2009-11-06,2009-09-30,284100000.0,2102800000.0,416800000.0,0.56,909500000.0,0.4325185466996386,24436100000.0,5654000000.0,19718400000.0,17444000000.0,18782100000.0,0.0,10835000000.0,19705020000.0,18164420000.0,11.276426007179897,1.130382939692731,0.001726953155372584,0.007463742483197736,0.046474509663460443,11.276426007179897,0.05024761230986912,9.370848392619365,17.339862724392816,3.4851467987265647,0.5828933474128828,0.0,0.008403949856432525,0.08605301173264146,0.14983375372620958,0.011626241503349552,102.2574987026466,0.4325185466996386,-0.19999999999999987,0.588423692143558,0.31954133529310824,0.21554047188321632,-0.001646542261251372,-0.1942711287577992,0.24940047961630696,0.2194842402438223,0.048086066085667206,0.06865631990613703,Staffing & Employment Services,Industrials,ADP
2009Q4,2009,Q4,2009-08-28,2009-06-30,352600000.0,2107700000.0,333600000.0,0.7,911000000.0,0.43222469990985435,25351700000.0,5322600000.0,20703900000.0,18756300000.0,20029100000.0,0.0,10716600000.0,17769616000.0,16277016000.0,10.615476665337056,1.1038371107307945,0.030479218356165464,0.14517341149062488,0.052638495861190536,10.615476665337056,0.06624581971217075,8.43080893865351,12.598990357345434,3.338521775072333,0.46937039137833236,0.0,0.00931365089712687,0.08313840886409984,0.17868662795967222,0.013908337507938323,50.799359634076616,0.43222469990985435,-0.1250000000000001,0.9367177594368218,0.17604617571655135,0.14341996163186477,-0.21200588184413113,-0.1239751552795031,-0.4752241623407268,-0.4461693984142965,-0.05827000753295425,-0.021375812108291252,Staffing & Employment Services,Industrials,ADP
2009Q3,2009,Q3,2009-05-08,2009-03-31,402500000.0,2374700000.0,635700000.0,0.8,1156100000.0,0.48684044300332674,29174400000.0,4992500000.0,24482200000.0,22864700000.0,24181900000.0,0.0,10529400000.0,17622192000.0,16301892000.0,9.961093375897844,1.0707422358482728,0.0014773225841833936,0.008632949424136204,0.0807694612546556,9.961093375897844,0.08062093139709564,7.420807680970228,10.945460869565215,3.529732999499249,0.4141614906832298,0.0,0.009459663133848504,0.08139670395963584,0.1067015967845631,0.013796341998464407,44.41076612903226,0.48684044300332674,0.35593220338983067,0.5812974755673811,0.3204128177773085,0.04700697082128943,-0.03352282227052333,0.33943427620632277,0.43596114750395304,0.25141511424927726,0.12204198809922523,-0.04819295400559161,Staffing & Employment Services,Industrials,ADP
2009Q2,2009,Q2,2009-02-09,2008-12-31,300500000.0,2203300000.0,442700000.0,0.59,1196200000.0,0.5429129033722144,33361000000.0,4837700000.0,28657400000.0,27227600000.0,28523300000.0,0.0,10292400000.0,19803756000.0,18550056000.0,9.61005164878824,1.0525128913308555,0.0015347261772728634,0.010583541765715113,0.05748487088949078,9.61005164878824,0.0621162949335428,8.988224935324286,16.47567054908486,4.093630444219361,0.4935108153078203,0.0,0.00748847844822972,0.06604418332783789,0.0932105657494601,0.009007523755283115,87.86049689440993,0.5429129033722144,0.09259259259259246,0.5451960746893127,0.417155028524649,0.05799896841073973,0.054292261589987664,0.08522932466594438,0.05883759866060751,0.32444085646942333,0.17124919671258668,-0.05440465854406942,Staffing & Employment Services,Industrials,ADP
2009Q1,2009,Q1,2008-11-07,2008-09-30,276900000.0,2181500000.0,418100000.0,0.54,1134600000.0,0.5201008480403392,24176900000.0,4861300000.0,4590100000.0,18080400000.0,19315600000.0,0.0,10158800000.0,21695625000.0,21701325000.0,9.578916256157635,0.2538715957611557,0.05799337384031865,0.2884207927920515,0.04205144152808122,9.578916256157635,0.05696007240861498,9.94527847811139,19.58796045503792,4.462926583424187,0.5377392560491152,0.0,0.006863134848615793,0.09023075745856582,0.21640561049534301,0.011453081246975418,64.43607068607069,0.5201008480403392,0.20000000000000004,0.6656695798587018,0.4863570353349354,0.06511068751100794,-0.06471024647597065,0.18586723768736615,0.32856688910073084,0.43174536497984795,0.21275381061999812,-0.03470100464681292,Staffing & Employment Services,Industrials,ADP
2008Q4,2008,Q4,2008-08-29,2008-06-30,233500000.0,2207200000.0,314700000.0,0.45,1213100000.0,0.5496103660746647,23734400000.0,5087200000.0,18808900000.0,17341600000.0,18647200000.0,0.0,10029800000.0,21264250000.0,20398850000.0,10.024039408866996,1.084611569866679,0.002195126061750034,0.010241390155684857,0.039037767460057854,10.024039408866996,0.045899512501965715,9.63403860094237,22.766862955032117,4.179951643340147,0.6316916488222698,0.0,0.006936524918584008,0.09299582041256572,0.15098952807122756,0.009838040986921936,52.45251603354711,0.5496103660746647,-0.43037974683544306,0.2631484987385189,0.3533816668048246,0.11007347036626085,-0.12958312405826217,-0.4354448742746615,-0.4903643724696356,0.026471419424151897,0.0904682607503112,0.0005321675609316652,Staffing & Employment Services,Industrials,ADP
2008Q3,2008,Q3,2008-05-09,2008-03-31,413600000.0,2427200000.0,617500000.0,0.79,1393700000.0,0.5742007251153592,32775500000.0,5498800000.0,27820000000.0,25862800000.0,27276700000.0,0.0,9952900000.0,22034322000.0,20442122000.0,10.578684109272798,1.075676260884359,0.0016018062272123996,0.009547537644577,0.07064442047108478,10.578684109272798,0.07521641085327709,9.078082564271588,13.318618230174081,4.007114643194878,0.36532882011605416,0.0,0.006857483520482273,0.07405531570837974,0.11040567919946796,0.012619182010953304,35.014018750993166,0.5742007251153592,0.4363636363636363,0.4499136434656852,0.47063626392148666,0.21455258905665925,0.1908912244723575,0.42032967032967034,0.44478240524099205,0.3732742419716935,0.16091190929804403,0.07075210414412714,Staffing & Employment Services,Industrials,ADP
2008Q2,2008,Q2,2008-02-11,2007-12-31,291200000.0,2150100000.0,427400000.0,0.55,1170300000.0,0.5443002651039487,27545700000.0,5177600000.0,3091200000.0,1752900000.0,22368100000.0,0.0,9684500000.0,23293643000.0,22009843000.0,9.897916268399923,1.7634776655827487,0.0013323313620637704,0.007088226205191594,0.05424772507261165,9.897916268399923,0.05624227441285538,10.83374866285289,19.99797647664835,4.498926722805933,0.4223901098901099,0.0,0.005280410625336707,0.07805574009736548,1.3754920417593701,0.010571522960026428,90.5662636080871,0.5443002651039487,0.0,0.2651848247336682,0.4525315158582346,0.18229701350801,0.07991141459813601,-0.020847343644922665,0.1668031668031668,0.29815815062171824,0.2024838566848122,0.020549497494995947,Staffing & Employment Services,Industrials,ADP
2008Q1,2008,Q1,2007-11-09,2007-09-30,297400000.0,1992000000.0,366300000.0,0.55,1083700000.0,0.5440261044176706,25703300000.0,4997900000.0,3078300000.0,1958100000.0,20705400000.0,0.0,9556100000.0,24781826000.0,23742626000.0,9.442471188361987,1.5720851846177417,0.015149805666976613,0.0779127233438044,0.042845545755771076,9.442471188361987,0.05950499209668061,12.440675702811244,20.832066240753196,4.9584477480541835,0.4280430396772024,0.0,0.005136828900340112,0.07749977629331642,1.2934987998570042,0.011570498729735092,113.99183992640295,0.5440261044176706,0.527777777777778,0.605354780865969,0.37389834912592107,0.19527533326737667,-0.005962208769033205,0.5274781715459682,0.35166051660516606,0.5751376856524986,0.18412295596353226,0.01784961624695173,Staffing & Employment Services,Industrials,ADP
2007Q4,2007,Q4,2007-08-29,2007-06-30,194700000.0,1945700000.0,271000000.0,0.36,1090200000.0,0.5603124839389423,26648900000.0,5147900000.0,3364200000.0,1790800000.0,21501000000.0,0.0,9378500000.0,25655171000.0,23952571000.0,9.725864349140375,1.8786017422381058,0.0016323375448892825,0.00845004759222207,0.032839494277364496,9.725864349140375,0.037821247498980165,13.185573829470114,32.94192475603493,4.983618757163114,0.6538263995891115,0.0,0.004961962639032888,0.07301239450784085,1.596158141612687,0.007306117700918237,206.56337359098228,0.5603124839389423,-0.4857142857142857,-0.2303540180526109,0.19751490766652646,0.1432146113886109,-0.1548182029614699,-0.499357161223965,-0.5157255182273052,0.013053576621237076,0.028428001816498103,0.047597558877749184,Staffing & Employment Services,Industrials,ADP
2007Q3,2007,Q3,2007-05-09,2007-03-31,388900000.0,2189300000.0,559600000.0,0.7,1289900000.0,0.5891837573653679,32922900000.0,5988700000.0,4056400000.0,1765300000.0,26934200000.0,0.0,9220200000.0,26721640000.0,24291740000.0,10.847129143271147,2.297853056137767,0.0013243061820192024,0.007280378045318683,0.058489297837721374,10.847129143271147,0.06493896839046871,12.205563422098388,17.177706351247107,4.462010119057558,0.3242478786320391,0.0,0.0047190217366898145,0.06649778725446422,2.0372174701183936,0.01181244665567128,49.07555555555555,0.5891837573653679,0.2962962962962961,0.235791888705644,0.31046684529285834,0.34151516896733636,0.06983495065107406,0.30634867316090025,0.28910389311218615,0.38700795283046907,0.10509489210403293,0.14013787421001717,Staffing & Employment Services,Industrials,ADP
2007Q2,2007,Q2,2007-02-09,2006-12-31,297700000.0,2316100000.0,434100000.0,0.54,1205700000.0,0.5205733776607228,31612200000.0,5906500000.0,4292100000.0,2551500000.0,25705700000.0,0.0,9438000000.0,,,,,,,,,,,,,,,,,,,,,,,,,,,,,,,Staffing & Employment Services,Industrials,ADP
2007Q1,2007,Q1,2006-11-09,2006-09-30,257500000.0,2217600000.0,357900000.0,0.46,1105700000.0,0.49860209235209235,26209300000.0,5847900000.0,4591300000.0,2587100000.0,20361400000.0,0.0,9266600000.0,,,,,,,,,,,,,,,,,,,,,,,,,,,,,,,Staffing & Employment Services,Industrials,ADP
