Quarters,Year,Quarter,FillingDate,Date,NetIncome,Revenue,OperatingIncome,EPSDiluted,GrossProfit,GrossProfitRatio,TotalAssets,CommonStockEquity,CurrentAssets,CurrentLiability,TotalLiability,Inventory,RetainedEarnings,MarketCap,EnterpriseValue,bookValuePerShare,currentRatio,debtToAssets,debtToEquity,roic,shareholdersEquityPerShare,roe,priceToSalesRatio,peRatio,pbRatio,payoutRatio,inventoryTurnover,dividendYield,assetTurnover,quickRatio,returnOnAssets,priceToFreeCashFlowsRatio,grossProfitMargin,epsdilutedGrowth,fiveYNetIncomeGrowthPerShare,fiveYRevenueGrowthPerShare,fiveYShareholdersEquityGrowthPerShare,grossProfitGrowth,netIncomeGrowth,operatingIncomeGrowth,threeYNetIncomeGrowthPerShare,threeYRevenueGrowthPerShare,threeYShareholdersEquityGrowthPerShare,Industry,Sector,Symbol
2023Q3,2023,Q3,2023-05-15,2023-03-31,144000.0,2114000.0,1300000.0,0.02,2114000.0,1.0,342914000.0,51139000.0,8085000.0,469000.0,291775000.0,0.0,20425000.0,50806287.5,123620287.5,6.290929050858125,17.238805970149254,0.2359162938812647,1.5819433309216058,0.007160473086948799,6.290929050858125,0.002815854827040028,24.03324858088931,88.20536024305555,0.9934939576448503,2.3680555555555554,0.0,0.006711767711821101,0.0061648110021754726,46.556503198294244,0.0004199303615483766,263.24501295336785,1.0,-0.5,-0.08487420096490127,-0.11672161868700343,-0.2201385644132291,-0.16011124354390147,-0.6149732620320856,0.12165660051768766,-0.39132233387452287,-0.10791418040123504,-0.208793607548517,Banks—Regional,Financial Services,KFFB
2023Q2,2023,Q2,2023-02-14,2022-12-31,374000.0,2517000.0,1159000.0,0.04,2517000.0,1.0,335377000.0,51641000.0,16660000.0,318000.0,283736000.0,0.0,20622000.0,54283781.88,119857781.88,6.3357608495349735,52.38993710691824,0.21834532481356803,1.4180205650548983,0.007128061584310378,6.3357608495349735,0.007242307468871633,21.566858116805722,36.28595045454546,1.0511760399682424,0.9171122994652406,0.0,0.006318645977139867,0.0075049869251618325,69.28616352201257,0.001115162936039144,169.63681837500002,1.0,-0.20000000000000004,-0.5583438186253319,-0.1148223997794305,-0.2168173735977981,-0.005138339920948616,0.002680965147453083,0.23036093418259024,0.5274061913437287,0.0538576986731789,-0.20522540333498698,Banks—Regional,Financial Services,KFFB
2023Q1,2023,Q1,2022-11-14,2022-09-30,373000.0,2530000.0,942000.0,0.05,2530000.0,1.0,330917000.0,51629000.0,22940000.0,11000.0,279288000.0,0.0,20591000.0,58710513.6,100827513.6,6.331554217573733,2085.4545454545455,0.15336776291335893,0.9830134226887989,0.007018293211637056,6.331554217573733,0.007224621821069554,23.205736600790516,39.35021018766756,1.1371615487419862,0.9168900804289544,0.0,0.005825191759180931,0.0076454216616251205,2144.090909090909,0.0011271708615755612,159.9741514986376,1.0,2.6231884057971016,0.36569361276570905,0.008052643280788727,-0.21130524574416773,0.15842490842490842,2.3008849557522124,0.3029045643153527,0.6181131435899571,0.04612826399930795,-0.20639835404186846,Banks—Regional,Financial Services,KFFB
2022Q4,2022,Q4,2022-09-28,2022-06-30,113000.0,2184000.0,723000.0,0.0138,2184000.0,1.0,328080000.0,52025000.0,22125000.0,12000.0,276055000.0,0.0,20560000.0,65376156.6,73619156.6,6.342361979719071,1843.75,0.10383443062667642,0.6548005766458433,0.004393445436934303,6.342361979719071,0.0021720326765977895,29.93413763736264,144.6375146017699,1.2566296319077366,3.088495575221239,0.0,0.005338337677684772,0.006656912948061448,3079.0833333333335,0.00034442818824676906,44.3829983706721,1.0,-0.6609336609336609,-0.46714768132357654,-0.09938775313786438,-0.21082356187844256,-0.021505376344086023,-0.6616766467065869,-0.18764044943820224,-0.6189943641058275,-0.08523464102361057,-0.20600657645333847,Banks—Regional,Financial Services,KFFB
2022Q3,2022,Q3,2022-05-16,2022-03-31,334000.0,2232000.0,890000.0,0.0407,2232000.0,1.0,333898000.0,52646000.0,12705000.0,16000.0,281252000.0,0.0,20703000.0,60494762.64,55215762.64,6.407877480350422,794.0625,0.12213909637074795,0.7746457470653041,0.006813065133049358,6.407877480350422,0.006344261672301789,27.10338827956989,45.28051095808384,1.1490856406944496,1.0449101796407185,0.0,0.0057690944599100916,0.006684676158587353,2920.0625,0.0010003054825126236,-184.43525195121953,1.0,-0.30664395229982966,1.020628728558547,-0.11936149658760539,-0.2043138416903993,-0.08261405672009864,-0.3070539419087137,-0.09827760891590678,0.6338133281165834,-0.0691668938362118,-0.1984736494844566,Banks—Regional,Financial Services,KFFB
2022Q2,2022,Q2,2022-02-14,2021-12-31,482000.0,2433000.0,987000.0,0.0587,2433000.0,1.0,339568000.0,52659000.0,26965000.0,16000.0,286909000.0,0.0,20718000.0,61837769.5578,84373769.5578,6.4083818260876235,1685.3125,0.14377679875606653,0.9271349626844414,0.008697424903414202,6.4083818260876235,0.009153231166562222,25.416263690012332,32.073531928319504,1.1743058082720903,0.7157676348547718,0.0,0.0055791145519491474,0.007164986099985864,1685.3125,0.0014194505960514537,-84.82547264444445,1.0,-0.16142857142857148,0.9362914055029383,-0.02491807557904123,-0.20351568251777,-0.10976948408342481,-0.15140845070422534,0.0,1.9325689985653292,0.019828549203741906,-0.19915437412652748,Banks—Regional,Financial Services,KFFB
2022Q1,2022,Q1,2021-11-15,2021-09-30,568000.0,2733000.0,0.0,0.07,2733000.0,1.0,336909000.0,52549000.0,0.0,0.0,284360000.0,0.0,20581000.0,58665888.54,88091888.53999999,6.395536986441082,0.0,0.14946172408573236,0.9582484918837656,0.0,6.395536986441082,0.01080895925707435,21.465747727771678,25.82125375880282,1.1164035193819102,0.6179577464788732,0.0,0.005983033901560677,0.008111982760923573,0.0,0.0016859151877806767,28.286349344262295,1.0,-0.12499999999999993,0.940253861846372,0.054667870230314476,-0.2100292644965579,-0.04574022346368715,-0.1791907514450867,0.0,3.1963005987560296,0.1537715831388561,-0.20481264498539625,Banks—Regional,Financial Services,KFFB
2021Q4,2021,Q4,2021-09-28,2021-06-30,692000.0,2864000.0,0.0,0.08,2864000.0,1.0,338063000.0,52296000.0,0.0,0.0,285767000.0,0.0,20364000.0,60438767.04,100417767.03999999,6.368405228142126,0.0,0.16823195676545497,1.0875210341135078,0.0,6.368405228142126,0.013232369588496252,21.102921452513968,21.834814682080925,1.1557053510784765,0.5028901734104047,0.0,0.005757893766589981,0.008471793718922213,0.0,0.002046955744935116,209.13068179930795,1.0,0.3333333333333334,0.8426978508894005,0.09813613946938085,-0.21414718984193412,0.08897338403041825,0.4630021141649049,0.0,57.80307047993237,0.1866880129172992,-0.2064853179762198,Banks—Regional,Financial Services,KFFB
2021Q3,2021,Q3,2021-05-17,2021-03-31,473000.0,2630000.0,0.0,0.06,2630000.0,1.0,332632000.0,51890000.0,0.0,0.0,280742000.0,0.0,20020000.0,55429575.75,98609575.75,6.31896411366634,0.0,0.1599154621323264,1.0251108113316632,0.0,6.31896411366634,0.009115436500289073,21.075884315589352,29.29681593551797,1.0682130612834844,0.7378435517970402,0.0,0.006296277669056488,0.007906635561220808,0.0,0.001421991870896366,48.87969642857143,1.0,0.4999999999999999,1.6944535041106652,0.06756141777216014,-0.21989944169339862,0.013097072419106317,0.27837837837837837,0.0,1.9756312435183425,0.08779743109523451,-0.2166631692606805,Banks—Regional,Financial Services,KFFB
2021Q2,2021,Q2,2021-02-16,2020-12-31,370000.0,2596000.0,0.0,0.04,2596000.0,1.0,330680000.0,51832000.0,0.0,0.0,278848000.0,0.0,19896000.0,51939605.440000005,97512605.44,6.306906593243462,0.0,0.18461352364824,1.1778052168544528,0.0,6.306906593243462,0.007138447291248649,20.00755217257319,35.094328,1.0020760425991666,0.9378378378378378,0.0,0.006680836272444352,0.007850489899600823,0.0,0.0011189064957058182,-290.1653935195531,1.0,0.0,-0.07260972725160639,-0.05065534458322248,-0.22348245559214977,0.030976965845909452,0.2982456140350877,0.0,-0.5666600441685464,-0.09454642524580315,-0.22038413578499885,Banks—Regional,Financial Services,KFFB
2021Q1,2021,Q1,2020-11-16,2020-09-30,285000.0,2518000.0,0.0,0.04,2518000.0,1.0,327684000.0,51829000.0,0.0,0.0,275855000.0,0.0,19873000.0,51527435.3832,91562435.38319999,6.303074142632211,0.0,0.1781960669425422,1.1266279496035039,0.0,6.303074142632211,0.005498851994057381,20.463635974265287,45.19950472210527,0.994181546686218,1.207017543859649,0.0,0.006676055143085149,0.007684232370210324,0.0,0.0008697403596147508,218.33659060677965,1.0,1.0248447204968945,-0.46417596891110313,-0.07317316360015412,-0.22349362451411617,0.02985685071574642,1.0214786344110331,0.0,0.03479012552378018,-0.005095519464225728,-0.2148528874345517,Banks—Regional,Financial Services,KFFB
2020Q4,2020,Q4,2020-09-28,2020-06-30,-13269000.0,2445000.0,0.0,-1.61,2445000.0,1.0,321136000.0,51911000.0,0.0,0.0,269225000.0,0.0,19932000.0,55537933.5,94321933.5,6.309187755428459,0.0,0.17037952767674755,1.0540155265743292,0.0,6.309187755428459,-0.25561056423494055,22.714901226993867,-1.04638506104454,1.0698683034424303,-0.02637727032933906,0.0,0.006301998975168927,0.00761359673160281,0.0,-0.04131894275322605,677.2918719512195,1.0,-54.66666666666667,-26.05732005353594,-0.10694769483394512,-0.22086869093420236,0.017054908485856904,-56.2875,0.0,-63.37947726417477,0.00516925947319225,-0.21495141144723526,Banks—Regional,Financial Services,KFFB
2020Q3,2020,Q3,2020-05-14,2020-03-31,240000.0,2404000.0,0.0,0.03,2404000.0,1.0,330980000.0,65569000.0,0.0,0.0,265411000.0,0.0,33551000.0,49479444.0,84773444.0,7.951059433893397,0.0,0.16630007855459544,0.8394515701017249,0.0,7.951059433893397,0.0036602662843721883,20.582131447587354,51.541087499999996,0.7546164193445073,1.4666666666666666,0.0,0.007114065388446968,0.007263278747960602,0.0,0.0007251193425584627,317.1759230769231,1.0,0.0,-0.5509004028552353,-0.14352481808855588,-0.013586898745926081,-0.0062009094667217855,-0.03225806451612903,0.0,0.4465349056295551,-0.055035349691997124,-0.012692119216366265,Banks—Regional,Financial Services,KFFB
2020Q2,2020,Q2,2020-02-14,2019-12-31,248000.0,2419000.0,0.0,0.03,2419000.0,1.0,328776000.0,65809000.0,0.0,0.0,262967000.0,0.0,33663000.0,63978226.25,110739226.25,7.971770708475995,0.0,0.18740723167141154,0.9362701150298591,0.0,7.971770708475995,0.003768481514686441,26.448212587846218,64.4941796875,0.972180495828838,1.4193548387096775,0.0,0.00550187181846105,0.007357593011655352,0.0,0.0007543129668832275,94.923184347181,1.0,0.0,-0.5682546216395544,-0.19633533837340983,-0.01279038456903291,-0.014663951120162933,0.05982905982905983,0.0,-0.008325616424225855,-0.0349971416216954,-0.009205361949898464,Banks—Regional,Financial Services,KFFB
2020Q1,2020,Q1,2019-11-14,2019-09-30,234000.0,2455000.0,0.0,0.03,2455000.0,1.0,328759000.0,66040000.0,0.0,0.0,262719000.0,0.0,33767000.0,62081265.0,110834265.0,7.978252376139565,0.0,0.19580604637439583,0.9747577225923683,0.0,7.978252376139565,0.003543307086614173,25.28768431771894,66.32613782051281,0.9400554966686856,1.4273504273504274,0.0,0.0053800450103586,0.007467476175557171,0.0,0.0007117675865907854,-1773.7504285714285,1.0,-0.25000000000000006,-0.430317873979372,-0.12575738747889248,-0.004965804552690226,0.016563146997929608,-0.22,0.0,-0.20655975533183657,-0.059593272935142605,-0.01453374267510087,Banks—Regional,Financial Services,KFFB
2019Q4,2019,Q4,2019-09-30,2019-06-30,300000.0,2415000.0,0.0,0.04,2415000.0,1.0,330771000.0,66278000.0,0.0,0.0,264493000.0,0.0,33867000.0,62228702.7729,112108702.7729,7.987927596917107,0.0,0.20165915391615347,1.0064123841998853,0.0,7.987927596917107,0.004526388846977881,25.76757878795031,51.85725231075,0.9389043539771871,1.1633333333333333,0.0,0.0056083444527785685,0.007301123738175354,0.0,0.0009069718929410377,545.8658137973684,1.0,1.0,-0.282138035425924,-0.16911452134426128,-0.004136193658550446,-0.005354200988467875,0.4492753623188406,0.0,-0.2093727179818957,-0.08356258302584031,-0.014300264430914561,Banks—Regional,Financial Services,KFFB
2019Q3,2019,Q3,2019-05-10,2019-03-31,207000.0,2428000.0,0.0,0.02,2428000.0,1.0,319421000.0,66508000.0,0.0,0.0,252913000.0,0.0,33916000.0,61519907.19,102412907.19,7.994593660244434,0.0,0.1754361798378942,0.8425753292836952,0.0,7.994593660244434,0.0031124075299212126,25.337688299011532,74.29940481884057,0.9250001081072954,1.7826086956521738,0.0,0.005998058463585924,0.0076012535180842835,0.0,0.0006480475610557853,189.29202212307692,1.0,0.0,-0.5755111068186802,-0.18072945398271636,-0.00242017355247505,0.0016501650165016502,0.23952095808383234,0.0,0.16396571157713122,-0.027149532007730074,-0.013036493702674994,Banks—Regional,Financial Services,KFFB
2019Q2,2019,Q2,2019-02-14,2018-12-31,167000.0,2424000.0,0.0,0.02,2424000.0,1.0,320954000.0,66810000.0,0.0,0.0,254144000.0,0.0,34078000.0,57692578.13,98132578.13,8.002018889842946,0.0,0.17303414196426903,0.8312528064660979,0.0,8.002018889842946,0.0024996258045202812,23.80056853547855,86.3661349251497,0.863532077982338,2.1137724550898205,0.0,0.006118637985020829,0.007552484156608112,0.0,0.000520323784716813,1861.0509074193549,1.0,0.0,-0.7198982083498296,-0.20520754054476,8.027095023594984e-05,0.0037267080745341614,0.21014492753623187,0.0,-0.5879812769258159,-0.1274476238602835,-0.014777218152751612,Banks—Regional,Financial Services,KFFB
2019Q1,2019,Q1,2018-11-14,2018-09-30,138000.0,2415000.0,0.0,0.02,2415000.0,1.0,316701000.0,67374000.0,0.0,0.0,249327000.0,0.0,34264000.0,68690809.6,103821809.6,8.042805190637905,0.0,0.1579218253178866,0.7423338379790424,0.0,8.042805190637905,0.0020482678778163685,28.443399420289854,124.4398724637681,1.0195447739484071,2.6449275362318843,0.0,0.0053136657163522505,0.007625489025926663,0.0,0.00043574223005295214,178.88231666666664,1.0,12.956734124214934,-0.6740475660144165,-0.1722597281035054,0.008893432129641464,-0.018691588785046728,10.5,0.0,-0.7453216398367811,-0.12743931552521612,-0.009167690876437562,Banks—Regional,Financial Services,KFFB
2018Q4,2018,Q4,2018-09-28,2018-06-30,12000.0,2461000.0,0.0,0.001433,2461000.0,1.0,318394000.0,67203000.0,0.0,0.0,251191000.0,0.0,34050000.0,70757038.3,108174038.3,8.02556697741262,0.0,0.1666237429097282,0.7894290433462792,0.0,8.02556697741262,0.0001785634569885273,28.751336164160907,1474.1049645833332,1.0528851137598023,30.416666666666668,0.0,0.005158497426820648,0.0077294170116271035,0.0,3.768915243377702e-05,-813.2992908045977,1.0,-0.9259699333574417,-0.9856780946044467,-0.276082717845296,0.0076646127216541205,-0.0012175324675324675,-0.9259259259259259,0.0,-0.9777335655664563,-0.11675202155914574,-0.00891037840383784,Banks—Regional,Financial Services,KFFB
2018Q3,2018,Q3,2018-05-15,2018-03-31,162000.0,2464000.0,0.0,0.019357,2464000.0,1.0,312946000.0,67510000.0,0.0,0.0,245436000.0,0.0,34403000.0,74065172.1,107256172.1,8.066726682189131,0.0,0.15816786282617448,0.7331950822100429,0.0,8.066726682189131,0.002399644497111539,30.05891724837662,114.29810509259259,1.0970992756628648,2.246913580246914,0.0,0.004914590619036718,0.007873562851098912,0.0,0.0005176611939440031,698.7280386792452,1.0,-0.8240272727272727,-0.7431265777076349,-0.242640549111331,0.020245728108861907,-0.15558601782042494,-0.8135788262370541,0.0,-0.701290363645968,-0.13498464268342023,0.0007628479832404357,Banks—Regional,Financial Services,KFFB
2018Q2,2018,Q2,2018-02-14,2017-12-31,869000.0,2918000.0,0.0,0.11,2918000.0,1.0,309440000.0,67665000.0,0.0,0.0,241775000.0,0.0,34605000.0,74859433.77239999,107445433.77239999,8.089761743873588,0.0,0.15714516546018614,0.7186433163378408,0.0,8.089761743873588,0.012842680854208232,25.654363869910895,21.53608566524741,1.106324300190645,0.4154200230149597,0.0,0.004822371500932959,0.009429937952430197,0.0,0.0028082988624612204,150.92627776693547,1.0,2.666666666666667,-0.1544743631365691,0.2544880873760337,-0.07230729752738084,0.1340847260007773,2.1035714285714286,0.0,0.49313106394033857,-0.043188405811767173,0.0018214110958010225,Banks—Regional,Financial Services,KFFB
2018Q1,2018,Q1,2017-11-14,2017-09-30,280000.0,2573000.0,0.0,0.03,2573000.0,1.0,304505000.0,67110000.0,0.0,0.0,237395000.0,0.0,34097000.0,81924148.60000001,112880148.60000001,8.027889349343814,0.0,0.15182016715653274,0.6888690210102816,0.0,8.027889349343814,0.004172254507524959,31.839933385153522,73.14656125,1.2207442795410521,1.2964285714285715,0.0,0.0044309279522985485,0.008449779149767656,0.0,0.0009195251309502307,169.61521449275364,1.0,0.4999999999999999,-0.5158631233515516,0.10850177948822193,0.02517494846078628,0.041700404858299595,0.2962962962962963,0.0,-0.32502420223269424,-0.09273596706776718,0.0012248351222893643,Banks—Regional,Financial Services,KFFB
2017Q4,2017,Q4,2017-09-28,2017-06-30,216000.0,2470000.0,0.0,0.02,2470000.0,1.0,308485000.0,67146000.0,0.0,0.0,241339000.0,0.0,34180000.0,78870614.72,117645614.72,8.036684413457047,0.0,0.18081916462712935,0.8307270723498049,0.0,8.036684413457047,0.0032168706996693773,31.931422963562753,91.2854337037037,1.1746137479522234,1.7222222222222223,0.0,0.004716585528344669,0.008006872295249363,0.0,0.0007001961197465031,161.28960065439674,1.0,0.0,-0.483782370890809,0.13960710001250154,0.030676611511563357,-0.04114906832298137,0.2857142857142857,0.0,-0.4867068328121974,-0.1560571646688526,0.0019423728176024596,Banks—Regional,Financial Services,KFFB
2017Q3,2017,Q3,2017-05-16,2017-03-31,168000.0,2576000.0,0.0,0.02,2576000.0,1.0,305266000.0,67247000.0,0.0,0.0,238019000.0,0.0,34336000.0,83085186.5,119072186.5,8.053272528912238,0.0,0.17636749588883138,0.8006156408464318,0.0,8.053272528912238,0.002498252710158074,32.2535661878882,123.63867038690475,1.2355225734977024,2.2083333333333335,0.0,0.004465296590505939,0.008438542123918157,0.0,0.0005503397037337929,180.22817028199566,1.0,-0.3333333333333333,-0.7124781430584117,0.10216711827608836,0.025172286322881637,0.01178318931657502,-0.33858267716535434,0.0,-0.6567723691566816,-0.1340326999299386,0.004901881589971699,Banks—Regional,Financial Services,KFFB
2017Q2,2017,Q2,2017-02-14,2016-12-31,254000.0,2546000.0,0.0,0.03,2546000.0,1.0,305846000.0,67461000.0,0.0,0.0,238385000.0,0.0,34539000.0,75344728.2546,111235728.2546,8.045835536781423,0.0,0.17364948372710448,0.7872696817420436,0.0,8.045835536781423,0.003765138376247017,29.59337323432836,74.15819710098425,1.1168634952728242,1.4645669291338583,0.0,0.004937306280314155,0.008324450867430014,0.0,0.0008304833151324523,143.513768104,1.0,-0.25000000000000006,-0.41075294311354904,0.10655685117533614,0.029523048954063682,-0.03157093952073031,-0.1447811447811448,0.0,-0.5757777841179144,-0.1687344206225048,0.005556409502968545,Banks—Regional,Financial Services,KFFB
2017Q1,2017,Q1,2016-11-14,2016-09-30,297000.0,2629000.0,0.0,0.04,2629000.0,1.0,295109000.0,67487000.0,0.0,0.0,227622000.0,0.0,34657000.0,70021820.4,90823820.4,8.095916340958196,0.0,0.1326526808738466,0.5800672722153897,0.0,8.095916340958196,0.004400847570643235,26.634393457588438,58.94092626262626,1.0375601286173635,1.2525252525252526,0.0,0.005312629661367673,0.008908572764639506,0.0,0.0010064078018630403,136.49477660818715,1.0,-0.20000000000000004,-0.36173705756669555,0.20372955099521387,0.03727910352474234,-0.006424792139077854,-0.2204724409448819,0.0,-0.29504359156482884,-0.09447966427075158,0.015555720903384793,Banks—Regional,Financial Services,KFFB
2016Q4,2016,Q4,2016-09-28,2016-06-30,381000.0,2646000.0,0.0,0.05,2646000.0,1.0,291871000.0,67515000.0,0.0,0.0,224356000.0,0.0,34732000.0,68316348.39999999,84708348.39999999,8.103814284078451,0.0,0.1137865700943225,0.4919055024809302,0.0,8.103814284078451,0.005643190402132859,25.81872577475434,44.82700026246719,1.011869190550248,0.9763779527559056,0.0,0.005445255911833836,0.009065648865423423,0.0,0.00130537120851335,-270.02509249011854,1.0,1.5,-0.37855801957053364,0.17820552939501413,0.04124507994528603,0.059247397918334666,1.1404494382022472,0.0,-0.5429679304313687,-0.217707231189243,0.017489095177516366,Banks—Regional,Financial Services,KFFB
2016Q3,2016,Q3,2016-05-16,2016-03-31,178000.0,2498000.0,0.0,0.02,2498000.0,1.0,294059000.0,67447000.0,0.0,0.0,226612000.0,0.0,34723000.0,72874341.936,89099341.936,8.100191759102433,0.0,0.11491571419341017,0.5010156122585141,0.0,8.100191759102433,0.0026391092265037734,29.17307523458767,102.35160384269665,1.0804682481948789,2.0898876404494384,0.0,0.005104677313267533,0.008494893881840038,0.0,0.000605320700947769,783.5950745806452,1.0,-0.6,-0.638231963216804,0.1413490849457662,0.04405767805849979,-0.09786926688335139,-0.5594059405940595,0.0,-0.7163207381992184,-0.22828452641942604,0.024478250556537715,Banks—Regional,Financial Services,KFFB
2016Q2,2016,Q2,2016-02-16,2015-12-31,404000.0,2769000.0,0.0,0.05,2769000.0,1.0,306838000.0,67591000.0,0.0,0.0,239247000.0,0.0,34917000.0,77726770.16,107778770.16,8.122040047469792,0.0,0.14513195888384098,0.6588451125149798,0.0,8.122040047469792,0.005977127132310515,28.07033953051643,48.09824886138614,1.1499573931440576,0.8861386138613861,0.0,0.0046058777337982726,0.009024305985568932,0.0,0.0013166556945358788,168.604707505423,1.0,-0.1666666666666666,-0.14428232207695296,0.27006299880614315,0.04376293775293595,0.007641921397379912,-0.24907063197026022,0.0,-0.6049127827846353,0.19648930103526532,-0.06860578595726927,Banks—Regional,Financial Services,KFFB
2016Q1,2016,Q1,2015-11-16,2015-09-30,538000.0,2748000.0,0.0,0.06,2748000.0,1.0,295918000.0,67513000.0,0.0,0.0,228405000.0,0.0,34871000.0,70696667.5,87262667.5,8.117221366905307,0.0,0.09878074331402618,0.43296846533260264,0.0,8.117221366905307,0.007968835631656125,25.726589337700144,32.85161129182156,1.0471563624783375,0.7026022304832714,0.0,0.0053467866784527,0.009286356355476855,0.0,0.0018180712224332416,1910.7207432432433,1.0,-0.14285714285714296,0.4570294578612226,0.34395925337826194,0.05538187131940108,-0.006507592190889371,0.005607476635514018,0.0,-0.06502875890121701,0.18992388198276627,0.03658279708876802,Banks—Regional,Financial Services,KFFB
2015Q4,2015,Q4,2015-09-28,2015-06-30,535000.0,2766000.0,0.0,0.07,2766000.0,1.0,296298000.0,67313000.0,0.0,0.0,228985000.0,0.0,34711000.0,69659470.68,82659470.68,8.09772073335542,0.0,0.08989260811750333,0.39568879711199917,0.0,8.09772073335542,0.007947944676362664,25.184190412147508,32.55115452336449,1.034859101213733,0.5663551401869159,0.0,0.004349731587710652,0.009335196322621146,0.0,0.0018056146177159481,-198.46003042735046,1.0,0.16666666666666682,0.7879862447048278,0.5135810287406805,0.052098736742652314,-0.022960084775697633,-0.0074211502782931356,0.0,0.28510893381987645,0.282677417866318,0.038504305637097586,Banks—Regional,Financial Services,KFFB
2015Q3,2015,Q3,2015-05-15,2015-03-31,539000.0,2831000.0,0.0,0.06,2831000.0,1.0,294500000.0,67044000.0,0.0,0.0,227456000.0,0.0,34479000.0,68494760.72999999,81305760.72999999,8.060577686757036,0.0,0.07688964346349746,0.33774834437086093,0.0,8.060577686757036,0.008039496450092477,24.194546354645,31.769369540816324,1.0216389345802754,0.7012987012987013,0.0,0.005518670274505243,0.009612903225806452,0.0,0.0018302207130730052,53.848082334905655,1.0,-0.14285714285714296,0.6239626070219251,0.43266412115778935,0.053144775867448785,-0.06690837178642056,-0.0690846286701209,0.0,-0.07390163598082991,0.21604103364483793,0.026102224474460867,Banks—Regional,Financial Services,KFFB
2015Q2,2015,Q2,2015-02-17,2014-12-31,579000.0,3034000.0,0.0,0.07,3034000.0,1.0,303114000.0,67194000.0,0.0,0.0,235920000.0,0.0,34318000.0,67984065.11,87243065.11,8.07505375137165,0.0,0.09582863213180519,0.43228562073994703,0.0,8.07505375137165,0.008616840789356192,22.407404452867503,29.354086835060446,1.01175797109861,0.5595854922279793,0.0,0.004765822689122215,0.010009435393944192,0.0,0.001910172410380253,94.94981160614525,1.0,0.4000000000000001,1.4471181952832184,0.6769827897385752,0.053021323700875075,0.06680731364275667,0.3918269230769231,0.0,0.35343941406100954,0.32870160320480263,0.03326173155979309,Banks—Regional,Financial Services,KFFB
2015Q1,2015,Q1,2014-11-14,2014-09-30,416000.0,2844000.0,0.0,0.05,2844000.0,1.0,295740000.0,67217000.0,0.0,0.0,228523000.0,0.0,34063000.0,67484687.55000001,70797687.55000001,8.0180685373863,0.0,0.04797457225941706,0.21107755478524778,0.0,8.0180685373863,0.006188910543463707,23.728793090717303,40.55570165264424,1.0039824382224736,0.9134615384615384,0.0,0.005630907007140762,0.009616555082166769,0.0,0.0014066409684182052,117.36467400000002,1.0,0.0,2.0369551897797202,0.6089558756684584,0.04932854960498786,-0.03100511073253833,-0.014218009478672985,0.0,-0.1110419616911668,0.2948297773523694,0.027304951557298864,Banks—Regional,Financial Services,KFFB
2014Q4,2014,Q4,2014-09-29,2014-06-30,422000.0,2935000.0,0.0,0.05,2935000.0,1.0,299655000.0,67205000.0,0.0,0.0,232450000.0,0.0,34027000.0,73312067.5,79001067.5,8.02110443822908,0.0,0.05739934257729722,0.25593333829328174,0.0,8.02110443822908,0.006279294695335168,24.978557921635435,43.43131960900474,1.090872219328919,0.909952606635071,0.0,0.005237882562785452,0.009794597120021358,0.0,0.0014082861957918273,-54.54766927083333,1.0,-0.1666666666666666,3.1404723633257574,0.6266877547826505,0.03908370940372616,-0.016420911528150135,-0.14052953156822812,0.0,-0.3155662116596276,0.29951919940920435,0.030617834917855892,Banks—Regional,Financial Services,KFFB
2014Q3,2014,Q3,2014-05-15,2014-03-31,491000.0,2984000.0,0.0,0.06,2984000.0,1.0,306092000.0,67128000.0,0.0,0.0,238964000.0,0.0,33989000.0,72790507.57,78031507.57,8.013988904240305,0.0,0.05955399030356886,0.2715558336312716,0.0,8.013988904240305,0.0073143844595399835,24.393601732573725,37.06237656313645,1.084353884668097,0.7820773930753564,0.0,0.005275413138598066,0.009748703004325497,0.0,0.0016040928871058375,31.606820481980023,1.0,-0.14285714285714296,0.260200197353634,0.5906597133070277,0.02791040730816205,-0.02451781627983001,-0.17892976588628762,0.0,-0.008017413119102373,0.3553056396691369,0.03294673708747519,Banks—Regional,Financial Services,KFFB
2014Q2,2014,Q2,2014-02-14,2013-12-31,598000.0,3059000.0,0.0,0.07,3059000.0,1.0,316393000.0,67005000.0,0.0,0.0,249388000.0,0.0,33882000.0,66994309.4184,86102309.41839999,8.001376611739126,0.0,0.08538747696693669,0.4031937915080964,0.0,8.001376611739126,0.008924707111409596,21.90072226819222,28.007654439130434,0.9998404509872397,0.6404682274247492,0.0,0.005716903470234279,0.009668355494590589,0.0,0.0018900544575891375,199.9830131892537,1.0,0.4000000000000001,0.6717710950007737,0.705071568616767,0.020530260493811306,0.049399656946826756,0.41371158392434987,0.0,0.25872706094718534,0.39432184373642004,0.028256485996786672,Banks—Regional,Financial Services,KFFB
2014Q1,2014,Q1,2013-11-19,2013-09-30,423000.0,2915000.0,0.0,0.05,2915000.0,1.0,315014000.0,66721000.0,0.0,0.0,248293000.0,0.0,33667000.0,68546327.85,74544327.85,7.97190757170517,0.0,0.059470372745338305,0.2807811633518682,0.0,7.97190757170517,0.006339833036075599,23.515035283018864,40.51201409574468,1.0273576212886497,0.851063829787234,0.0,0.005251922477711547,0.009253556984768931,0.0,0.0013427974629698998,77.54109485294117,1.0,-0.4444444444444444,0.23359632915040252,0.6311928639450943,0.02106679645253799,-0.1416372202591284,-0.4946236559139785,0.0,0.13842952022261087,0.4167318491670478,0.03648851629373747,Banks—Regional,Financial Services,KFFB
2013Q4,2013,Q4,2013-09-30,2013-06-30,837000.0,3396000.0,0.0,0.09,3396000.0,1.0,324062000.0,66622000.0,0.0,0.0,257440000.0,0.0,33604000.0,69846464.1,77616464.1,7.964522000763672,0.0,0.07501650918651369,0.3648944793011318,0.0,7.964522000763672,0.012563417489718112,20.567274469964662,20.862145788530466,1.0483993890906906,0.42891278375149344,0.0,0.005139845010421938,0.010479476149625688,0.0,0.002582839086347674,34.071445902439024,1.0,0.12499999999999993,1.474026679669258,1.0366928896887644,0.014371314997334106,0.04492307692307692,0.32857142857142857,0.0,1.7798032025933297,0.8467129004884576,0.034792852419146966,Banks—Regional,Financial Services,KFFB
2013Q3,2013,Q3,2013-05-15,2013-03-31,630000.0,3250000.0,0.0,0.08,3250000.0,1.0,332260000.0,66101000.0,0.0,0.0,266159000.0,0.0,33126000.0,68135442.55,82618442.55,7.906650780240658,0.0,0.09333052428820802,0.4691305729111511,0.0,7.906650780240658,0.00953086942708885,20.964751553846153,27.03787402777778,1.0307777877793074,0.5761904761904761,0.0,0.005327623721437177,0.009781496418467464,0.0,0.0018961054595798472,35.339959828838175,1.0,-0.3333333333333333,1.5119085397354626,1.3023181938156896,0.14055249934661548,0.5490943755958055,-0.32038834951456313,0.0,0.8884525906457824,0.6363121437565862,0.03303364689346826,Banks—Regional,Financial Services,KFFB
2013Q2,2013,Q2,2013-02-21,2012-12-31,927000.0,2098000.0,0.0,0.12,2098000.0,1.0,352531000.0,65788000.0,0.0,0.0,286743000.0,0.0,32859000.0,56204535.85,91726535.85,8.720303309826194,0.0,0.14452062371819782,0.7744269471636165,0.0,8.720303309826194,0.014090715632030158,26.789578574833175,15.157641814994607,0.8543280818690339,0.3063646170442287,0.0,0.0050529729621457235,0.005951249677333341,0.0,0.0026295559823107757,-1441.141944871795,1.0,0.7142857142857141,3.0958436113445895,0.4424204845958512,0.00848113256178033,0.001431980906921241,0.7758620689655172,0.0,3.3214162116543426,0.2790528603840215,0.13716460807787315,Banks—Regional,Financial Services,KFFB
2013Q1,2013,Q1,2012-11-16,2012-09-30,522000.0,2095000.0,0.0,0.07,2095000.0,1.0,219761000.0,59084000.0,0.0,0.0,160677000.0,0.0,32216000.0,57493860.12,74568860.12,7.830750606417971,0.0,0.1114756485454653,0.4146300182790603,0.0,7.830750606417971,0.008834879155101212,27.44336998568019,27.535373620689658,0.9730867937174192,0.5306513409961686,0.0,0.004817905762838872,0.009533083668166782,0.0,0.002375307720660172,80.63654995792426,1.0,0.4000000000000001,2.459186765071915,0.628268875451582,-0.02327669190611541,0.06996935648621042,0.38095238095238093,0.0,2.445706142684014,0.31686554192355076,0.024814160397474617,Banks—Regional,Financial Services,KFFB
2012Q4,2012,Q4,2012-09-28,2012-06-30,378000.0,1958000.0,0.0,0.05,1958000.0,1.0,222949000.0,58853000.0,0.0,0.0,164096000.0,0.0,31971000.0,64079896.59,85309896.59,7.797484025246926,0.0,0.1213954760954299,0.4598746028239852,0.0,7.797484025246926,0.006422782186124751,32.72721991317671,42.38088398809524,1.0888127468438313,2.002645502645503,0.0,0.01181337736612599,0.008782277561235978,0.0,0.001695455014375485,2464.6114073076924,1.0,-0.28571428571428575,0.6127954040424021,0.49361352145090903,-0.035545958306182075,-0.07291666666666667,-0.2840909090909091,0.0,3.128346218135536,0.204653319512197,0.010115089183242972,Banks—Regional,Financial Services,KFFB
2012Q3,2012,Q3,2012-05-15,2012-03-31,528000.0,2112000.0,0.0,0.07,2112000.0,1.0,221778000.0,59275000.0,0.0,0.0,162503000.0,0.0,32350000.0,67080730.71,87336730.71000001,7.855530856962545,0.0,0.11120129138147156,0.4160607338675664,0.0,7.855530856962545,0.008907633909742724,31.761709616477273,31.761709616477273,1.1316867264445383,0.5303030303030303,0.0,0.00417407498452099,0.009523036550063577,0.0,0.002380759137515894,80.04860466587112,1.0,0.4000000000000001,2.4987096520254943,1.1460108621435448,0.32969420220698664,0.01979719942056977,0.36082474226804123,0.0,0.5043570347204671,0.2497735365370035,0.007585862582082391,Banks—Regional,Financial Services,KFFB
2012Q2,2012,Q2,2012-02-14,2011-12-31,388000.0,2071000.0,0.0,0.05,2071000.0,1.0,236438000.0,58981000.0,0.0,0.0,177457000.0,0.0,32102000.0,69281891.46,103738891.46,7.815109671372127,0.0,0.1637427147920385,0.6563978230277547,0.0,7.815109671372127,0.006578389650904529,33.45335174311926,44.64039398195876,1.1746476231328733,0.7345360824742269,0.0,0.004113629030531667,0.008759167308131519,0.0,0.001641022170717059,-82.28253142517814,1.0,-0.1666666666666666,0.7136945527612765,0.3570919014597848,-0.16115125386206489,0.04807692307692308,-0.07838479809976247,0.0,0.2035740019071721,0.28088069208630895,-0.0032270325818862114,Banks—Regional,Financial Services,KFFB
2012Q1,2012,Q1,2011-11-14,2011-09-30,421000.0,1976000.0,0.0,0.06,1976000.0,1.0,227545000.0,58864000.0,0.0,0.0,168681000.0,0.0,31999000.0,58298701.480000004,74298701.48,7.804954629325648,0.0,0.10825990463424817,0.4184900788257679,0.0,7.804954629325648,0.007152079369393857,29.503391437246965,34.61918140142518,0.9903965323457462,0.669833729216152,0.0,0.004837157481058873,0.008683996572106617,0.0,0.0018501834801907314,46.342370015898254,1.0,-0.18466205405405403,0.8607218327818349,0.3959217643539907,-0.042156044734886884,-0.028037383177570093,-0.24144144144144145,0.0,0.36249745965402264,0.2270848618591312,-0.00031705734913382025,Banks—Regional,Financial Services,KFFB
2011Q4,2011,Q4,2011-09-28,2011-06-30,555000.0,2033000.0,0.0,0.07358911761476852,2033000.0,1.0,226135000.0,58697000.0,0.0,0.0,167438000.0,0.0,31860000.0,67876884.0,87988884.0,7.782811597538862,0.0,0.11170760828708515,0.43036271018961786,0.0,7.782811597538862,0.009455338432969317,33.387547466797834,30.575172972972975,1.1563944324241444,0.46126126126126127,0.0,0.003771534356232381,0.008990204966060096,0.0,0.002454286156499436,40.354865636147444,1.0,0.22648529357947544,0.7715898685036867,0.3600131390096273,-0.04970287783843211,0.029367088607594936,0.25,0.0,0.8194933222822172,0.35230236163458595,-0.00877154538401376,Banks—Regional,Financial Services,KFFB
2011Q3,2011,Q3,2011-05-16,2011-03-31,444000.0,1975000.0,0.0,0.06,1975000.0,1.0,228658000.0,58295000.0,0.0,0.0,170363000.0,0.0,31560000.0,63942565.65,83454565.65,7.758375738556246,0.0,0.11338330607282492,0.44473797066643794,0.0,7.758375738556246,0.007616433656402779,32.375982607594935,36.003696874999996,1.0968790745346941,0.6779279279279279,0.0,0.00470734943054322,0.00863735360232312,0.0,0.0019417645566741596,82.0828827342747,1.0,0.0,0.47727885235396406,0.27719150443060253,-0.02665814568016859,0.008682328907048007,0.04716981132075472,0.0,0.9697051364719521,0.5566968937974591,0.11916348469498678,Banks—Regional,Financial Services,KFFB
2011Q2,2011,Q2,2011-02-15,2010-12-31,424000.0,1958000.0,0.0,0.06,1958000.0,1.0,241437000.0,58157000.0,0.0,0.0,183280000.0,0.0,31418000.0,69132215.25,101410215.25,7.7814987998666805,0.0,0.1582027609686999,0.6567739051189023,0.0,7.7814987998666805,0.0072906099007858036,35.307566521961185,40.76191936910377,1.1887170117096824,0.6533018867924528,0.0,0.004006815042716282,0.008109776049238517,0.0,0.0017561517083131417,139.09902464788732,1.0,0.4999999999999999,0.1346374438652173,0.34665819528160796,0.06920448661621585,0.06182212581344902,0.2732732732732733,0.0,0.8910623168182181,0.35886226040387426,-0.10008924645144093,Banks—Regional,Financial Services,KFFB
2011Q1,2011,Q1,2010-11-15,2010-09-30,333000.0,1844000.0,0.0,0.04,1844000.0,1.0,236291000.0,57691000.0,0.0,0.0,178600000.0,0.0,31418000.0,72158148.14,95262148.14,7.691264733169468,0.0,0.13243415957442306,0.5424242949506856,0.0,7.691264733169468,0.005772130834965593,39.13131677874187,54.17278388888888,1.2507695852039311,0.8348348348348348,0.0,0.003852648760617154,0.007803936671307837,0.0,0.0014092792361960465,168.98863733021076,1.0,0.1112365925925927,-0.26008359136898085,0.1575268180265868,-0.04533391219824501,0.11825348696179502,0.23333333333333334,0.0,1.2197493163105448,0.4416478894868246,-0.0406746541704203,Banks—Regional,Financial Services,KFFB
2010Q4,2010,Q4,2010-10-06,2010-06-30,270000.0,1649000.0,0.0,0.03599593485908991,1649000.0,1.0,236939000.0,57732000.0,0.0,0.0,179207000.0,0.0,31363000.0,67657639.94,91204639.94,7.696730782536958,0.0,0.13509384271901206,0.5544412111134206,0.0,7.696730782536958,0.004676782373726876,41.02949662825955,62.64596290740741,1.1719261404420425,1.0148148148148148,0.0,0.004049801326841847,0.0069595971959027425,0.0,0.0011395338040592726,172.15684463104324,1.0,-0.10010162852275226,-0.5057605342311395,-0.08678224494172,-0.04480033053503207,-0.0828698553948832,-0.10596026490066225,0.0,0.15919112258086146,0.2657560438497711,-0.048007910370560875,Banks—Regional,Financial Services,KFFB
2010Q3,2010,Q3,2010-05-17,2010-03-31,302000.0,1798000.0,0.0,0.04,1798000.0,1.0,238355000.0,57925000.0,0.0,0.0,180430000.0,0.0,31223000.0,79389568.31,109546568.31,7.653817282735644,0.0,0.1412305175054016,0.5811480362537764,0.0,7.653817282735644,0.005213638325420803,44.154376145717464,65.71984131622517,1.3705579337073803,0.9768211920529801,0.0,0.0037158534336411233,0.007543370183130205,0.0,0.0012670176837070756,112.9296846514936,1.0,0.3333333333333334,-0.2552270447588426,0.336830897142481,-0.16027790547418277,0.09367396593673966,0.4046511627906977,0.0,0.995211756051933,0.8215276200992181,0.2955504409463161,Banks—Regional,Financial Services,KFFB
2010Q2,2010,Q2,2010-02-16,2009-12-31,215000.0,1644000.0,0.0,0.03,1644000.0,1.0,239473000.0,57984000.0,0.0,0.0,181489000.0,0.0,31216000.0,83174960.0,115810960.0,7.668461758202228,0.0,0.15382527466561993,0.6352959437086093,0.0,7.668461758202228,0.003707919426048565,50.593041362530414,96.71506976744186,1.4344467439293598,1.3209302325581396,0.0,0.0034144891683747128,0.006865074559553687,0.0,0.0008978047629586634,-161.81898832684826,1.0,1.5999999999999999,-0.3955122827689556,0.6762995249486423,0.7287704258515884,0.030721003134796237,1.5939226519337018,0.0,-0.05219872262838081,0.0752466848195659,-0.17689196938099586,Banks—Regional,Financial Services,KFFB
2010Q1,2010,Q1,2009-11-16,2009-09-30,-362000.0,1595000.0,0.0,-0.05,1595000.0,1.0,235847000.0,57802000.0,0.0,0.0,178045000.0,0.0,31284000.0,94481554.24,125150554.24,7.641142081195298,0.0,0.1441824572710274,0.5883014428566485,0.0,7.641142081195298,-0.006262759074080482,59.2360841630094,-65.24969215469613,1.634572406491125,-0.7817679558011049,0.0,0.0029952936557450095,0.006762858972130237,0.0,-0.0015348933842703107,173.0431396336996,1.0,-1.1248808988764047,-1.5858028973904807,-0.1805832782162397,-0.09931728305397847,-0.020871700429711478,-1.0337078651685394,0.0,-2.595154396844802,0.12338759233460432,-0.06225953879411988,Banks—Regional,Financial Services,KFFB
2009Q4,2009,Q4,2009-09-28,2009-06-30,-178000.0,1629000.0,0.0,-0.023530730605390175,1629000.0,1.0,240901000.0,58394000.0,0.0,0.0,182507000.0,0.0,31930000.0,91909598.4,127748598.4,7.719401589725584,0.0,0.16669088131639137,0.6876733911018256,0.0,7.719401589725584,-0.0030482583827105524,56.420870718232045,-129.0865146067416,1.5739562009795527,-1.595505617977528,0.0,0.003089992829301711,0.006762113897410139,0.0,-0.0007388927401712737,2356.6563692307695,1.0,-1.4706146121078034,-2.090860836512953,514.7994511523183,2.16711567873704,-0.03609467455621302,-1.5071225071225072,0.0,-1.5664805516112448,0.08647967650554768,-0.057445368734685504,Banks—Regional,Financial Services,KFFB
2009Q3,2009,Q3,2009-05-11,2009-03-31,351000.0,1690000.0,0.0,0.05,1690000.0,1.0,239894000.0,58832000.0,0.0,0.0,181062000.0,0.0,32392000.0,77498015.66,114167015.66,7.796388524975557,0.0,0.16797835710772258,0.6849503671471309,0.0,7.796388524975557,0.005966140875713897,45.856814,55.19801685185185,1.3172765783927114,0.8632478632478633,0.0,0.003909777526812097,0.007044778110332064,0.0,0.0014631462229151208,261.817620472973,1.0,0.25000000000000006,0.13300179569343082,56.47436357783475,0.0,0.043209876543209874,0.08668730650154799,0.0,0.1628588065450862,0.08821819928634345,-0.0218891789185613,Banks—Regional,Financial Services,KFFB
2009Q2,2009,Q2,2009-02-17,2008-12-31,323000.0,1620000.0,0.0,0.04,1620000.0,1.0,244894000.0,59287000.0,0.0,0.0,185607000.0,0.0,32344000.0,73726779.75,116174779.75,7.840410932907998,0.0,0.19296103620341862,0.7970550036264273,0.0,7.840410932907998,0.005448074620068481,45.51035787037037,57.064071013931894,1.243557268035151,0.8575851393188855,0.0,0.003757115134273852,0.006615106944228932,0.0,0.0013189379894974968,119.2989963592233,1.0,0.0,0.0884247310089953,47.10719370299434,0.0,-0.0036900369003690036,0.035256410256410256,0.0,-0.14569712371033008,0.1012293983947363,0.07729921471216925,Banks—Regional,Financial Services,KFFB
2009Q1,2009,Q1,2008-11-14,2008-09-30,312000.0,1626000.0,0.0,0.04,1626000.0,1.0,241682000.0,59456000.0,0.0,0.0,182226000.0,0.0,32298000.0,73868507.0,109871507.0,7.807430032395267,0.0,0.17429928583841578,0.7085071313240043,0.0,7.807430032395267,0.005247578040904198,45.42958610086101,59.18950881410257,1.2424062668191602,0.9775641025641025,0.0,0.004128958501895808,0.0067278489916501845,0.0,0.001290952574043578,464.58180503144655,1.0,-0.01099870129870127,-0.49847274151040716,-0.17022245185808374,-0.0797164587150667,0.07114624505928854,0.012987012987012988,0.0,-0.317165054582496,0.0053410271775527485,-0.03091507789756764,Banks—Regional,Financial Services,KFFB
2008Q4,2008,Q4,2008-09-29,2008-06-30,308000.0,1518000.0,0.0,0.04044484072217677,1518000.0,1.0,247655000.0,59793000.0,0.0,0.0,187862000.0,0.0,32291000.0,71203148.5,102938148.5,7.851682991237389,0.0,0.19301447578284306,0.7994414061846704,0.0,7.851682991237389,0.005151104644356363,46.90589492753623,57.79476339285714,1.190827496529694,0.9772727272727273,0.0,0.004227341154724359,0.006129494659909956,0.0,0.0012436655831701358,116.91814203612479,1.0,0.3481613574058925,0.8749818491704805,476.45073516376874,2.22138808520064,0.033356024506466984,0.18007662835249041,0.0,-0.44467516818534725,-0.17196597594105234,-0.02557004917072379,Banks—Regional,Financial Services,KFFB
2008Q3,2008,Q3,2008-05-14,2008-03-31,261000.0,1469000.0,0.0,0.03,1469000.0,1.0,253513000.0,60311000.0,0.0,0.0,193202000.0,0.0,32284000.0,87522000.0,123133000.0,6.932298850574712,0.0,0.21128699514423324,0.888129860224503,0.0,6.932298850574712,0.004327568768549684,59.57930565010211,83.83333333333334,1.4511780603869942,1.1647509578544062,0.0,0.003473412399168209,0.005794574637198092,0.0,0.00102953300225235,5834.8,1.0,0.0,-0.2692566440677967,42.332141079638745,0.0,0.08333333333333333,0.23696682464454977,0.0,-0.44007976623376627,-0.04988257617080273,-0.2394377477740251,Banks—Regional,Financial Services,KFFB
2008Q2,2008,Q2,2008-02-14,2007-12-31,211000.0,1356000.0,0.0,0.03,1356000.0,1.0,266111000.0,60817000.0,0.0,0.0,205294000.0,0.0,32327000.0,69629996.7,133515996.7,8.646967234453424,0.0,0.24856544825279678,1.087623526316655,0.0,8.646967234453424,0.003469424667444958,51.34955508849558,82.49999609004739,1.144910085995692,1.4881516587677726,0.0,0.0045095506948372435,0.005095617993994987,0.0,0.0007929022099800459,209.72890572289157,1.0,0.4999999999999999,-0.2355698573881045,42.29264974728198,0.0,0.046296296296296294,0.3881578947368421,0.0,-0.36222100527646595,0.486442909777922,0.9493637315517224,Banks—Regional,Financial Services,KFFB
2008Q1,2008,Q1,2007-11-14,2007-09-30,152000.0,1296000.0,0.0,0.02,1296000.0,1.0,272510000.0,60932000.0,0.0,0.0,211578000.0,0.0,32430000.0,76608000.0,144004000.0,8.017368421052632,0.0,0.2522402847601923,1.1281100242893718,0.0,8.017368421052632,0.002494584126567321,59.111111111111114,126.0,1.2572703997899297,1.730263157894737,0.0,0.0034330618212197158,0.004755788778393453,0.0,0.0005577776962313309,399.0,1.0,-0.3559322033898305,-0.755174003407155,-0.3372951717856025,-0.05497043563658907,-0.01818181818181818,-0.3559322033898305,0.0,-0.755174003407155,-0.3372951717856025,-0.05497043563658907,Banks—Regional,Financial Services,KFFB
2007Q4,2007,Q4,2007-09-28,2007-06-30,236000.0,1320000.0,0.0,0.03105263157894737,1320000.0,1.0,268916000.0,61445000.0,0.0,0.0,207471000.0,0.0,32291000.0,77140000.0,139452000.0,8.084868421052631,0.0,0.24220202591143702,1.060004882415168,0.0,8.084868421052631,0.0038408332655220116,58.43939393939394,81.71610169491525,1.2554316868744406,0.9830508474576272,0.0,0.003007518796992481,0.004908595992800726,0.0,0.0008775974653795237,225.55555555555554,1.0,0.5526315789473685,0.439568546689304,415.0109105263158,2.3170593910961457,-0.040697674418604654,0.11848341232227488,0.0,0.439568546689304,415.0109105263158,2.3170593910961457,Banks—Regional,Financial Services,KFFB
2007Q3,2007,Q3,2007-05-15,2007-03-31,211000.0,1376000.0,0.0,0.02,1376000.0,1.0,267196000.0,62327000.0,0.0,0.0,204869000.0,0.0,32287000.0,106555000.0,168397000.0,5.907772511848341,0.0,0.23806494109193252,1.020584979222488,0.0,5.907772511848341,0.003385370706114525,77.43822674418605,126.25,1.7096122065878352,2.3270142180094786,0.0,0.004607948946553423,0.005149777691282804,0.0,0.0007896824802766508,146.16598079561044,1.0,-0.3333333333333333,-0.5128377627118644,32.47137700744752,0.0,0.0007272727272727272,0.03431372549019608,0.0,-0.5128377627118644,32.47137700744752,0.0,Banks—Regional,Financial Services,KFFB
2007Q2,2007,Q2,2007-02-14,2006-12-31,204000.0,1375000.0,0.0,0.03,1375000.0,1.0,265378000.0,63352000.0,0.0,0.0,202026000.0,0.0,32567000.0,,,,,,,,,,,,,,,,,,,,,,,,,,,,,,,Banks—Regional,Financial Services,KFFB
2007Q1,2007,Q1,2006-11-14,2006-09-30,234000.0,1464000.0,0.0,0.03,1464000.0,1.0,266497000.0,63558000.0,0.0,0.0,202939000.0,0.0,32615000.0,,,,,,,,,,,,,,,,,,,,,,,,,,,,,,,Banks—Regional,Financial Services,KFFB
