Year,Date,FillingDate,NetIncome,Revenue,OperatingIncome,EPSDiluted,GrossProfit,GrossProfitRatio,TotalAssets,CommonStockEquity,CurrentAssets,CurrentLiability,TotalLiability,Inventory,RetainedEarnings,EnterpriseValue,bookValuePerShare,currentRatio,debtToAssets,debtToEquity,roic,shareholdersEquityPerShare,roe,priceToSalesRatio,peRatio,pbRatio,payoutRatio,inventoryTurnover,dividendYield,assetTurnover,quickRatio,returnOnAssets,priceToFreeCashFlowsRatio,grossProfitMargin,epsdilutedGrowth,fiveYNetIncomeGrowthPerShare,fiveYRevenueGrowthPerShare,fiveYShareholdersEquityGrowthPerShare,grossProfitGrowth,netIncomeGrowth,operatingIncomeGrowth,threeYNetIncomeGrowthPerShare,threeYRevenueGrowthPerShare,threeYShareholdersEquityGrowthPerShare,Industry,Sector,Price,MarketCap,AvgVolume,Symbol
2022,2022-12-31,2023-01-27,8014000000.0,63054000000.0,-1930000000.0,1.94,26866000000.0,0.4260792337,182103000000.0,101423000000.0,50407000000.0,32155000000.0,78817000000.0,13224000000.0,70405000000.0,139481440000.0,24.689143135345667,1.5676255636759446,0.23091876575344722,0.4146100983011743,-0.013883110145428087,24.689143135345667,0.07901560789958885,1.721927871348368,13.548095832293486,1.070511028070556,0.7483154479660594,2.73653962492438,0.055233994299210755,0.3462545921813479,1.00982739853833,0.04400806137186098,-11.289845066028906,0.426079233672725,-0.6008230452674898,-0.044803583122376374,0.14969489747717138,0.6816190017134408,-0.38683099395184295,-0.5966378095429837,-1.0991981907894737,-0.5906116616833892,-0.057918930487346656,0.4070492520234029,Semiconductors,Technology,32.935,137371887108,43989216,INTC
2021,2021-12-25,2022-01-27,19868000000.0,79024000000.0,19456000000.0,4.86,43815000000.0,0.5544518121,168406000000.0,95391000000.0,57718000000.0,27462000000.0,73015000000.0,10776000000.0,68265000000.0,241541290000.0,23.50110864745011,2.1017405869929355,0.22624490813866488,0.39941923242234595,0.1334236135881681,23.50110864745011,0.2082796070908157,2.635494153674833,10.48254932554862,2.183301254835362,0.2840748943023958,3.267353377876763,0.027099790850497935,0.4692469389451682,1.378996431432525,0.11797679417597948,21.555298074932725,0.5544518121077141,-0.016194331983805682,1.244320659569527,0.5506354602165585,0.6784985338453028,0.004654682197560304,-0.049332503947557296,-0.17830897879888505,0.0720529389996578,0.267090062499541,0.45331614840326245,Semiconductors,Technology,32.935,137371887108,43989216,INTC
2020,2020-12-26,2021-01-22,20899000000.0,77867000000.0,23678000000.0,4.94,43612000000.0,0.5600832188,153091000000.0,81038000000.0,47249000000.0,24754000000.0,72053000000.0,8427000000.0,56233000000.0,228182930000.0,19.299356989759467,1.908742021491476,0.23777361177338968,0.4491843332757472,0.16802166329854404,19.299356989759467,0.2578913596090723,2.538263063942363,9.45724340877554,2.4389413608430615,0.2664242308244414,4.064910407025039,0.028171446933175234,0.5086321207647739,1.2392744606932213,0.13651357689217525,9.442784864554966,0.5600832188218372,0.04883227176220816,1.0666887579354438,0.5885916034952384,0.4982000629522697,0.0349311817750356,-0.007079057392626378,0.07456319491717722,1.4369881243268723,0.3890182907680267,0.31451161577042913,Semiconductors,Technology,32.935,137371887108,43989216,INTC
2019,2019-12-28,2020-01-24,21048000000.0,71965000000.0,22035000000.0,4.71,42140000000.0,0.5855624262,136524000000.0,77504000000.0,31239000000.0,22310000000.0,59020000000.0,8744000000.0,53523000000.0,290180360000.0,17.54675118858954,1.4002241147467502,0.21242418915355543,0.3741871387283237,0.18100658413450535,17.54675118858954,0.27157308009909165,3.6875336621969015,12.608008361839605,3.4239956647398846,0.26491828202204487,3.4109103385178408,0.021011905641169108,0.5271234361723945,0.9315105333930973,0.15417069526237145,15.672889203874321,0.5855624261793928,0.05133928571428561,0.9954177228940998,0.4292228850902667,0.5393650331205108,-0.03651370693005922,-0.0002374958438227331,-0.0549408131755018,1.1849084439960764,0.2976682659723046,0.25322581949730505,Semiconductors,Technology,32.935,137371887108,43989216,INTC
2018,2018-12-29,2019-02-01,21053000000.0,70848000000.0,23316000000.0,4.48,43737000000.0,0.6173357046,127963000000.0,74563000000.0,28787000000.0,16626000000.0,53400000000.0,7253000000.0,50172000000.0,238904250000.0,16.170678811537627,1.7314447251293155,0.20598923126216173,0.35351313654225286,0.20859770016982426,16.170678811537627,0.28235183670184943,3.042629996612466,10.23912269035292,2.891035097836729,0.2631928941243528,3.7379015579760098,0.02570463330538343,0.5536600423559935,1.1050162396246843,0.1645241202535108,15.126254297944003,0.6173357046070461,1.2512562814070354,1.3588492401114391,0.44881296638348145,0.3795707513962855,0.11948091837518236,1.192792417456515,0.29995539696699375,0.8958951430011459,0.3162463115137775,0.25532223826326317,Semiconductors,Technology,32.935,137371887108,43989216,INTC
2017,2017-12-30,2018-02-16,9601000000.0,62761000000.0,17936000000.0,1.99,39069000000.0,0.6225044215,123249000000.0,69019000000.0,29500000000.0,17421000000.0,54230000000.0,6983000000.0,42083000000.0,240378159999.99997,14.681769836205063,1.6933585902072212,0.21755146086377983,0.38848722815456616,0.08829262300482867,14.681769836205063,0.13910662281400774,3.4575319067573806,22.601620664514112,3.144035120763847,0.5282783043432976,3.392811112702277,0.0233734700791933,0.5092211701514819,1.125595545605878,0.07789921216399322,21.002531939605106,0.6225044215356671,-0.06132075471698118,-0.07283164302045601,0.2504343055886737,0.43253563466360373,0.07952253322649278,-0.06930981000387747,0.39319558800683546,-0.14478244328696083,0.17113142548719867,0.28802208837807247,Semiconductors,Technology,32.935,137371887108,43989216,INTC
2016,2016-12-31,2017-02-17,10316000000.0,59387000000.0,12874000000.0,2.12,36191000000.0,0.6094094667,113327000000.0,66226000000.0,35508000000.0,20302000000.0,47101000000.0,5553000000.0,40747000000.0,191280100000.0,14.001268498942917,1.7489902472662793,0.22309776134548695,0.3817684897170296,0.11219177572369998,14.001268498942917,0.15576963730256999,2.888798895381144,16.63019581233036,2.590479569957419,0.47741372625048467,4.17720151269584,0.028707643111244005,0.5240322253302391,1.0732440153679441,0.09102861630502881,14.081679389312978,0.6094094667183053,-0.09012875536480684,-0.11426429119607628,0.22208070018679774,0.6028983736020554,0.043599873122062344,-0.09667250437828372,-0.08055992001142694,0.12676022908581056,0.18388658019507056,0.19449163072896006,Semiconductors,Technology,32.935,137371887108,43989216,INTC
2015,2015-12-26,2016-02-12,11420000000.0,55355000000.0,14002000000.0,2.33,34679000000.0,0.6264836058,103065000000.0,61085000000.0,40356000000.0,15667000000.0,41980000000.0,5167000000.0,37614000000.0,173237160000.0,12.881695487136229,2.5758600880832323,0.21995827875612478,0.37112220676107066,0.13433532657430017,12.881695487136229,0.18695260702300073,2.9965704995032065,14.524970227670753,2.7154810509945158,0.3989492119089317,4.001548287207277,0.027466439218506257,0.5370882452821035,1.9212357183889703,0.11080386164071217,14.33542131190044,0.6264836058169994,0.008658008658008665,0.14615496132297706,0.4864963240451407,0.44159350560138905,-0.02611699289505462,-0.024265208475734792,-0.08763927803479507,0.09329393046487244,0.09334338545223836,0.25689804608582706,Semiconductors,Technology,32.935,137371887108,43989216,INTC
2014,2014-12-27,2015-02-13,11704000000.0,55870000000.0,15347000000.0,2.31,35609000000.0,0.6373545731,91956000000.0,55865000000.0,27730000000.0,16019000000.0,36091000000.0,4273000000.0,33418000000.0,195182550000.0,11.398694144052234,1.7310693551407703,0.1491039192657358,0.24543094961066858,0.16338559954065926,11.398694144052234,0.20950505683343776,3.293942187220333,15.723902084757347,3.294236999910498,0.37670881749829116,4.741633512754505,0.02395771834928115,0.6075731871764757,1.1536924901679255,0.12727826351733437,18.00533705116916,0.6373545731161625,0.22222222222222232,2.0374417821690716,0.8034051473132204,0.518860141916801,0.12969131689984456,0.21663201663201664,0.2486372142217883,-0.03015222972576066,0.10959274416422633,0.30494949840209407,Semiconductors,Technology,32.935,137371887108,43989216,INTC
2013,2013-12-28,2014-02-14,9620000000.0,52708000000.0,12291000000.0,1.89,31521000000.0,0.5980306595,92358000000.0,58256000000.0,32084000000.0,13568000000.0,34102000000.0,4172000000.0,35477000000.0,135004000000.0,11.721529175050302,2.364681603773585,0.14558565581757943,0.2308088437242516,0.1307619821854018,11.721529175050302,0.16513320516341665,2.4139030128253776,13.225779625779627,2.184015380390003,0.4655925155925156,5.078379674017258,0.035203407947686116,0.5706923060265489,1.744472287735849,0.10415989952142748,12.686409412703162,0.5980306594824315,-0.11267605633802817,1.0713114666837003,0.5978669012960324,0.6981943235343292,-0.0491689541793611,-0.1258518855065879,-0.1603361114906408,-0.07879249451472362,0.35048163496717405,0.3117590267014067,Semiconductors,Technology,32.935,137371887108,43989216,INTC
2012,2012-12-29,2013-02-19,11005000000.0,53341000000.0,14638000000.0,2.13,33151000000.0,0.6214919105,84351000000.0,51203000000.0,31358000000.0,12898000000.0,33148000000.0,4734000000.0,32138000000.0,106039080000.0,10.248799039231384,2.431229648007443,0.15942905241194533,0.2626408608870574,0.1675320740043098,10.248799039231384,0.21492881276487705,1.8947728763990177,9.18392367105861,1.9738898111438785,0.3952748750567924,4.26489226869455,0.043039869364596965,0.6323695036217709,1.7053031477748488,0.1304667401690555,14.352326043737575,0.6214919105378602,-0.10878661087866118,0.8364772092903681,0.6198656008335651,0.39392486815793765,-0.017951832212578133,-0.14966774841600988,-0.16244206671625566,1.8017279926023673,0.6890327076475995,0.36563821842050653,Semiconductors,Technology,32.935,137371887108,43989216,INTC
2011,2011-12-31,2012-02-23,12942000000.0,53999000000.0,17477000000.0,2.39,33757000000.0,0.6251412063,71119000000.0,45911000000.0,25872000000.0,12028000000.0,25208000000.0,4096000000.0,29656000000.0,129724000000.0,8.734969558599696,2.1509810442301296,0.10308075197907732,0.15967850841846182,0.23892287864547251,8.734969558599696,0.2818932282023916,2.3603770440193337,9.848400556328233,2.776197425453595,0.31888425282027505,4.94189453125,0.03237929357121561,0.7592767052405124,1.5369970069837047,0.18197668696129024,12.497107559564663,0.6251412063186356,0.16585365853658554,1.8299206707005748,0.6832603088603644,0.3777921890292348,0.17150789519347562,0.10880740233036326,0.09835344394167923,1.634952344712619,0.5479282023626627,0.2655068719389602,Semiconductors,Technology,32.935,137371887108,43989216,INTC
2010,2010-12-25,2011-02-18,11672000000.0,43623000000.0,15912000000.0,2.05,28815000000.0,0.6605460422,63138000000.0,49638000000.0,31563000000.0,9070000000.0,13500000000.0,3824000000.0,33127000000.0,112383200000.0,8.935733573357336,3.479933847850055,0.0334980518863442,0.042608485434546116,0.21923625276757128,8.935733573357336,0.23514243120190176,2.6537881392843223,9.9182830705963,2.3322091945686774,0.30011994516792323,3.8723849372384938,0.030259263930231796,0.6909151382685546,2.167475192943771,0.1848648991098863,10.0797736177623,0.6605460422254316,1.662337662337662,0.48081079576101643,0.23499618390211774,0.5079760433066135,0.47308419814937885,1.6715495536736096,1.7862020661880582,0.7517782970957646,0.19143876196979542,0.21533666485773031,Semiconductors,Technology,32.935,137371887108,43989216,INTC
2009,2009-12-26,2010-02-22,4369000000.0,35127000000.0,5711000000.0,0.77,19561000000.0,0.5568650895,53095000000.0,41704000000.0,21157000000.0,7591000000.0,11391000000.0,2935000000.0,26318000000.0,111207809999.99998,7.504768760122368,2.787116321960216,0.0418306808550711,0.05325628237099559,0.09958706149156131,7.504768760122368,0.10476213312871667,3.2161531016027554,25.858047608148315,2.7089442259735277,0.7113756008239872,5.303577512776831,0.027510800954663742,0.6615877201243054,1.520879989461204,0.08228646765232131,16.97577911344853,0.5568650895322687,-0.1630434782608696,-0.3305242499643014,0.18260649231988962,0.2449913181985835,-0.06155248512761466,-0.17441421012849584,-0.18716196982635924,-0.09641321567256907,0.03567045266212814,0.18374903413227492,Semiconductors,Technology,32.935,137371887108,43989216,INTC
2008,2008-12-27,2009-02-23,5292000000.0,37586000000.0,7026000000.0,0.92,20844000000.0,0.5545681903,50715000000.0,39088000000.0,19871000000.0,7818000000.0,11627000000.0,3744000000.0,26537000000.0,79675340000.0,6.902348578491965,2.5416986441545153,0.053711919550428866,0.06968890708145722,0.11569821511747352,6.902348578491965,0.1353868194842407,2.136469430106955,15.174100529100528,2.0543732091690545,0.5857898715041572,4.471688034188034,0.03860458617502522,0.7411219560287883,1.3293681248401126,0.10434782608695652,14.016641647757025,0.5545681902836163,-0.22033898305084737,0.0812616178258727,0.4372605444035729,0.19039341467571355,0.04722668810289389,-0.24139908256880735,-0.14483933787731257,-0.3414153104444802,0.0437913597569143,0.16482616826797689,Semiconductors,Technology,32.935,137371887108,43989216,INTC
TTM,,,,,,,,,,,,,,,,179412887108.0,24.039960774699683,1.7637352608330596,0.27130159792340114,0.5126811409457571,-0.009416703251795494,24.039960774699683,-0.028598175168815607,2.4349809824872377,-46.907075768156425,1.3700105548700274,-3.1340782122905027,2.677287770337874,0.037042659784423865,0.3044527071876872,1.145584638411273,-0.01545576704100851,-4.29810979343575,0.38340187180941576,,,,,,,,,,,Semiconductors,Technology,32.935,137371887108,43989216,INTC
