Quarters,Year,Quarter,FillingDate,Date,NetIncome,Revenue,OperatingIncome,EPSDiluted,GrossProfit,GrossProfitRatio,TotalAssets,CommonStockEquity,CurrentAssets,CurrentLiability,TotalLiability,Inventory,RetainedEarnings,MarketCap,EnterpriseValue,bookValuePerShare,currentRatio,debtToAssets,debtToEquity,roic,shareholdersEquityPerShare,roe,priceToSalesRatio,peRatio,pbRatio,payoutRatio,inventoryTurnover,dividendYield,assetTurnover,quickRatio,returnOnAssets,priceToFreeCashFlowsRatio,grossProfitMargin,epsdilutedGrowth,fiveYNetIncomeGrowthPerShare,fiveYRevenueGrowthPerShare,fiveYShareholdersEquityGrowthPerShare,grossProfitGrowth,netIncomeGrowth,operatingIncomeGrowth,threeYNetIncomeGrowthPerShare,threeYRevenueGrowthPerShare,threeYShareholdersEquityGrowthPerShare,Industry,Sector,Symbol
2023Q1,2023,Q1,2023-05-05,2023-03-31,4606000000.0,20405000000.0,21073000000.0,2.19,9574000000.0,0.4691987258,2455113000000.0,208295000000.0,624937000000.0,116895000000.0,2246094000000.0,0.0,198353000000.0,91130715000.0,82042715000.0,107.17519938255724,5.3461396980195905,0.13028768940574223,1.5356633620586189,0.03001901142278373,107.17519938255724,0.022112868767853285,4.4660972800784124,4.946304548415111,0.43750793345975664,0.2750759878419453,0.0,0.013903106104237194,0.008311226407908719,5.3461396980195905,0.0018760847260390866,-2.8372836950091846,0.4691987258024994,0.8879310344827587,0.314040430027052,0.3972617123685939,0.359681008039812,1.413599447036461,0.8328690807799443,0.35161311012763774,0.9714196878633448,0.03779028328648433,0.1690411362945486,Banks—Diversified,Financial Services,C
2022Q4,2022,Q4,2023-02-27,2022-12-31,2513000000.0,18001000000.0,15591000000.0,1.16,-23148000000.0,-1.2859285595,2416676000000.0,201189000000.0,635317000000.0,116314000000.0,2214838000000.0,0.0,194734000000.0,87605987000.0,64282987000.0,103.87165057566214,5.46208538954898,0.13187618034026902,1.5840925696732924,0.023945859374020016,103.87165057566214,0.012490742535625704,4.866728903949781,8.715279247910862,0.43544123684694486,0.4878631118185436,0.0,0.013994477340915069,0.007448660887930364,5.553037467544749,0.0010398580529620022,3.212069626750752,-1.285928559524471,-0.2883435582822086,1.1789748904731994,0.3787161105463908,0.3485617999914849,-3.788579689194073,-0.2776659959758551,0.3309714871094417,-0.439906661102761,0.07524571064317909,0.15534783197921884,Banks—Diversified,Financial Services,C
2022Q3,2022,Q3,2022-11-04,2022-09-30,3479000000.0,18498000000.0,11714000000.0,1.63,8301000000.0,0.4487512163,2381064000000.0,198560000000.0,604373000000.0,135209000000.0,2181947000000.0,0.0,193462000000.0,80706456000.0,81535456000.0,102.51961999173895,4.469916943398738,0.1261772048126384,1.5130741337630942,0.018779041953019087,102.51961999173895,0.01752115229653505,4.362982808952319,5.799544121874102,0.40645878323932316,0.36303535498706524,0.0,0.015649305676363735,0.00776879579885295,4.522228549874638,0.001461111503092735,-38.37682168330956,0.44875121634771326,-0.25570776255707767,0.1663315674916023,0.38738451400736135,0.20861405681853606,-0.14484392706294427,-0.23488014075214428,0.24683342203299627,-0.18804429623991112,0.12971657781363785,0.15940364549940086,Banks—Diversified,Financial Services,C
2022Q2,2022,Q2,2022-08-04,2022-06-30,4547000000.0,19618000000.0,9395000000.0,2.19,9707000000.0,0.4948006932,2380904000000.0,199014000000.0,596377000000.0,136528000000.0,2181278000000.0,0.0,191261000000.0,89289585000.0,102738585000.0,102.50527942312645,4.368166236962382,0.12494371885636717,1.4947641874440993,0.015176842265807457,102.50527942312645,0.022847638859577718,4.55141120399633,4.909258027270728,0.4486598179022581,0.27006817681988127,0.0,0.013753003779780138,0.008239727431261404,4.416786300246104,0.0019097788067053523,9.878259210089611,0.4948006932409012,0.0045871559633026545,0.6567618997196938,0.5080583950828165,0.2206479067724218,-0.494110902647488,0.05132947976878613,0.24817324299189583,0.11566043809989815,0.2191919987822409,0.18736576132433472,Banks—Diversified,Financial Services,C
2022Q1,2022,Q1,2022-05-09,2022-03-31,4325000000.0,19188000000.0,7527000000.0,2.18,19188000000.0,1.0,2394105000000.0,197709000000.0,620846000000.0,121468000000.0,2195752000000.0,0.0,187962000000.0,105288780000.0,117299780000.0,100.27336815945631,5.111189778377844,0.1186656391428112,1.4369502652888841,0.012830809813989033,100.27336815945631,0.02187558482416076,5.487220137585991,6.086056647398844,0.5325441937392834,0.29734104046242776,0.0,0.0122140269836919,0.008014686072665986,5.15427108374222,0.0018065205995559928,-7.12710891491234,1.0,0.37106918238993714,0.48307877989443027,0.46057421881908517,0.21546273636028493,0.11331592689295039,0.36049072035231206,0.4931561198174965,0.08996978153827828,0.21349454523637443,0.19580840368705316,Banks—Diversified,Financial Services,C
2021Q4,2021,Q4,2022-02-28,2021-12-31,3179000000.0,17235000000.0,5041000000.0,1.59,17235000000.0,1.0,2290713000000.0,201972000000.0,596124000000.0,89403000000.0,2088741000000.0,0.0,184948000000.0,119831877000.0,140145877000.0,101.78501234692335,6.667829938592664,0.12325725658343058,1.397951201156596,0.008376809185890427,101.78501234692335,0.0157398055175965,6.952821409921671,9.42370847750865,0.5933093547620462,0.38974520289399184,0.0,0.01033948587820251,0.007523858292156197,6.771025580797065,0.0013877775173057473,158.5077738095238,1.0,-0.2604651162790697,0.26166310942522086,0.4111538612928743,0.2722222269979253,-0.034129119031607265,-0.31546080964685613,0.0,-0.10810447451866496,0.2055024572955503,0.24552029938944883,Banks—Diversified,Financial Services,C
2021Q3,2021,Q3,2021-11-08,2021-09-30,4644000000.0,17844000000.0,0.0,2.15,17844000000.0,1.0,2361141000000.0,200875000000.0,670655000000.0,0.0,2160266000000.0,0.0,183024000000.0,141012674000.0,105161674000.0,99.97262728313343,0.0,0.12195671499499607,1.4335133789670194,0.0,99.97262728313343,0.023118855009334163,7.90252600313831,7.59112155469423,0.7019921543248289,0.27906976744186046,0.0,0.009190663244922225,0.007557363156202869,0.0,0.001966845690282791,4.077632120756463,1.0,-0.24295774647887322,0.7333793174239784,0.41332568146976,0.24327396874747273,0.02140812821980538,-0.25012110447279184,0.0,0.24003556547299534,0.17766692899408137,0.2584116116257248,Banks—Diversified,Financial Services,C
2021Q2,2021,Q2,2021-08-04,2021-06-30,6193000000.0,17470000000.0,0.0,2.84,17470000000.0,1.0,2327117000000.0,202159000000.0,656236000000.0,0.0,2124958000000.0,0.0,179686000000.0,145497375000.0,142296375000.0,98.30245562849501,0.0,0.12721191070324353,1.4643770497479707,0.0,98.30245562849501,0.030634302702328364,8.328412993703491,5.873460963991604,0.7197175243249126,0.21104472791861778,0.0,0.008982979933486773,0.007507142958433117,0.0,0.002661232761395323,-252.599609375,1.0,-0.21546961325966857,1.196277983387512,0.39038827280327104,0.2360721560475996,-0.11220652505335908,-0.22022160664819945,0.0,0.6974657138509706,0.14434934517798512,0.24338403425469038,Banks—Diversified,Financial Services,C
2021Q1,2021,Q1,2021-05-06,2021-03-31,7942000000.0,19678000000.0,0.0,3.62,19678000000.0,1.0,2313542000000.0,202549000000.0,683038000000.0,0.0,2110993000000.0,0.0,174816000000.0,151465500000.0,115205500000.0,97.28578290105668,0.0,0.12466685281702256,1.423961609289604,0.0,97.28578290105668,0.03921026517040321,7.697199918690924,4.767863888189373,0.74779682940918,0.17073784940820952,0.0,0.008952533745308338,0.008505572840259653,0.0,0.0034328315630319226,6.771526287553648,1.0,0.7403846153846154,2.2066186112325252,0.5635599768674886,0.25839285465937273,0.16811112430250505,0.9959788891681327,0.0,1.1150395681807783,0.2578415472685561,0.2342186636918842,Banks—Diversified,Financial Services,C
2020Q4,2020,Q4,2021-02-26,2020-12-31,3979000000.0,16846000000.0,0.0,2.08,16846000000.0,1.0,2259332000000.0,199442000000.0,684322000000.0,0.0,2059890000000.0,0.0,168272000000.0,128369954000.0,119954954000.0,95.79806907152121,0.0,0.1333137405215347,1.5102134956528714,0.0,95.79806907152121,0.019950662347950784,7.620203846610472,8.065465820557929,0.6436455410595561,0.33375219904498615,0.0,0.010345099913333303,0.007456186164760204,0.0,0.0017611400183771132,263.59333470225874,1.0,0.4857142857142859,0.70108504996265,0.28269350856780656,0.28171483624585386,-0.047872039789747356,0.23188854489164087,0.0,1.2636458198065867,0.2003899447847442,0.24374278974892188,Banks—Diversified,Financial Services,C
2020Q3,2020,Q3,2020-11-04,2020-09-30,3230000000.0,17693000000.0,0.0,1.4,17693000000.0,1.0,2233740000000.0,193876000000.0,713766000000.0,0.0,2039864000000.0,0.0,165303000000.0,89746398000.0,76744398000.0,93.12902296089922,0.0,0.139090941649431,1.6025346097505622,0.0,93.12902296089922,0.016660133281066247,5.072424009495281,6.946315634674923,0.462906177144154,0.41640866873065013,0.0,0.014986673894143362,0.007920796511679963,0.0,0.0014460053542489277,-22.280635054617676,1.0,1.7999999999999998,0.08231891718214655,0.3420417262513525,0.26223965998722937,-0.1155711072231942,1.4544072948328268,0.0,0.007432358190464887,0.23458022753333668,0.09790736892498109,Banks—Diversified,Financial Services,C
2020Q2,2020,Q2,2020-08-05,2020-06-30,1316000000.0,20005000000.0,0.0,0.5,20005000000.0,1.0,2232035000000.0,191622000000.0,698316000000.0,0.0,2040413000000.0,0.0,163431000000.0,106374870000.0,116532870000.0,92.05072777057212,0.0,0.1433360139961963,1.6695943054555322,0.0,92.05072777057212,0.0068676874262871695,5.317414146463384,20.207992021276596,0.555128690860131,0.9984802431610942,0.0,0.012352541535420912,0.00896267307636305,0.0,0.0005895964893023631,19.45763124199744,1.0,-0.5238095238095238,-0.6060316983934306,0.4687990915015535,0.2668301032953328,-0.05743497926875236,-0.4781919111816019,0.0,-0.5527912561133879,0.434238039310009,0.09615357181960675,Banks—Diversified,Financial Services,C
2020Q1,2020,Q1,2020-05-04,2020-03-31,2522000000.0,21224000000.0,0.0,1.05,21224000000.0,1.0,2219119000000.0,192331000000.0,654765000000.0,0.0,2026788000000.0,0.0,163438000000.0,88363548000.0,123492548000.0,91.67786834453501,0.0,0.14467408011918242,1.6692524865986242,0.0,91.67786834453501,0.013112810727339847,4.163378627968338,8.759273195876288,0.45943476610634787,0.5412371134020618,0.0,0.015447546311743844,0.009564155865458319,0.0,0.0011364870473372542,-3.3995132535682684,1.0,-0.5116279069767441,-0.2353087439041317,0.532365432525177,0.29610002856671386,0.14242652599849284,-0.4934725848563969,0.0,-0.18720832836562257,0.5183685902093861,0.11127246214096514,Banks—Diversified,Financial Services,C
2019Q4,2019,Q4,2020-02-21,2019-12-31,4979000000.0,18578000000.0,0.0,2.15,18578000000.0,1.0,1950454000000.0,193242000000.0,506705000000.0,0.0,1757212000000.0,0.0,165369000000.0,171715566000.0,271605566000.0,89.90508979250023,0.0,0.1506362108514223,1.5204199915132321,0.0,89.90508979250023,0.025765620310284513,9.24295220152869,8.621990660775255,0.8886037507374173,0.28098011648925486,0.0,0.00814719383098909,0.009524961880669834,0.0,0.0025527390033294813,7.970088930146206,1.0,0.03864734299516912,19.02480745457204,0.3873366868898581,0.29203282926362834,-0.010492676431424767,0.013433747201302667,0.0,0.8242530911782644,0.40427487977273696,0.12373374936983464,Banks—Diversified,Financial Services,C
2019Q3,2019,Q3,2019-11-01,2019-09-30,4913000000.0,18775000000.0,0.0,2.07,18775000000.0,1.0,2014105000000.0,196373000000.0,541656000000.0,0.0,1817732000000.0,0.0,161797000000.0,153412864000.0,210437864000.0,88.4244416426513,0.0,0.1377624304591866,1.412964104026521,0.0,88.4244416426513,0.025018714385378844,8.171124580559255,7.8064758803175245,0.7812319616240521,0.28455119071850193,0.0,0.009112664763236543,0.009321758299592127,0.0,0.0024392968589025893,110.60768853640951,1.0,0.06153846153846148,1.360711304336572,0.3064619326681259,0.2619744759384757,-0.009077954293555708,0.023754948947697436,0.0,0.6591417765182218,0.3454430422672103,0.09965907151752781,Banks—Diversified,Financial Services,C
2019Q2,2019,Q2,2019-08-01,2019-06-30,4799000000.0,18947000000.0,0.0,1.95,18947000000.0,1.0,1987475000000.0,197359000000.0,517694000000.0,0.0,1790116000000.0,0.0,158321000000.0,161718714000.0,253106714000.0,86.32999431345961,0.0,0.14824387728147523,1.4928683262481062,0.0,86.32999431345961,0.02431609402155463,8.535320314561671,8.424604813502812,0.8194139309583043,0.2771410710564701,0.0,0.008224156420140715,0.009533201675492773,0.0,0.0024146215675668876,-54.43241804106361,1.0,0.04278074866310152,34.18551389480649,0.29996242549331925,0.23914391777222857,0.009483723160530663,0.01889596602972399,0.0,0.530983351787,0.3564916863304857,0.08552834738833207,Banks—Diversified,Financial Services,C
2019Q1,2019,Q1,2019-04-30,2019-03-31,4710000000.0,18769000000.0,0.0,1.87,18769000000.0,1.0,1957650000000.0,196252000000.0,513932000000.0,0.0,1761398000000.0,0.0,154859000000.0,150628144000.0,227623144000.0,83.85404204409502,0.0,0.1445038694352923,1.4414528259584616,0.0,83.85404204409502,0.02399975541650531,8.025368639778359,7.995124416135881,0.7675241220471639,0.2802547770700637,0.0,0.008763302560509542,0.009587515643756544,0.0,0.0024059459045283884,-3.949969685844653,1.0,0.14024390243902451,0.5502653107586386,0.2104273407454538,0.22179710117303986,0.08491329479768786,0.09204729886389984,0.0,0.6917218905299952,0.32667748526289314,0.08465311370228662,Banks—Diversified,Financial Services,C
2018Q4,2018,Q4,2019-02-22,2018-12-31,4313000000.0,17300000000.0,0.0,1.64,17300000000.0,1.0,1916529000000.0,196220000000.0,503885000000.0,0.0,1720309000000.0,0.0,151347000000.0,125001266000.0,201241266000.0,81.72087793094832,0.0,0.13792903733781225,1.34718683110794,0.0,81.72087793094832,0.02198043012944654,7.225506705202312,7.245610132158591,0.6370465090204872,0.32552747507535357,0.0,0.011231886243456127,0.009026735311597164,0.0,0.0022504225086080096,21.57426061442872,1.0,-0.05202312138728328,1.2146072572329427,0.15359739589180116,0.21098184083758625,-0.0748663101604278,-0.06685417568152315,0.0,0.5987522335621159,0.1421465206284236,0.09337132460293739,Banks—Diversified,Financial Services,C
2018Q3,2018,Q3,2018-10-30,2018-09-30,4622000000.0,18700000000.0,0.0,1.73,18700000000.0,1.0,1924306000000.0,197004000000.0,518521000000.0,0.0,1727302000000.0,0.0,148436000000.0,178372014000.00003,248126014000.00003,79.44350350834745,0.0,0.13981144371009602,1.3656575501005055,0.0,79.44350350834745,0.023461452559338895,9.538610374331553,9.647988641280833,0.9054233112018031,0.29943747295543055,0.0,0.007759064715163219,0.00971778916658785,0.0,0.002401904894543799,8.594170754035174,1.0,0.0613496932515338,0.7525597656458045,0.27972293536698223,0.20020026635023194,-0.00468384074941452,0.029398663697104678,0.0,0.30018459664459374,0.1907716778240477,0.07675070207353657,Banks—Diversified,Financial Services,C
2018Q2,2018,Q2,2018-07-31,2018-06-30,4490000000.0,18788000000.0,0.0,1.63,18788000000.0,1.0,1911460000000.0,200094000000.0,520648000000.0,0.0,1711366000000.0,0.0,145211000000.0,169367828000.0,242520828000.0,79.06041329171441,0.0,0.14337469787492282,1.3696312733015483,0.0,79.06041329171441,0.02243945345687527,9.014681073025335,9.43027995545657,0.846441312583086,0.2532293986636971,0.0,0.00671319939227183,0.00982913584380526,0.0,0.0023489897774476055,263.8128161993769,1.0,-0.029761904761904788,0.2899144290580856,0.10222534670939823,0.22698875440786825,-0.023898586866167915,-0.02813852813852814,0.0,0.10559200212733388,0.13461245704844288,0.08805344577550828,Banks—Diversified,Financial Services,C
2018Q1,2018,Q1,2018-05-01,2018-03-31,4620000000.0,19248000000.0,0.0,1.68,19248000000.0,1.0,1921153000000.0,201915000000.0,528179000000.0,0.0,1719238000000.0,0.0,141863000000.0,172908000000.0,244236000000.0,78.82378201124297,0.0,0.14263934210341395,1.3571651437486072,0.0,78.82378201124297,0.022880915236609463,8.983167082294264,9.356493506493505,0.8563405393358592,0.237012987012987,0.0,0.006332847525851898,0.010018983391744438,0.0,0.0024048058639785587,28.88057457825288,1.0,1.234965034965035,0.43986438852555393,0.11480526588797178,0.2393122621257855,0.09562841530054644,1.244535012967766,0.0,0.1472458251328769,0.13813607160460817,0.11437479907983138,Banks—Diversified,Financial Services,C
2017Q4,2017,Q4,2018-02-23,2017-12-31,-18893000000.0,17568000000.0,0.0,-7.15,17568000000.0,1.0,1841533000000.0,200740000000.0,502057000000.0,0.0,1640793000000.0,0.0,138425000000.0,193927342000.0,294572342000.0,77.02401964546083,0.0,0.15267768755705166,1.4006226960247086,0.0,77.02401964546083,-0.09411676795855335,11.038669285063753,-2.5661268988514263,0.9660622795656072,-0.06129254221140105,0.0,0.0059713085739090885,0.009539877916931165,0.0,-0.010259387151900074,-31.57911447646963,1.0,-6.035211267605634,-18.836432462697008,0.020595575364958804,0.1989409233092879,-0.04904189671971419,-5.571255746431164,0.0,-63.66667485227535,0.08196880444449242,0.1069179982297695,Banks—Diversified,Financial Services,C
2017Q3,2017,Q3,2017-10-31,2017-09-30,4133000000.0,18474000000.0,0.0,1.42,18474000000.0,1.0,1888145000000.0,227634000000.0,511687000000.0,0.0,1660511000000.0,0.0,155174000000.0,195205064000.0,279918064000.0,84.824116857952,0.0,0.1434328401685252,1.1897256121668995,0.0,84.824116857952,0.01815633868402787,10.566475262531124,11.807710137914347,0.8575391373872092,0.2746189208807162,0.0,0.00581439833958406,0.009784206191791415,0.0,0.0021889208720728545,11.25036389833439,1.0,0.10937499999999992,8.631519657864866,0.44421171564436523,0.32919591395007913,0.006592927586770555,0.06740702479338843,0.0,0.6434374768826615,0.06382310651176501,0.21059142054140725,Banks—Diversified,Financial Services,C
2017Q2,2017,Q2,2017-08-01,2017-06-30,3872000000.0,18353000000.0,0.0,1.28,18353000000.0,1.0,1862975000000.0,230019000000.0,513468000000.0,0.0,1632956000000.0,0.0,152178000000.0,183191008000.0,258807008000.0,83.97612354422985,0.0,0.1404731679169071,1.13772340545781,0.0,83.97612354422985,0.016833392024137136,9.981529341252111,11.827931818181819,0.7964168525208787,0.1962809917355372,0.0,0.00414867524502076,0.00985144728190126,0.0,0.002078396113742804,-9.459413818031601,1.0,-0.05185185185185189,0.40429414937334884,0.051889309448331235,0.3363231300169271,-0.003907734056987788,-0.05330073349633252,0.0,22.69386080962594,0.05095651007066828,0.20535746070005267,Banks—Diversified,Financial Services,C
2017Q1,2017,Q1,2017-05-01,2017-03-31,4090000000.0,18425000000.0,0.0,1.35,18425000000.0,1.0,1820614000000.0,228132000000.0,500947000000.0,0.0,1592482000000.0,0.0,149731000000.0,165420246000.0,220032246000.0,82.49810147181138,0.0,0.12888893527128759,1.0286018620798485,0.0,82.49810147181138,0.017928216997177074,8.978032347354139,10.111261980440098,0.7251075956025459,0.18190709046454767,0.0,0.00449763567634883,0.010120212192150561,0.0,0.0022464948638206673,-43.62348259493671,1.0,0.18421052631578966,0.4766216847100718,0.004692642371277638,0.3277194177033025,0.06386050002887003,0.1446963336132102,0.0,0.1393476631189107,0.005664043958808261,0.2020403402561613,Banks—Diversified,Financial Services,C
2016Q4,2016,Q4,2017-02-24,2016-12-31,3573000000.0,17319000000.0,0.0,1.14,17319000000.0,1.0,1791054000000.0,225120000000.0,482416000000.0,0.0,1565934000000.0,0.0,146477000000.0,167224134000.0,243609134000.0,80.00568626057289,0.0,0.13225676054434987,1.0522343638948117,0.0,80.00568626057289,0.015871535181236674,9.655530573358739,11.700541141897565,0.7428222014925373,0.21550517772180242,0.0,0.004604598520450404,0.009669725200915216,0.0,0.00199491472618916,6.706670971364402,1.0,-0.08064516129032265,2.872132891954209,-0.02873664619263517,0.31172500695601985,-0.04293766578249337,-0.06953125,0.0,0.5655512859723701,-0.014519583142257915,0.18556525184626882,Banks—Diversified,Financial Services,C
2016Q3,2016,Q3,2016-10-31,2016-09-30,3840000000.0,18096000000.0,0.0,1.24,18096000000.0,1.0,1817002000000.0,231575000000.0,493694000000.0,0.0,1585427000000.0,0.0,143678000000.0,136017676999.99998,218605677000.0,80.41077815201916,0.0,0.13130310258326627,1.0302407427399332,0.0,80.41077815201916,0.01658210083126417,7.516449878426171,8.855317513020832,0.5873590715750837,0.17942708333333332,0.0,0.005065518064979157,0.009959262565478738,0.0,0.0021133713666798386,20.75971871184371,1.0,0.0,0.029223397137424847,-0.12197389747361422,0.3195977552539149,0.015773224810552905,-0.03951975987993997,0.0,0.2537569925822817,0.06634118308078833,0.21481345979841157,Banks—Diversified,Financial Services,C
2016Q2,2016,Q2,2016-08-01,2016-06-30,3998000000.0,17815000000.0,0.0,1.24,17815000000.0,1.0,1817638000000.0,231888000000.0,493031000000.0,0.0,1585750000000.0,0.0,140527000000.0,123600762000.0,199323762000.0,79.52808834625145,0.0,0.12425796555749825,0.9739874422134823,0.0,79.52808834625145,0.017241081901607672,6.93801639068201,7.728912081040521,0.5330192247981785,0.11730865432716359,0.0,0.003794474988754519,0.009801181533396638,0.0,0.00219955788776423,6.10434423152904,1.0,0.12727272727272718,0.1936928218947848,-0.13824995982512958,0.311579447982054,0.001405283867341203,0.1419594401599543,0.0,-0.0030471854247881716,-0.09282113606840968,0.23424690053615535,Banks—Diversified,Financial Services,C
2016Q1,2016,Q1,2016-05-02,2016-03-31,3501000000.0,17790000000.0,0.0,1.1,17790000000.0,1.0,1799728000000.0,227522000000.0,494166000000.0,0.0,1572206000000.0,0.0,136998000000.0,122870250000.0,193309250000.0,77.30954808019028,0.0,0.12709031586995367,1.0053005863169275,0.0,77.30954808019028,0.015387522964812194,6.906703204047218,8.773939588688945,0.540036787651304,0.10254213081976578,0.0,0.0029217813099590827,0.009884827040530569,0.0,0.001945293955531058,-220.19758064516128,1.0,0.07843137254901968,0.15205797447263272,-0.10998851957857297,0.3127801935645541,-0.04993324432576769,0.04977511244377811,0.0,-0.0502861350962403,-0.10316943302872682,0.2155046163798245,Banks—Diversified,Financial Services,C
2015Q4,2015,Q4,2016-02-26,2015-12-31,3335000000.0,18725000000.0,0.0,1.02,18725000000.0,1.0,1729975000000.0,221857000000.0,451663000000.0,0.0,1508118000000.0,0.0,133841000000.0,153609525000.0,242866525000.0,74.74210827746522,0.0,0.1285301810719808,1.0022401817386875,0.0,74.74210827746522,0.015032205429623587,8.203445927903871,11.514956896551723,0.6923807903289055,0.12443778110944528,0.0,0.0027016553823729353,0.010823855836066995,0.0,0.0019277735227387679,-65.28241606459838,1.0,-0.25000000000000006,1.4833639115145067,0.004392063035671117,0.3228925199923371,-0.012186115214180207,-0.22279189000233046,0.0,1.764412549011478,-0.044890569589146334,0.16342113435192412,Banks—Diversified,Financial Services,C
2015Q3,2015,Q3,2015-10-30,2015-09-30,4291000000.0,18956000000.0,0.0,1.36,18956000000.0,1.0,1807067000000.0,220848000000.0,486582000000.0,0.0,1586219000000.0,0.0,130921000000.0,148497613000.0,224948613000.0,73.78077706878696,0.0,0.13066034629595913,1.069115409693545,0.0,73.78077706878696,0.01942965297399116,7.833805285925301,8.651690340247029,0.6723973637977251,0.0755068748543463,0.0,0.002181853253088991,0.010489926494147699,0.0,0.0023745660786235376,6.744679702048417,1.0,-0.0993377483443708,0.9094512877653081,-0.1274180785093835,0.30781729500033483,-0.04063970848727162,-0.11452744531572431,0.0,7.96510668698555,0.32856914478126426,0.15614651870907917,Banks—Diversified,Financial Services,C
2015Q2,2015,Q2,2015-08-03,2015-06-30,4846000000.0,19759000000.0,0.0,1.51,19759000000.0,1.0,1827985000000.0,219440000000.0,483485000000.0,0.0,1608545000000.0,0.0,126954000000.0,166824800000.0,250478800000.0,72.66225165562913,0.0,0.13006233639772755,1.0834487787094422,0.0,72.66225165562913,0.022083485235144,8.442977883496129,8.606314486174165,0.7602296755377325,0.07325629385059843,0.0,0.0021279809716540947,0.010809169659488454,0.0,0.0026510064360484357,10.747635613967272,1.0,0.0,0.6923522800659061,-0.15679871837456538,0.3351077379224396,-0.013628194888178914,0.015932914046121592,0.0,0.594068913736439,0.027138203913260123,0.15628399440688281,Banks—Diversified,Financial Services,C
2015Q1,2015,Q1,2015-05-11,2015-03-31,4770000000.0,20032000000.0,0.0,1.51,20032000000.0,1.0,1830398000000.0,214620000000.0,476680000000.0,0.0,1615778000000.0,0.0,122463000000.0,156321984000.0,250472984000.0,70.73363654340518,0.0,0.13654243503325506,1.1645093653899916,0.0,70.73363654340518,0.02222532848755941,7.803613418530351,8.19297610062893,0.7283663405088063,0.03333333333333333,0.0,0.0010171314100005282,0.010944067902172096,0.0,0.0026059906096925368,115.53731263858093,1.0,24.166666666666668,0.016108212361464067,-0.2567055749234049,0.33694418039785595,0.06270557029177719,12.628571428571428,0.0,0.569503767591929,-0.004484362142542871,0.13838283606485666,Banks—Diversified,Financial Services,C
2014Q4,2014,Q4,2015-02-25,2014-12-31,350000000.0,18850000000.0,0.0,0.06,18850000000.0,1.0,1841019000000.0,210534000000.0,477674000000.0,0.0,1630485000000.0,0.0,118201000000.0,163715216000.0,284933216000.0,69.58421470121628,0.0,0.15285828120187786,1.3366724614551568,0.0,69.58421470121628,0.0016624393209647848,8.685157347480105,116.93943999999999,0.7776188929104089,0.5428571428571428,0.0,0.0011605518695342282,0.01023889487289376,0.0,0.00019011210639325286,6.2062707456689035,1.0,-0.9439252336448598,1.0356919977540993,1.6954443879694996,0.06560910953446095,-0.038461538461538464,-0.8767171539274392,0.0,-0.6472500215732305,-0.016878352396814095,0.1408608410120339,Banks—Diversified,Financial Services,C
2014Q3,2014,Q3,2014-10-30,2014-09-30,2839000000.0,19604000000.0,0.0,1.07,19604000000.0,1.0,1881230000000.0,212272000000.0,519831000000.0,0.0,1668958000000.0,0.0,118041000000.0,156988690000.0,266624690000.0,70.06832810694834,0.0,0.15345279418252952,1.3599532675058417,0.0,70.06832810694834,0.013374349890706263,8.00799275658029,13.824294646002112,0.7395638143513982,0.05600563578724903,0.0,0.0010128118146600243,0.010420841683366733,0.0,0.0015091190338236153,26.077855481727575,1.0,34.66666666666667,10.23085294929889,-0.6158541107262969,-0.39781594701514117,0.013545651949126254,14.685082872928177,0.0,-0.2766470290442401,-0.09577609493715686,0.14987083335422302,Banks—Diversified,Financial Services,C
2014Q2,2014,Q2,2014-08-01,2014-06-30,181000000.0,19342000000.0,0.0,0.03,19342000000.0,1.0,1907978000000.0,211362000000.0,526360000000.0,0.0,1696616000000.0,0.0,115361000000.0,142891980000.0,240324980000.0,69.66906190256444,0.0,0.15016839816811306,1.3555795270673063,0.0,69.66906190256444,0.0008563507158334989,7.38765277634164,197.36461325966852,0.6760533113804753,0.7182320441988951,0.0,0.0009097781415024133,0.01013743345049052,0.0,9.486482548540916e-05,212.32092124814264,1.0,-0.975609756097561,-0.9924678319676677,-0.8850754428795223,-0.7528816389738588,-0.038859073742794674,-0.9540958660918083,0.0,-0.9480603340644029,-0.10077649763717628,0.14898410928420158,Banks—Diversified,Financial Services,C
2014Q1,2014,Q1,2014-05-02,2014-03-31,3943000000.0,20124000000.0,0.0,1.23,20124000000.0,1.0,1892956000000.0,208462000000.0,530673000000.0,0.0,1684494000000.0,0.0,115091000000.0,144580240000.0,221830240000.0,68.63172450121814,0.0,0.14878845572744429,1.3510855695522446,0.0,68.63172450121814,0.01891471826999645,7.18446829656132,9.166893228506213,0.6935568113133329,0.039056555921886886,0.0,0.0010651524717347268,0.010630991951212813,0.0,0.002082985552754528,16.107424242424244,1.0,0.5569620253164556,-0.5611716061548825,-0.8560740780189009,-0.7432282598697599,0.06408629441624365,0.6054560260586319,0.0,0.2571794524778822,-0.024511300303724393,0.1654235577980958,Banks—Diversified,Financial Services,C
2013Q4,2013,Q4,2014-03-03,2013-12-31,2456000000.0,18912000000.0,0.0,0.79,18912000000.0,1.0,1878588000000.0,204339000000.0,514018000000.0,0.0,1674249000000.0,0.0,111168000000.0,157789080000.0,238959080000.0,67.48315719947159,0.0,0.1490800537424917,1.3705655797473806,0.0,67.48315719947159,0.012019242533241329,8.34333121827411,16.061592019543973,0.7721926798114898,0.04071661237785016,0.0,0.0006337574184474617,0.010067135529450842,0.0,0.0013073648932070258,-52.07560396039604,1.0,-0.20999999999999996,1.0253012471370149,-0.3988716572047839,-0.7434182012856355,0.05771812080536913,-0.2389215990083669,0.0,0.7927709698025963,-0.005577765494027347,0.19441324230833662,Banks—Diversified,Financial Services,C
2013Q3,2013,Q3,2013-11-01,2013-09-30,3227000000.0,17880000000.0,0.0,1.0,17880000000.0,1.0,1897618000000.0,200846000000.0,513096000000.0,0.0,1696772000000.0,0.0,108812000000.0,147193893000.0,222221893000.0,66.19187291961902,0.0,0.1478153137248909,1.396577477271143,0.0,66.19187291961902,0.016067036435876245,8.232320637583893,11.40330748373102,0.7328694273224262,0.04338394793926247,0.0,0.0009511264166374078,0.009422338953361531,0.0,0.0017005530090882359,11.005150878504672,1.0,-0.25373134328358216,1.201813248396413,-0.8112875405110445,-0.7195159946994171,-0.12691049367644905,-0.22835963653754185,0.0,0.416578881394555,-0.18806969073008847,0.17329851530344306,Banks—Diversified,Financial Services,C
2013Q2,2013,Q2,2013-08-02,2013-06-30,4182000000.0,20479000000.0,0.0,1.34,20479000000.0,1.0,1882088000000.0,195926000000.0,502838000000.0,0.0,1686162000000.0,0.0,105725000000.0,146713775000.0,237306775000.0,64.43450521261552,0.0,0.14864660951028857,1.4279166624133601,0.0,64.43450521261552,0.021344793442422138,7.164108354900142,8.77055087278814,0.7488223870236722,0.009564801530368245,0.0,0.00027263970271366816,0.010881000250785299,0.0,0.0022220002465347,7.605690772420943,1.0,0.08943089430894317,1.2914620875255955,-0.8090797775106824,-0.7502356930748995,-0.0005856229564198917,0.09821428571428571,0.0,0.4505234637844097,-0.13202261153982864,0.1839298196576358,Banks—Diversified,Financial Services,C
2013Q1,2013,Q1,2013-05-03,2013-03-31,3808000000.0,20491000000.0,0.0,1.23,20491000000.0,1.0,1879754000000.0,193359000000.0,484068000000.0,0.0,1686395000000.0,0.0,101580000000.0,133125979000.0,241267979000.0,63.60284201177593,0.0,0.15029573018597114,1.4611111973065645,0.0,63.60284201177593,0.01969393718420141,6.496802449856034,8.739888327205882,0.688491246851711,0.008928571428571428,0.0,0.0002553971828443793,0.010900894478745623,0.0,0.0020257969925852,5.481819188799671,1.0,2.0263588474247656,1.1246365410430466,-0.740690230110985,-0.7477295772583723,0.054280716196748305,2.1839464882943145,0.0,-0.19039187731516585,-0.2411498017741743,0.20216425508149755,Banks—Diversified,Financial Services,C
2012Q4,2012,Q4,2013-03-01,2012-12-31,1196000000.0,19436000000.0,0.0,0.406429,19436000000.0,1.0,1862712000000.0,189049000000.0,452568000000.0,0.0,1673663000000.0,0.0,97809000000.0,116413212000.0,269316212000.0,64.24338192816121,0.0,0.1564868857880338,1.5418753868044792,0.0,64.24338192816121,0.006326402149707219,5.989566371681416,24.333865384615386,0.6157832731196674,0.03260869565217391,0.0,0.0003350135206302872,0.010434248558016484,0.0,0.0006420745665459824,23.3855387705906,1.0,1.7095266666666669,1.021020418084675,-0.5345140520979534,-0.7123926978169892,0.39316178051752565,1.5555555555555556,0.0,1.1254005711490846,1.857534181308883,-0.016180130739428346,Banks—Diversified,Financial Services,C
2012Q3,2012,Q3,2012-11-06,2012-09-30,468000000.0,13951000000.0,0.0,0.15,13951000000.0,1.0,1929385000000.0,186777000000.0,234907000000.0,0.0,1742608000000.0,0.0,96650000000.0,95852700000.0,213048700000.0,63.81611316113161,0.0,0.16638773495181106,1.7187662292466417,0.0,63.81611316113161,0.0025056618320242856,6.870668769263852,51.20336538461539,0.5131932732616971,0.07051282051282051,0.0,0.0003442782519428248,0.007230801524838226,0.0,0.0002425643404504544,28.784594594594594,1.0,-0.8421052631578947,-0.9644623756364146,-0.8953544606562039,-0.7531909451342985,-0.25163609054822444,-0.8411405295315683,0.0,0.9163335890784651,-0.7170336808280622,-0.45154898500711055,Banks—Diversified,Financial Services,C
2012Q2,2012,Q2,2012-08-03,2012-06-30,2946000000.0,18642000000.0,0.0,0.95,18642000000.0,1.0,1914523000000.0,183911000000.0,224321000000.0,0.0,1730612000000.0,0.0,96216000000.0,80218106000.0,238269106000.0,62.841180892503246,0.0,0.18126290465040118,1.8869561907661858,0.0,62.841180892503246,0.01601861770095318,4.30308475485463,6.807374915139171,0.4361789452506919,0.012559402579769178,0.0,0.00046124250303291876,0.009737151238193534,0.0,0.0015387644859842374,-34.95342309368192,1.0,0.0,-0.9208035639470203,-0.8828335290382575,-0.7590565020541442,-0.03936926723693703,0.00511770726714432,0.0,-0.8729139895424082,-0.8851773562219218,-0.7771003483752801,Banks—Diversified,Financial Services,C
2012Q1,2012,Q1,2012-05-04,2012-03-31,2931000000.0,19406000000.0,0.0,0.95,19406000000.0,1.0,1942520000000.0,181820000000.0,249897000000.0,0.0,1760700000000.0,0.0,93310000000.0,106952609999.99998,263188610000.0,62.13519239969927,0.0,0.18877025719168913,2.0167748322516776,0.0,62.13519239969927,0.016120338796612035,5.511316603112439,9.12253582395087,0.5882334726652733,0.01160013647219379,0.0,0.00031789780539250045,0.009990115931882298,0.0,0.0015088647735930648,22.98079286635152,1.0,1.4999999999999998,-0.9025339185953711,-0.8729591369129449,-0.751780892234518,0.05044928006928656,2.0658995815899583,0.0,-0.6614040615719197,-0.8559349211631592,-0.7675337230450203,Banks—Diversified,Financial Services,C
2011Q4,2011,Q4,2012-02-24,2011-12-31,956000000.0,18474000000.0,0.0,0.38,18474000000.0,1.0,1872111000000.0,177806000000.0,480016000000.0,0.0,1694305000000.0,0.0,90520000000.0,76698912000.0,270159912000.0,60.992727771679476,0.0,0.20188226018649535,2.125608809601476,0.0,60.992727771679476,0.005376646457374892,4.1517219876583304,20.057246861924682,0.4313629011394441,0.0397489539748954,0.0,0.000495443794561258,0.00986800462152084,0.0,0.0005106534815510405,5.936448297213622,1.0,-0.6910569105691057,-0.9688175960333174,-0.8702946923450849,-0.7516663188077767,-0.11314867265133695,-0.7464863431450544,0.0,1.0102296075825197,-0.39007251996009445,-0.7680958560682807,Banks—Diversified,Financial Services,C
2011Q3,2011,Q3,2011-11-04,2011-09-30,3771000000.0,20831000000.0,0.0,1.23,20831000000.0,1.0,1934022000000.0,177372000000.0,226280000000.0,0.0,1756650000000.0,0.0,89602000000.0,74560142000.0,285914142000.0,60.935825202693415,0.0,0.20663777351033236,2.25312901698126,0.0,60.935825202693415,0.021260401867262024,3.579287696221977,4.942995359321134,0.4203602710687143,0.007159904534606206,0.0,0.0003621237738522548,0.010770818532570984,0.0,0.0019498227010861303,2.975502514167132,1.0,0.12844036697247696,-0.8852623360002156,-0.8371240737590566,-0.7479382210361585,0.010134807487149646,0.12870398084405865,0.0,1.2458404774672678,-0.770813342867001,-0.7417881748125941,Banks—Diversified,Financial Services,C
2011Q2,2011,Q2,2011-08-05,2011-06-30,3341000000.0,20622000000.0,0.0,1.09,20622000000.0,1.0,1954345000000.0,176364000000.0,224642000000.0,0.0,1777981000000.0,0.0,85857000000.0,121114104000.0,362514104000.0,60.63535721653029,0.0,0.2176417162783439,2.4117563675126443,0.0,60.63535721653029,0.018943775373659023,5.873053244108234,9.062713558814725,0.6867280397360006,0.011373840167614486,0.0,0.00031375371443114505,0.010551872878125408,0.0,0.0017095241628269319,40.86170850202429,1.0,0.09000000000000008,-0.893118746195828,-0.8434137868893589,-0.7426511634925825,0.0454222853087296,0.1140380126708903,0.0,1.2434243912427758,-0.7990150479084639,-0.7649621438021464,Banks—Diversified,Financial Services,C
2011Q1,2011,Q1,2011-05-05,2011-03-31,2999000000.0,19726000000.0,0.0,1.0,19726000000.0,1.0,1945459000000.0,171037000000.0,232346000000.0,0.0,1774422000000.0,0.0,82554000000.0,128372272904.35,392090272904.35,58.889940950643,0.0,0.23396175401280622,2.6611961154603976,0.0,58.889940950643,0.01753421774235984,6.507770095526209,10.701256494193899,0.7505526459441524,0.001333777925975325,0.0,3.115937662785167e-05,0.010139509493646486,0.0,0.001541538526383748,365.7329712374644,1.0,1.4999999999999998,-0.9098942910825927,-0.8493404429324066,-0.7467358873290663,0.08551617873651772,1.2910618792971733,0.0,1.1027457417291977,-0.7387034515098184,-0.7664225397962938,Banks—Diversified,Financial Services,C
2010Q4,2010,Q4,2011-02-25,2010-12-31,1309000000.0,18172000000.0,0.0,0.4,18172000000.0,1.0,1911581000000.0,163468000000.0,498805000000.0,0.0,1748113000000.0,0.0,79559000000.0,136852614106.70999,406416614106.70996,56.49900286525028,0.0,0.24062438369077743,2.8138412410991753,0.0,56.49900286525028,0.008007683460983189,7.530960494536099,26.136862892801755,0.8371828988346955,0.006875477463712758,0.0,6.576418038300902e-05,0.009506267325318675,0.0,0.0006847734937729554,13.89789926949426,1.0,-0.45058492102845005,-0.9678844018774148,-0.8512650583880231,-0.7529571221917796,-0.13293253173012692,-0.39621771217712176,0.0,1.023399352494941,-0.557354110086003,-0.7470630389870272,Banks—Diversified,Financial Services,C
2010Q3,2010,Q3,2010-11-05,2010-09-30,2168000000.0,20958000000.0,0.0,0.728047,20958000000.0,1.0,1981010000000.0,162913000000.0,213551000000.0,0.0,1818097000000.0,0.0,78260000000.0,112911019224.5,410841019224.5,56.41520214700026,0.0,0.23944503056521674,2.911633816822476,0.0,56.41520214700026,0.013307716388501839,5.387490181529726,13.020182106146217,0.6930755631809616,0.0,0.0,0.0,0.010579451895750148,0.0,0.001094391244870041,-6.416492539893164,1.0,-0.5146353333333333,-0.9468352693027517,-0.8292358235207461,-0.7448384550549716,-0.05042816365366318,-0.19614386355209493,0.0,-0.8331465191791164,-0.8406695906859257,-0.7818139959918592,Banks—Diversified,Financial Services,C
2010Q2,2010,Q2,2010-08-06,2010-06-30,2697000000.0,22071000000.0,0.0,1.5,22071000000.0,1.0,1935132000000.0,154806000000.0,222361000000.0,0.0,1780326000000.0,0.0,76130000000.0,106950562311.14,427510562311.14,54.42426074819911,0.0,0.2615061918256739,3.2689236851284833,0.0,54.42426074819911,0.017421805356381534,4.845750637086675,9.913845227209864,0.6908683275269693,0.0,0.0,0.0,0.01140542350599339,0.0,0.0013937033752736247,17.631151056897462,1.0,-0.030479150130949935,-0.904321480378452,-0.8030590594181549,-0.7535291690365933,-0.13178081114039575,-0.39092140921409213,0.0,-0.9254028973294767,-0.8572746968428361,-0.7913283682523414,Banks—Diversified,Financial Services,C
2010Q1,2010,Q1,2010-05-07,2010-03-31,4428000000.0,25421000000.0,0.0,1.547156,25421000000.0,1.0,1999855000000.0,151421000000.0,223204000000.0,0.0,1848434000000.0,0.0,73432000000.0,115912005979.5,462677005979.5,52.906948233512516,0.0,0.26800343024869305,3.5395883001697253,0.0,52.906948233512516,0.02924297158254139,4.5596949757877345,6.544264113567073,0.7654949180067494,0.0,0.0,0.0,0.01271142157806441,0.0,0.002214160526638181,3.311109377538778,1.0,1.4688351515151516,-0.8540338565611701,-0.7882558904529411,-0.7542997418333486,3.703237742830712,1.5842459427365088,0.0,-0.8494516822952624,-0.8298505120134072,-0.7886460960700176,Banks—Diversified,Financial Services,C
2009Q4,2009,Q4,2010-02-26,2009-12-31,-7579000000.0,5405000000.0,0.0,-3.3,5405000000.0,1.0,1854373000000.0,152700000000.0,469053000000.0,0.0,1701673000000.0,0.0,77440000000.0,77402359323.12,317414359323.12,65.29994355211167,0.0,0.2334471004485074,2.8349574328749183,0.0,65.29994355211167,-0.049633267845448595,14.32051051306568,-2.5531850944425387,0.5068916786058939,-0.0002638870563398865,0.0,2.583900565163525e-05,0.0029147318257977226,0.0,-0.004087095746109332,-1.835396929790382,1.0,-0.22222222222222207,-1.3126720513669516,-0.9457874646662588,-0.6932920366397464,-0.7349190779794017,-76.03960396039604,0.0,-1.3081809094106758,-0.9526919953037365,-0.7341293633456762,Banks—Diversified,Financial Services,C
2009Q3,2009,Q3,2009-11-06,2009-09-30,101000000.0,20390000000.0,0.0,-2.7,20390000000.0,1.0,1886492000000.0,140842000000.0,278879000000.0,0.0,1745650000000.0,0.0,85208000000.0,58584814420.86,258660814420.86,116.35699710020405,0.0,0.23551014263511322,3.154513568395791,0.0,116.35699710020405,0.000717115633120802,2.8732130662511035,145.01191688331684,0.4159612503433635,6.891089108910891,0.0,0.011880211738832082,0.010808421132981217,0.0,5.3538525474796605e-05,23.229506114536083,1.0,-1.5510204081632653,-0.991963496988163,-0.5801989438984984,-0.4245188202354999,-0.31963028462744836,-0.9763963542883851,0.0,-0.9926100154182904,-0.6166136091036513,-0.5186878722589022,Banks—Diversified,Financial Services,C
2009Q2,2009,Q2,2009-08-07,2009-06-30,4279000000.0,29969000000.0,0.0,4.9,29969000000.0,1.0,1846667000000.0,152302000000.0,244090000000.0,0.0,1694365000000.0,0.0,88874000000.0,16044534540.22,256492534540.22,281.9258820480545,0.0,0.24364977551448094,2.9542619269609065,0.0,281.9258820480545,0.028095494478076452,0.5353710347432347,0.9373997744928723,0.1053468407520584,0.34236971254966114,0.0,0.09130835153413631,0.016228697431643062,0.0,0.0023171475961827445,-1.8641262391332636,1.0,3.7222222222222223,2.5314930455683298,0.26873386902649943,0.4626674140087092,0.20896365323328897,1.6861268047708726,0.0,-0.2629775924359613,0.22520379023495038,0.1965510068210651,Banks—Diversified,Financial Services,C
2009Q1,2009,Q1,2009-05-11,2009-03-31,1593000000.0,24789000000.0,0.0,-1.8,24789000000.0,1.0,1820585000000.0,143934000000.0,233895000000.0,0.0,1676651000000.0,0.0,86115000000.0,13624049461.5,276699049461.5,267.28690807799444,0.0,0.24917320531587375,3.151729264801923,0.0,267.28690807799444,0.011067572637458835,0.5496006075880431,2.138111968220339,0.09465483806119471,0.6741996233521658,0.0,0.0788311876755146,0.013615953113971608,0.0,0.0008749934773712846,-1.5827195006389405,1.0,0.9438510108324162,-0.7141306292052803,0.09162288934472997,0.3368018224669512,3.430563002680965,1.0922782830330766,0.0,-0.7418602638508873,0.021127350776906847,0.14950330243439597,Banks—Diversified,Financial Services,C
2008Q4,2008,Q4,2009-02-27,2008-12-31,-17263000000.0,5595000000.0,0.0,-32.05756731662024,5595000000.0,1.0,1938470000000.0,141630000000.0,422712000000.0,0.0,1796840000000.0,0.0,86521000000.0,36133348923.0,322833348923.0,263.008356545961,0.0,0.25085969862829965,3.4334816070041656,0.0,263.008356545961,-0.12188801807526654,6.45814994155496,-0.5232773695620692,0.25512496591823763,-0.08793373110119909,0.0,0.042011051985102486,0.0028862969248943755,0.0,-0.008905476999901985,-7.5656090709798995,1.0,-4.342927886103374,-4.431776050810297,-0.7373070255965003,0.3673407692937734,-0.664568345323741,-5.1325044404973355,0.0,-3.2756155726326197,-0.7539538190810549,0.15000863720883828,Banks—Diversified,Financial Services,C
2008Q3,2008,Q3,2008-10-31,2008-09-30,-2815000000.0,16680000000.0,0.0,-6.0,16680000000.0,1.0,2050131000000.0,126062000000.0,222228000000.0,0.0,1924069000000.0,0.0,105340000000.0,109560321205.08,465816321205.08,235.99161331386424,0.0,0.24288789350534185,3.9500563214925988,0.0,235.99161331386424,-0.022330281924767176,6.568364580640288,-9.730046288195382,0.8690987070257493,-0.7584369449378331,0.0,0.019486981933939475,0.008136065451427251,0.0,-0.0013730829883553783,2.41104555808807,1.0,-0.11111111111111104,-1.5725625449156062,-0.17955578028385968,0.262665002506958,-0.10572592751447565,-0.1282565130260521,0.0,-1.3731768619710163,-0.26529169829861327,0.06737160119237773,Banks—Diversified,Financial Services,C
2008Q2,2008,Q2,2008-08-01,2008-06-30,-2495000000.0,18652000000.0,0.0,-5.4,18652000000.0,1.0,2100385000000.0,136405000000.0,175261000000.0,0.0,1963980000000.0,0.0,110290000000.0,88616827172.44,508220827172.44,257.9812384158566,0.0,0.2534644838922388,3.902884791613211,0.0,257.9812384158566,-0.0182911183607639,4.751063005170491,-8.87944160044489,0.6496596691649132,-0.8472945891783568,0.0,0.023855514437301564,0.00888027671117438,0.0,-0.001187877460560802,1.7124686398013451,1.0,0.4705882352941176,-1.558206124039522,-0.07307165681180221,0.4061624076524781,0.41099931916181254,0.511837213852475,0.0,-1.4761646321462818,-0.10465072238911691,0.16831812377771124,Banks—Diversified,Financial Services,C
2008Q1,2008,Q1,2008-05-02,2008-03-31,-5111000000.0,13219000000.0,0.0,-10.2,13219000000.0,1.0,2199848000000.0,128219000000.0,169808000000.0,0.0,2071629000000.0,0.0,115050000000.0,108933550474.31999,565536550474.32,252.12167689161555,0.0,0.25490761179863336,4.373439193879222,0.0,252.12167689161555,-0.039861486987107994,8.240680117582267,-5.328387325098807,0.849589768086789,-0.3441596556446879,0.0,0.016147458632725525,0.006009051534469654,0.0,-0.002323342340016219,68.68445805442623,1.0,0.47245886301230555,-2.247951852009896,-0.2855430788814359,0.47071218739777665,0.8319013303769401,0.48021966846333775,0.0,-1.9481599407050394,-0.3803470668625065,0.17085492869990782,Banks—Diversified,Financial Services,C
2007Q4,2007,Q4,2008-02-22,2007-12-31,-9833000000.0,7216000000.0,0.0,-19.33498505584395,7216000000.0,1.0,2187631000000.0,113598000000.0,366241000000.0,0.0,2074033000000.0,0.0,121920000000.0,149720060948.63998,615748060948.64,223.37187352524776,0.0,0.2622014407365776,5.049384672265357,0.0,223.37187352524776,-0.08655962252856564,20.748345475144124,-3.8065712638218243,1.3179814868980086,-0.2737719922709244,0.0,0.017980222442759118,0.003298545321400181,0.0,-0.004494816538986694,4.132602637352397,1.0,-5.394314785419079,-5.055570825896226,-0.5955242070666543,0.31236578152607847,-0.6777564417451882,-5.445298372513562,0.0,-2.8652937189844723,-0.6671990347511411,0.04915760526223964,Banks—Diversified,Financial Services,C
2007Q3,2007,Q3,2007-11-05,2007-09-30,2212000000.0,22393000000.0,0.0,4.4,22393000000.0,1.0,2358266000000.0,127113000000.0,166001000000.0,0.0,2231153000000.0,0.0,134445000000.0,234596297899.32,696487297899.3201,258.5647159333618,0.0,0.23696648300064538,4.396324530142472,0.0,258.5647159333618,0.017401839308331956,10.47632286425758,26.514048135094935,1.8455728202412027,1.2201627486437614,0.0,0.011504870384435095,0.009495536126967866,0.0,0.0009379773104475916,-3.315426983130344,1.0,-0.6451612903225806,-0.42188290950724583,0.30026533281051837,0.4993978956294126,-0.15910627112279385,-0.6447157083199486,0.0,-0.5666389935705923,0.13516123452974077,0.2788154685932759,Banks—Diversified,Financial Services,C
2007Q2,2007,Q2,2007-08-03,2007-06-30,6226000000.0,26630000000.0,0.0,12.4,26630000000.0,1.0,2220866000000.0,127754000000.0,162676000000.0,0.0,2093112000000.0,0.0,134932000000.0,251233818755.92,656917818755.92,260.81293509993264,0.0,0.22838658433241807,3.970255334470936,0.0,260.81293509993264,0.04873428620630274,9.43424028373714,10.088091019752651,1.9665436601274324,0.43189849020237714,0.0,0.010703176878477619,0.011990817996223094,0.0,0.0028034109216855045,-11.307670301373662,1.0,0.22772277227722781,0.5862333397045162,0.3025251482881455,0.4373293322273572,0.045995522212184295,0.24221867517956902,0.0,4.666964127271784,0.24335380161770304,0.3531307539107592,Banks—Diversified,Financial Services,C
2007Q1,2007,Q1,2007-05-04,2007-03-31,5012000000.0,25459000000.0,0.0,10.1,25459000000.0,1.0,2020966000000.0,122083000000.0,121303000000.0,0.0,1898883000000.0,0.0,131395000000.0,250385191704.80002,603005191704.8,250.3239696534755,0.0,0.20878480884883763,3.456230597216648,0.0,250.3239696534755,0.041054037007609574,9.834840005687576,12.489285300518757,2.050942323704365,0.5383080606544294,0.0,0.010775397624875904,0.012597441025727301,0.0,0.002480002137591627,-13.400331373015788,1.0,-0.03962370832520959,0.08444424987672164,0.2706797213842032,0.5295447606519603,0.06844888366627497,-0.02281146422304543,0.0,-0.006893408690112875,0.2379067159342461,0.2519638213716087,Banks—Diversified,Financial Services,C
