Quarters,Year,Quarter,FillingDate,Date,NetIncome,Revenue,OperatingIncome,EPSDiluted,GrossProfit,GrossProfitRatio,TotalAssets,CommonStockEquity,CurrentAssets,CurrentLiability,TotalLiability,Inventory,RetainedEarnings,MarketCap,EnterpriseValue,bookValuePerShare,currentRatio,debtToAssets,debtToEquity,roic,shareholdersEquityPerShare,roe,priceToSalesRatio,peRatio,pbRatio,payoutRatio,inventoryTurnover,dividendYield,assetTurnover,quickRatio,returnOnAssets,priceToFreeCashFlowsRatio,grossProfitMargin,epsdilutedGrowth,fiveYNetIncomeGrowthPerShare,fiveYRevenueGrowthPerShare,fiveYShareholdersEquityGrowthPerShare,grossProfitGrowth,netIncomeGrowth,operatingIncomeGrowth,threeYNetIncomeGrowthPerShare,threeYRevenueGrowthPerShare,threeYShareholdersEquityGrowthPerShare,Industry,Sector,Symbol
2023Q2,2023,Q2,2023-02-28,2023-02-28,-1149000.0,0.0,-1249000.0,-0.0115,0.0,0.0,51150000.0,29026000.0,10718000.0,901000.0,1908000.0,0.0,-771516000.0,142476864.53,132454864.53,0.29132575409294065,11.895671476137625,0.0,0.0,-0.04123595842029869,0.29132575409294065,-0.039585199476331566,0.0,-31.0001881048738,4.908594519740922,0.0,0.0,0.0,0.0,11.622641509433961,-0.0224633431085044,-70.35894544691358,0.0,0.22818791946308725,0.986888189596361,0.0,1.5227677106508417,0.0,0.22154471544715448,0.3302949061662198,0.841051939471944,0.0,2.194082703288448,Other Precious Metals & Mining,Basic Materials,PLG
2023Q1,2023,Q1,2022-11-30,2022-11-30,-1476000.0,0.0,-1865000.0,-0.0149,0.0,0.0,54545000.0,32549000.0,12496000.0,1193000.0,2413000.0,0.0,-770149000.0,178433731.8,166889731.8,0.32834710908624287,10.474434199497066,0.00040333669447245395,0.0006759040216289286,-0.05232838442172397,0.32834710908624287,-0.045347015269286306,0.0,-30.22251554878049,5.482003496267167,0.0,0.0,0.0,0.0,10.259849119865883,-0.02706022550187918,-72.56353468889793,0.0,-0.49,0.9807267642970552,0.0,2.0553184137039815,0.0,-0.5015259409969481,-0.30146545708304257,-0.10021700901679584,0.0,2.311245217891163,Other Precious Metals & Mining,Basic Materials,PLG
2022Q4,2022,Q4,2022-08-31,2022-08-31,-983000.0,0.0,-1433000.0,-0.01,0.0,0.0,53679000.0,32501000.0,12764000.0,1121000.0,2124000.0,0.0,-768397000.0,146655206.37,134369206.37,0.33020641543283247,11.386262265834077,0.000819687401032061,0.0013538044983231285,-0.04366097998612037,0.33020641543283247,-0.030245223223900802,0.0,-37.297865302644965,4.5123290474139255,0.0,0.0,0.0,0.0,11.339875111507583,-0.018312561709420815,-173.55645724260356,0.0,0.22480620155038758,0.999511921157194,0.0,1.431600484650919,0.0,0.22598425196850394,-0.17170891251022077,0.8391837676046373,0.0,2.1650318771161925,Other Precious Metals & Mining,Basic Materials,PLG
2022Q3,2022,Q3,2022-05-31,2022-05-31,-1270000.0,0.0,-1223000.0,-0.0129,0.0,0.0,58246000.0,37584000.0,14320000.0,769000.0,1904000.0,0.0,-767338000.0,173230310.88,159669310.88,0.3818491098005469,18.621586475942784,0.001150293582391924,0.001782673478075777,-0.03143476559068928,0.3818491098005469,-0.033790974882928905,0.0,-34.100454897637796,4.609150459770115,0.0,0.0,0.0,0.0,18.444733420026008,-0.021804072382652886,-94.60967279082469,0.0,0.6631853785900783,0.9990554174206989,0.0,-0.98044945420664,0.0,0.6053449347420758,0.3782409761057448,0.9283691157681718,0.0,1.3120719662696865,Other Precious Metals & Mining,Basic Materials,PLG
2022Q2,2022,Q2,2022-02-28,2022-02-28,-3218000.0,0.0,-1967000.0,-0.0383,0.0,0.0,53859000.0,33246000.0,10087000.0,921000.0,2148000.0,0.0,-765949000.0,167906630.0,158411630.0,0.39600580393996354,10.952225841476656,0.0016338959134035167,0.0026469349696204053,-0.07190220255578021,0.39600580393996354,-0.09679359922998255,0.0,-13.044331106277191,5.050431029296758,0.0,0.0,0.0,0.0,10.75787187839305,-0.05974860283332405,-116.6018263888889,0.0,0.3280701754385965,0.9901584443299384,0.0,-0.9895476413169554,0.0,0.26563213144682796,0.12577777777777777,0.8162888327862282,0.0,1.3050779808039699,Other Precious Metals & Mining,Basic Materials,PLG
2022Q1,2022,Q1,2021-11-30,2021-11-30,-4382000.0,0.0,-2250000.0,-0.057,0.0,0.0,50994000.0,7350000.0,9026000.0,24246000.0,25473000.0,0.0,-763239000.0,164508911.22,179544911.22,0.09561184183491066,0.37226759053039676,0.45315135113934973,3.1439455782312926,-0.09725920703723608,0.09561184183491066,-0.5961904761904762,0.0,-9.385492424691922,22.382164791836736,0.0,0.0,0.0,0.0,0.36117297698589457,-0.08593167823665529,-44.31813341056034,0.0,0.12576687116564406,0.7748231676959852,0.0,-0.9978731555854392,0.0,0.09237779618889809,0.33647891477440284,0.7954249208590333,0.0,1.071660220305984,Other Precious Metals & Mining,Basic Materials,PLG
2021Q4,2021,Q4,2021-08-31,2021-08-31,-4828000.0,0.0,-3391000.0,-0.0652,0.0,0.0,51199000.0,1888000.0,6606000.0,30267000.0,31726000.0,0.0,-759771000.0,198356557.88000003,220231557.88000003,0.02550881127439738,0.21825750817722273,0.5455965936834704,14.795550847457626,-0.11451906401034308,0.02550881127439738,-2.5572033898305087,0.0,-10.271155648301574,105.06173616525423,0.0,0.0,0.0,0.0,0.21591171903393133,-0.09429871677181195,-53.19296269241084,0.0,-0.42358078602620075,0.9667460299256212,0.0,-0.9993497793160009,0.0,-0.42545025095955125,-1.881053525913339,0.4481314579105873,0.0,1.0242101548823082,Other Precious Metals & Mining,Basic Materials,PLG
2021Q3,2021,Q3,2021-05-31,2021-05-31,-3387000.0,0.0,-1177000.0,-0.0458,0.0,0.0,54497000.0,4457000.0,9480000.0,2749000.0,33271000.0,0.0,-755335000.0,314557974.25,335735974.25,0.060218629157833214,3.448526736995271,0.5535534066095381,6.768454117119139,-0.05021218352807705,0.060218629157833214,-0.7599282028270137,0.0,-23.218037662385594,70.5761665357864,0.0,0.0,0.0,0.0,3.3612222626409602,-0.062150210103308436,-239.93743268497332,0.0,0.3708791208791209,-1.401072963402888,0.0,-0.9987343194694858,0.0,0.34940453323088744,0.5753968253968254,0.9246993253136714,0.0,1.0426344463316186,Other Precious Metals & Mining,Basic Materials,PLG
2021Q2,2021,Q2,2021-02-28,2021-02-28,-5206000.0,0.0,-2772000.0,-0.0728,0.0,0.0,50771000.0,2463000.0,10543000.0,1210000.0,31925000.0,0.0,-752934000.0,292507802.0,312040802.0,0.0344389788276485,8.713223140495868,0.5774950266884639,11.904181892001624,-0.11321962549390882,0.0344389788276485,-2.113682501015022,0.0,-14.046667402996542,118.76078034916767,0.0,0.0,0.0,0.0,8.448760330578512,-0.10253885091883162,-101.91909477351916,0.0,-0.2508591065292096,0.7019461178552217,0.0,-0.9992166822540823,0.0,-0.3448721260656161,-1.2052505966587113,0.9172360973832637,0.0,1.0617988140970844,Other Precious Metals & Mining,Basic Materials,PLG
2021Q1,2021,Q1,2020-11-30,2020-11-30,-3871000.0,0.0,-1257000.0,-0.0582,0.0,0.0,46256000.0,-5519000.0,7233000.0,790000.0,35531000.0,0.0,-748910000.0,173027124.4,202315124.4,-0.08293150596913,9.155696202531646,0.7365098581805604,-6.172857401703207,-0.06605486391401358,-0.08293150596913,0.7013951802862838,0.0,-11.174575329372255,-31.35117311107085,0.0,0.0,0.0,0.0,8.773417721518987,-0.0836864406779661,-67.61513262993357,0.0,-1.9543147208121832,0.29381304249030393,0.0,-1.001688318689115,0.0,-2.1471544715447153,-8.022346368715084,0.9247069209343213,0.0,0.7334554107420602,Other Precious Metals & Mining,Basic Materials,PLG
2020Q4,2020,Q4,2020-08-31,2020-08-31,-1230000.0,0.0,179000.0,-0.0197,0.0,0.0,37415000.0,-20269000.0,1911000.0,4302000.0,41558000.0,0.0,-746313000.0,147762631.74,183201631.74,-0.3250993125550567,0.44421199442119946,0.9821461980489109,-1.8129656125117175,0.011401387243868822,-0.3250993125550567,0.06068380285164537,0.0,-30.03305523170732,-7.290080010854013,0.0,0.0,0.0,0.0,0.35471873547187355,-0.03287451556862221,-696.9935459433963,0.0,0.7401055408970977,-2.017986087056499,0.0,-1.0060077414885449,0.0,0.7398477157360406,1.090587044534413,0.9990358679471607,0.0,0.5750748189597662,Other Precious Metals & Mining,Basic Materials,PLG
2020Q3,2020,Q3,2020-05-31,2020-05-31,-4728000.0,0.0,-1976000.0,-0.0758,0.0,0.0,36290000.0,-21153000.0,1641000.0,3483000.0,40545000.0,0.0,-745130000.0,97884950.14,133277950.14,-0.3392779988394649,0.47114556416882,1.01193166161477,-1.7360658062686143,-0.1767262924351802,-0.3392779988394649,0.2235143951212594,0.0,-5.175811661379019,-4.627473651018768,0.0,0.0,0.0,0.0,0.4171691070915877,-0.13028382474510886,-77.80997626391097,0.0,-0.044077134986226015,0.7727527821599998,0.0,-1.0057549294409591,0.0,-0.05985205110961668,-0.13628522139160437,0.9944485219873651,0.0,-1.0173709192525162,Other Precious Metals & Mining,Basic Materials,PLG
2020Q2,2020,Q2,2020-02-29,2020-02-29,-4461000.0,0.0,-1739000.0,-0.0726,0.0,0.0,41140000.0,-15001000.0,3134000.0,3687000.0,39903000.0,0.0,-741722000.0,114978687.23,148491687.23000002,-0.24397451976370074,0.8500135611608354,0.8743072435585805,-2.397773481767882,-0.1180970786585273,-0.24397451976370074,0.297380174655023,0.0,-6.443548936897558,-7.664734833011133,0.0,0.0,0.0,0.0,0.7748847301328994,-0.10843461351482742,-42.11673524908425,0.0,-4.377777777777778,-1.1165207657943408,0.0,-1.003593844017037,0.0,-4.62547288776797,-1.9147816938453446,0.9813717504534912,0.0,-1.0064395752908721,Other Precious Metals & Mining,Basic Materials,PLG
2020Q1,2020,Q1,2019-11-30,2019-11-30,-793000.0,0.0,1901000.0,-0.0135,0.0,0.0,41534000.0,-14673000.0,1654000.0,4322000.0,40297000.0,0.0,-738585000.0,79104903.75,113829903.75,-0.2504086227397755,0.3826931975937066,0.8621370443492079,-2.4404007360457984,-0.12732109761346366,-0.2504086227397755,0.05404484427179173,0.0,-24.938494246532155,-5.391188151707217,0.0,0.0,0.0,0.0,0.3165201295696437,-0.01909279144797034,-20.42471049573974,0.0,0.782608695652174,0.9850276487959131,0.0,-1.0036844196855206,0.0,0.7820829898323716,1.7269598470363288,0.9465398052880779,0.0,-1.005570232414846,Other Precious Metals & Mining,Basic Materials,PLG
2019Q4,2019,Q4,2019-08-31,2019-08-31,-3639000.0,0.0,-2615000.0,-0.0621,0.0,0.0,43663000.0,-16608000.0,6355000.0,6909000.0,44820000.0,0.0,-739018000.0,116606487.75,145916487.75,-0.28343122786493496,0.9198147344044001,0.7983876508714473,-2.0989884393063583,-0.14757053482586371,-0.28343122786493496,0.21911127167630057,0.0,-8.010888138911788,-7.02110354949422,0.0,0.0,0.0,0.0,0.8766825879287885,-0.0833428761193688,-65.47248048848961,0.0,0.655,0.8667130089811005,0.0,-1.003963454384712,0.0,0.3966174763720776,-0.9617404351087772,0.9683407642318198,0.0,-1.0072246740495514,Other Precious Metals & Mining,Basic Materials,PLG
2019Q3,2019,Q3,2019-05-31,2019-05-31,-6031000.0,0.0,-1333000.0,-0.18,0.0,0.0,38321000.0,-40967000.0,1824000.0,47620000.0,64959000.0,0.0,-735087000.0,44020688.6348,104307688.6348,-1.2235931165651726,0.03830323393532129,1.6058818924349574,-1.5021602753435692,-0.10613513534636712,-1.2235931165651726,0.1472160519442478,0.0,-1.8247673949096335,-1.0745402063807454,0.0,0.0,0.0,0.0,0.035426291474170514,-0.15738107043135618,-10.24213323285249,0.0,0.14285714285714285,0.7508018831215684,0.0,-1.0166121126671965,0.0,0.046180610469713744,-0.019892884468247895,-2.578745593008247,0.0,-1.0257175894995672,Other Precious Metals & Mining,Basic Materials,PLG
2019Q2,2019,Q2,2019-02-28,2019-02-28,-6323000.0,0.0,-1307000.0,-0.21,0.0,0.0,40038000.0,-39337000.0,3522000.0,47500000.0,65981000.0,0.0,-729651000.0,51215008.91,107698008.91,-1.298047806978308,0.07414736842105263,1.48896048753684,-1.5154943183262577,-0.10682652674353356,-1.298047806978308,0.16073925312047183,0.0,-2.0249489526332436,-1.301955129013397,0.0,0.0,0.0,0.0,0.06993684210526316,-0.15792497127728658,-16.441415380417336,0.0,0.2500000000000001,0.6957418771516833,0.0,-1.0160059535580095,0.0,0.22072960315504067,0.5871762476310802,0.14568624402458666,0.0,-1.0295242169445302,Other Precious Metals & Mining,Basic Materials,PLG
2019Q1,2019,Q1,2018-11-30,2018-11-30,-8114000.0,0.0,-3166000.0,-0.28,0.0,0.0,46225000.0,-38853000.0,10820000.0,54081000.0,72469000.0,0.0,-726387000.0,44844763.04,108500763.03999999,-1.334238737009948,0.200070264972911,1.4196863169280691,-1.6890587599413174,-0.17013199457886033,-1.334238737009948,0.20883844233392532,0.0,-1.3817094848410154,-1.1542162262888325,0.0,0.0,0.0,0.0,0.19663097945674082,-0.17553272038939968,-16.319054963609897,0.0,-1.3333333333333337,-3.665482875527846,0.0,-1.0193228552690654,0.0,-1.357350377687391,-94.11764705882354,-2.3828391951113415,0.0,-1.0271624175771465,Other Precious Metals & Mining,Basic Materials,PLG
2018Q4,2018,Q4,2018-08-31,2018-08-31,-3442000.0,0.0,34000.0,-0.12,0.0,0.0,41849000.0,-30682000.0,11316000.0,3572000.0,61379000.0,0.0,-715344000.0,29585895.616,83712895.616,-1.0536409782755316,3.167973124300112,1.3654806566465147,-1.8624600743106707,0.00129350471802939,-1.0536409782755316,0.11218303891532494,0.0,-2.1488884090644973,-0.9642753280750929,0.0,0.0,0.0,0.0,3.0694288913773797,-0.082248082391455,-3.850324780843311,0.0,0.8032786885245902,0.5646376780883939,0.0,-1.0150527405200012,0.0,0.6744230041619372,1.0061942065950082,-17.082074186612292,0.0,-1.019470981250214,Other Precious Metals & Mining,Basic Materials,PLG
2018Q3,2018,Q3,2018-05-31,2018-05-31,-10572000.0,0.0,-5489000.0,-0.61,0.0,0.0,44250000.0,-24571000.0,14901000.0,2742000.0,59046000.0,0.0,-694924000.0,20280406.0224,70030406.02239999,-1.4124407454348462,5.434354485776805,1.242463276836158,-2.2375564690081804,-0.1780029634467741,-1.4124407454348462,0.4302633185462537,0.0,-0.47957827332576614,-0.8253797575353058,0.0,0.0,0.0,0.0,5.033187454412837,-0.23891525423728813,-3.49240675433098,0.0,0.3068181818181818,0.7496798450043249,0.0,-1.01909982385207,0.0,0.19903022956284566,0.26598020861192834,-0.8211341506146927,0.0,-1.0239582196821417,Other Precious Metals & Mining,Basic Materials,PLG
2018Q2,2018,Q2,2018-02-28,2018-02-28,-13199000.0,0.0,-7478000.0,-0.88,0.0,0.0,105433000.0,-8363000.0,77851000.0,113488000.0,129169000.0,0.0,-677046000.0,51788929.234,172146929.234,-0.5572757233422896,0.6859844212603976,1.1512619388616467,-14.514049982063852,-0.058915075058698925,-0.5572757233422896,1.5782613894535453,0.0,-0.9809252449806805,-6.1926257603730726,0.0,0.0,0.0,0.0,0.03440892429155505,-0.12518850834179052,-43.37431259128978,0.0,-0.14285714285714285,-12.415537555968701,0.0,-1.00412279873444,0.0,-0.1508413985526201,-0.019495569188820724,-2.412524217793306,0.0,-1.0082088983149287,Other Precious Metals & Mining,Basic Materials,PLG
2018Q1,2018,Q1,2017-11-30,2017-11-30,-11469000.0,0.0,-7335000.0,-0.77,0.0,0.0,99625000.0,-4619000.0,77898000.0,99975000.0,115709000.0,0.0,-663847000.0,48990539.4,155880539.4,-0.31113558223039284,0.7791747936984246,1.083934755332497,-23.37886988525655,-0.06540027206724762,-0.31113558223039284,2.4830049794327778,0.0,-1.0678903871305256,-10.606308594933967,0.0,0.0,0.0,0.0,0.017234308577144287,-0.11512170639899623,-3.2569165935380933,0.0,0.9623655913978495,0.25243672885235285,0.0,-1.0032401235768218,0.0,0.9622449584230381,0.9758537597029371,0.14529995307468266,0.0,-1.0045779336649556,Other Precious Metals & Mining,Basic Materials,PLG
2017Q4,2017,Q4,2017-08-31,2017-08-31,-303774000.0,0.0,-303774000.0,-20.46,0.0,0.0,100528000.0,-11358000.0,76006000.0,62748000.0,123794000.0,0.0,-667617000.0,96258987.112,200195987.112,-0.7650742461512885,1.211289602855868,1.067871637752666,-9.451575981686917,-3.1817837492761143,-0.7650742461512885,26.745377707342843,0.0,-0.0792192444975541,-8.474994463109702,0.0,0.0,0.0,0.0,0.08720596672403902,-3.0217849753302564,-2.7847075856163395,0.0,-0.49780380673499275,-8.459008531887905,0.0,-1.0074374783464677,0.0,-0.6007735802326011,-0.6007735802326011,-42.91649431010322,0.0,-1.0106986689447768,Other Precious Metals & Mining,Basic Materials,PLG
2017Q3,2017,Q3,2017-05-31,2017-05-31,-189767000.0,0.0,-189767000.0,-13.66,0.0,0.0,364872000.0,271332000.0,16771000.0,29188000.0,102110000.0,0.0,-363843000.0,148645544.89999998,219820544.89999998,19.531378501475693,0.574585446073729,0.22940099541757109,0.3084855453835154,-0.44516642873144563,19.531378501475693,-0.6993904146949125,0.0,-0.19582638828141877,0.5478363956333938,0.0,0.0,0.0,0.0,0.531245717418117,-0.5200919774605889,-4.790536108156885,0.0,-2.511568123393316,-10.329192926018232,0.0,-0.8170668607725907,0.0,-3.0883081629575373,-3.0883081629575373,-17.89753405585378,0.0,-0.734832228279463,Other Precious Metals & Mining,Basic Materials,PLG
2017Q2,2017,Q2,2017-02-28,2017-02-28,-46417000.0,0.0,-46417000.0,-3.89,0.0,0.0,587326000.0,451523000.0,31037000.0,24354000.0,104635000.0,0.0,-174076000.0,200217444.0,258780444.0,37.88674077769168,1.2744107744107744,0.14228554499545398,0.18508027276572844,-0.0715336971451299,37.88674077769168,-0.1028009647349083,0.0,-1.0783626903936059,0.44342689962637566,0.0,0.0,0.0,0.0,1.2456270017245628,-0.07903106622216623,-5.918340053207213,0.0,-14.56,-14.80554996544296,0.0,-0.690172032090789,0.0,-17.891737891737893,-17.891737891737893,-4.679550749560044,0.0,-0.532826595374992,Other Precious Metals & Mining,Basic Materials,PLG
2017Q1,2017,Q1,2016-11-30,2016-11-30,-2457000.0,0.0,-2457000.0,-0.25,0.0,0.0,576842000.0,436323000.0,33566000.0,18915000.0,101017000.0,0.0,-127651000.0,150440179.0,204738179.0,44.954788972964465,1.774570446735395,0.14181526310497503,0.18748725141695488,-0.004755620232838218,44.954788972964465,-0.005631149400787948,0.0,-15.307303520553521,0.34479085218977684,0.0,0.0,0.0,0.0,1.7608776103621464,-0.004259398587481494,-4.76091582012089,0.0,0.8724489795918368,0.9127438374079005,0.0,-0.6005979993796495,0.0,0.8709491044697726,0.8709491044697726,-3.4216140027842408,0.0,-0.3489509359302236,Other Precious Metals & Mining,Basic Materials,PLG
2016Q4,2016,Q4,2016-08-31,2016-08-31,-19039000.0,0.0,-19039000.0,-1.96,0.0,0.0,519858000.0,380769000.0,22904000.0,43587000.0,100410000.0,0.0,-125245000.0,267880576.8,332683576.8,39.231005568000555,0.5254777800720398,0.15629845073077647,0.21339184650010898,-0.018453698832134692,39.231005568000555,-0.05000144444531986,0.0,-3.517524250223226,0.7035251735304082,0.0,0.0,0.0,0.0,0.5170578383462959,-0.0366234625609301,-6.3706765154938285,0.0,-18.818181818181817,-1.254844767162084,0.0,-0.7238101118267469,0.0,-22.320268756998882,-22.320268756998882,-6.225085285655408,0.0,-0.43953001133237546,Other Precious Metals & Mining,Basic Materials,PLG
2016Q3,2016,Q3,2016-05-31,2016-05-31,893000.0,0.0,893000.0,0.11,0.0,0.0,517799000.0,372373000.0,55348000.0,24707000.0,93155000.0,0.0,-106204000.0,226970501.0,259448501.0,47.57806390003078,2.2401748492330107,0.15057194007713418,0.2093760825838608,0.001985173660456308,47.57806390003078,0.0023981330547596094,0.0,63.54157362821948,0.6095245922770985,0.0,0.0,0.0,0.0,2.2270611567571943,0.0017246074248888081,-7.001372725029305,0.0,1.4583333333333333,1.093568811336122,0.0,-0.6745975868212946,0.0,1.471240105540897,1.471240105540897,1.0469971259065551,0.0,-0.35662246883613763,Other Precious Metals & Mining,Basic Materials,PLG
2016Q2,2016,Q2,2016-02-29,2016-02-29,-1895000.0,0.0,-1895000.0,-0.24,0.0,0.0,482264000.0,341135000.0,54250000.0,11721000.0,88943000.0,0.0,-107099000.0,151303366.5,179817366.5,43.96552868504747,4.628444671956318,0.15917008111739628,0.22501942046403917,-0.004747561510867947,43.96552868504747,-0.005554985562900318,0.0,-19.96086629287599,0.44352929631963883,0.0,0.0,0.0,0.0,4.5996928589710775,-0.003929383076489226,-5.767013511968288,0.0,-1.9126213592233008,0.9567526348739425,0.0,-0.7367810770456825,0.0,-1.9889589905362777,-1.9889589905362777,-4.16987798246815,0.0,-0.6747372648236241,Other Precious Metals & Mining,Basic Materials,PLG
2016Q1,2016,Q1,2015-11-30,2015-11-30,-634000.0,0.0,-634000.0,-0.0824,0.0,0.0,525864000.0,378087000.0,87041000.0,13955000.0,92557000.0,0.0,-105124000.0,167103845.61,160962845.61,49.1207652345542,6.237262629881763,0.14194354433846013,0.19742281538376089,-0.0012469793117757266,49.1207652345542,-0.0016768627326514797,0.0,-65.89268360015772,0.4419719419339993,0.0,0.0,0.0,0.0,6.218416338230025,-0.0012056349170127638,-4.714454665256031,0.0,-11.676923076923076,0.9756238664909433,0.0,-0.7309255021706738,0.0,-11.600594339447738,-11.600594339447746,0.9202954120257248,0.0,-0.4884630410733648,Other Precious Metals & Mining,Basic Materials,PLG
2015Q4,2015,Q4,2015-08-31,2015-08-31,-50315.086965000024,0.0,-50315.086964999995,-0.0065,0.0,0.0,495115504.572607,416515756.802272,49163639.658961,16264282.315982,24834804.673045,0.0,-86216479.508228,220213773.51,181384753.505318,54.113399049364496,3.022797975576865,0.0,0.0,6.225528464705872e-06,54.113399049364496,-0.00012079996048957532,0.0,-1094.1736703306517,0.5287045445787053,0.0,0.0,0.0,0.0,3.0016715419974775,-0.00010162292737819421,-7.711595261130395,0.0,0.9803030303030302,0.997967245719052,0.0,-0.2123734038043019,0.0,0.9803916315681274,0.9803916315681274,0.9969782056475387,0.0,-0.4739500960749497,Other Precious Metals & Mining,Basic Materials,PLG
2015Q3,2015,Q3,2015-05-31,2015-05-31,-2566000.691991,0.0,-2566000.691991,-0.33,0.0,0.0,529658268.894986,453325179.636141,86136032.636246,7350397.090418,19189887.269772,0.0,-91874733.462612,323032954.3,244067079.13203102,58.95432816686556,11.718555008209446,0.0,0.0,-0.005662172985004024,58.95432816686556,-0.005660397452554007,0.0,-31.472414963512115,0.7125855099407463,0.0,0.0,0.0,0.0,11.68921729611317,-0.004844634442023135,-11.098071670282454,0.0,-1.532258064516129,-1.0106053438805171,0.0,-0.38985534456204896,0.0,-1.5950886164594418,-1.5950886164594418,0.7232363677430327,0.0,-0.44782697638096824,Other Precious Metals & Mining,Basic Materials,PLG
2015Q2,2015,Q2,2015-02-28,2015-02-28,4311964.001694,0.0,4311964.001694,0.62,0.0,0.0,548042232.470408,470118369.206423,121373594.31572,7607279.586307,19657600.485945,0.0,-88347706.546672,373951890.0,257978840.774075,67.88678601717146,15.954927505778915,0.0,0.0,0.011443889858064462,67.88678601717146,0.009172081509966849,0.0,21.681065162712923,0.7954419875812223,0.0,0.0,0.0,0.0,15.849968480773812,0.007867941093256583,-10.708682775276374,0.0,1.6888888888888889,1.6242163601452007,0.0,0.020220136136250833,0.0,1.8652936310617003,1.8652936310617003,1.2071021257874173,0.0,-0.44483942065630594,Other Precious Metals & Mining,Basic Materials,PLG
2015Q1,2015,Q1,2014-11-30,2014-11-30,-4983237.882386,0.0,-4983237.882386,-0.9,0.0,0.0,475859931.554686,374695313.591284,64556851.515575,23490536.387764,35199573.962844,0.0,-104311007.1239,346334700.96,289406359.012801,67.96419629496793,2.7482067863380957,0.0,0.0,-0.013502882274020082,67.96419629496793,-0.013299440109415658,0.0,-17.374983350893796,0.9243102019092249,0.0,0.0,0.0,0.0,2.719218047348223,-0.010472068673874728,-9.058033150690083,0.0,-0.9148936170212768,-2.498546516406674,0.0,0.009378621762228785,0.0,-0.9399426436877617,-0.9399426436877617,0.6884436266285654,0.0,-0.3961703170914836,Other Precious Metals & Mining,Basic Materials,PLG
2014Q4,2014,Q4,2014-08-31,2014-08-31,-2568755.266348,0.0,-2568755.266348,-0.47,0.0,0.0,506041348.61221,394250188.533485,112855224.676734,26280648.18732,38439678.481432,0.0,-110806187.577023,578878440.0,479415530.514466,71.51116181838785,4.294232922732282,0.0,0.0,-0.00595275130297337,71.51116181838785,-0.006515546069624332,0.0,-56.33841880380761,1.468302252823993,0.0,0.0,0.0,0.0,4.269246920492662,-0.0050761766274488584,-13.072273050569626,0.0,0.3472222222222222,0.7202098277949285,0.0,0.09816237044748188,0.0,0.35538738103407436,0.35538738103407436,0.46441388196609873,0.0,-0.4965548422783761,Other Precious Metals & Mining,Basic Materials,PLG
2014Q3,2014,Q3,2014-05-31,2014-05-31,-3984959.634313,0.0,-3984959.634313,-0.72,0.0,0.0,501140929.701036,406058539.462528,158066686.327275,16508460.205699,28831053.931507,0.0,-101099458.104472,584362524.0,436271139.03299296,73.65668299260746,9.574889744878066,0.0,0.0,-0.009822843319664282,73.65668299260746,-0.009813756508082848,0.0,-36.6605045988592,1.4391090623866225,0.0,0.0,0.0,0.0,9.562273209401058,-0.007951774437362948,-18.02766601264291,0.0,-0.04347826086956526,0.639217557342038,0.0,0.6211724271858358,0.0,-0.16192483928593285,-0.16192483928593285,0.40721322299563545,0.0,-0.49623712215582866,Other Precious Metals & Mining,Basic Materials,PLG
2014Q2,2014,Q2,2014-02-28,2014-02-28,-3429619.110959,0.0,-3429619.110959,-0.69,0.0,0.0,488587708.734025,405587511.009653,188679380.942966,10071360.52343,22119964.769112,0.0,-90711448.241152,575139610.0,392515088.582855,81.09781165326119,18.734249509192185,0.0,0.0,-0.008630068002209633,81.09781165326119,-0.008455928789378762,0.0,-41.92445220536296,1.41804072952905,0.0,0.0,0.0,0.0,18.7035516687496,-0.0070194543367565546,-19.259340508426583,0.0,-7.899999999999999,0.6464446198793793,0.0,1.1139893775305552,0.0,-9.145767377460045,-9.145767377460043,0.8785675182933355,0.0,-0.5144723769787539,Other Precious Metals & Mining,Basic Materials,PLG
2014Q1,2014,Q1,2013-11-30,2013-11-30,421030.819079,0.0,421030.81907900004,0.1,0.0,0.0,363994800.693241,278104513.601085,78641398.538166,17076708.612765,29769798.809434,0.0,-84706314.520383,527614945.0,452336141.594077,69.04977129058037,4.605184776613265,0.0,0.0,0.0014584629199783654,69.04977129058037,0.0015139301898671425,0.0,313.28760336010055,1.8971822433519163,0.0,0.0,0.0,0.0,4.582901268615503,0.0011566945963984426,-12.731158317407186,0.0,1.3703703703703702,1.040679754019106,0.0,0.6904936725904384,0.0,1.3850340001850305,1.3850340001850305,1.0309364358018522,0.0,-0.6217580803856676,Other Precious Metals & Mining,Basic Materials,PLG
2013Q4,2013,Q4,2013-08-31,2013-08-31,-1093489.974591,0.0,-1093489.974591,-0.27,0.0,0.0,369929804.591159,281918042.117245,113076266.363119,23768734.585468,36399165.243787,0.0,-80960918.231835,447063045.0,341026239.839689,69.99662133785671,4.757353234624987,0.0,0.0,-0.004763873429058021,69.99662133785671,-0.003878751307928833,0.0,-102.21013804155265,1.5857908264490357,0.0,0.0,0.0,0.0,4.732130741908377,-0.0029559391025535484,-16.2101795557085,0.0,0.8888888888888888,0.7826366405314604,0.0,0.6524155291013032,0.0,0.8881573635991382,0.8881573635991382,0.9155728186356037,0.0,0.018808679145109235,Other Precious Metals & Mining,Basic Materials,PLG
2013Q3,2013,Q3,2013-05-31,2013-05-31,-9777040.400512,0.0,-9777040.400512,-2.43,0.0,0.0,363861722.358055,297810183.56813,139812550.937245,8754414.561261,21851593.122987,0.0,-73049831.179416,406742958.0,274922218.294175,73.95045924896168,15.97051978277645,0.0,0.0,-0.03303301164130234,73.95045924896168,-0.032829771915020185,0.0,-10.40046223954183,1.3657792125397534,0.0,0.0,0.0,0.0,15.719494624846703,-0.026870208652755696,-28.843018948141918,0.0,-31.375000000000004,-0.14230814995743274,0.0,0.5073259007546361,0.0,-52.59404695899347,-52.594046958993474,-1.077156207897666,0.0,-0.23465369073113643,Other Precious Metals & Mining,Basic Materials,PLG
2013Q2,2013,Q2,2013-02-28,2013-02-28,189499.389499,0.0,189499.38949899998,0.08,0.0,0.0,398768253.968254,332455189.255189,170170451.770452,7863247.863248,22230036.630037,0.0,-61083272.283272,346796127.0,186098691.102564,135.16927680389477,21.641242236024496,0.0,0.0,0.00039634394300986254,135.16927680389477,0.0005699997943288,0.0,457.51615337239656,1.043136453297479,0.0,0.0,0.0,0.0,20.886956521738735,0.00047521182444499726,-16.19633620813807,0.0,1.0776699029126213,1.0324826514770364,0.0,1.7741903251785538,0.0,1.1032579366751478,1.1032579366751478,1.0772386514016477,0.0,1.0313587676315492,Other Precious Metals & Mining,Basic Materials,PLG
2013Q1,2013,Q1,2012-11-30,2012-11-30,-1835204.107314,0.0,-1835204.107314,-1.03,0.0,0.0,232601801.983188,170527004.58046,10538078.220164,6305934.464187,20818442.64358,0.0,-59413097.095686,173109370.6,164840381.824644,96.02583816744142,1.6711366538952181,0.0,0.0,-0.011439676764577005,96.02583816744142,-0.01076195592498133,0.0,-23.58175991298353,1.015143443268081,0.0,0.0,0.0,0.0,1.5897190293740933,-0.00788989634502765,-26.651920844003133,0.0,0.5231481481481481,0.3892817550480831,0.0,0.8096286885114662,1.0,0.5222808902181464,0.5222808902181464,-2.713310200387827,0.0,0.42613954798125486,Other Precious Metals & Mining,Basic Materials,PLG
2012Q4,2012,Q4,2012-08-31,2012-08-31,-3841596.5987879997,0.0,-3841596.598788,-2.16,-389708.473894,0.0,245439806.656261,182676602.386587,22825638.185388,7832435.426212,22802477.216656,0.0,-55705150.798046,140273996.54999998,122485365.56465198,102.8674250210953,2.9142453072769423,0.0,0.0,-0.056762212305930516,102.8674250210953,-0.021029494465078076,0.0,-9.128626141683876,0.7678815716812324,0.0,0.0,0.0,0.0,2.462972486500376,-0.015651888954460288,-12.68000323744847,0.0,-0.7851239669421489,-0.03573573267017692,-1.0,1.1577732809051664,0.0,-0.7941266679324519,-2.588733141071711,-0.2990160083103766,0.0,0.5796853586281353,Other Precious Metals & Mining,Basic Materials,PLG
2012Q3,2012,Q3,2012-05-31,2012-05-31,-2141207.010325,0.0,-1070460.367984,-1.21,0.0,0.0,243095208.058381,189603157.751727,30983168.038196,7112960.950237,19255684.729446,0.0,-20528936.029811,214877245.0,187110217.013042,106.76785291043251,4.35587489583556,0.0,0.0,-0.006104023657361248,106.76785291043251,-0.011293097835051731,0.0,-25.08833148358051,1.133299927849133,0.0,0.0,0.0,0.0,4.32396568293324,-0.00880810044519995,-16.87675826401992,0.0,-5.321428571428571,0.5383253097588202,0.0,1.1224610523951053,0.0,-5.273885421960312,0.5080137647016477,0.39820086555104917,0.0,1.3499442578156586,Other Precious Metals & Mining,Basic Materials,PLG
2012Q2,2012,Q2,2012-02-29,2012-02-29,500997.757058,0.0,-2175793.3275,0.28,0.0,0.0,271177141.104171,217155925.691238,52089926.878087,6945523.671585,20272958.973276,0.0,-19058151.534353,253945835.0,205971171.18981498,122.28315291663291,7.499783938710534,0.0,0.0,-0.00774225586785079,122.28315291663291,0.0023070876627623834,0.0,126.72004585970679,1.1694170177104517,0.0,0.0,0.0,0.0,7.460749107081901,0.0018474925836965916,-27.793974807081685,0.0,1.096551724137931,1.1532482063400193,0.0,2.055229353254669,0.0,1.0972419862177591,0.6487419384076136,1.1454513387153302,0.0,2.1875741286578996,Other Precious Metals & Mining,Basic Materials,PLG
2012Q1,2012,Q1,2011-11-30,2011-11-30,-5152072.438505,0.0,-6194287.236103,-2.9,0.0,0.0,249258274.259152,199880664.342437,54492482.08406,5898375.944218,17692734.844083,0.0,-18832358.125121,188239570.0,136825063.898896,112.55524234515794,9.238556951846606,0.0,0.0,-0.031030178711450616,112.55524234515794,-0.025775742018139546,0.0,-9.13416747565288,0.9417597776116384,0.0,0.0,0.0,0.0,9.20172418011052,-0.020669614494515952,-27.716536306271333,0.0,-2.333333333333333,0.10818785623510682,0.0,1.5953182286813634,0.0,-2.3348903715169973,-2.902220772285628,-0.12898228659215596,0.0,1.7556054342402962,Other Precious Metals & Mining,Basic Materials,PLG
2011Q4,2011,Q4,2011-08-31,2011-08-31,-1544900.091022,0.0,-1587374.881528,-0.87,0.0,0.0,292878208.284386,252247414.066091,67494397.058072,6110685.939016,28684016.548343,0.0,-20200880.535267,236187385.0,170689728.327034,142.04359843685177,11.0453061622965,0.0,0.0,-0.0030765173340212364,142.04359843685177,-0.006124542829276429,0.0,-38.220495029512655,0.9363322350575886,0.0,0.0,0.0,0.0,11.026985538083071,-0.005274889176875514,-9.584110888285,0.0,0.28688524590163933,0.5136447524679644,0.0,2.391682503226412,0.0,0.27166357360730925,0.4805410127830874,0.3035135575592896,0.0,2.3532339615875295,Other Precious Metals & Mining,Basic Materials,PLG
2011Q3,2011,Q3,2011-05-31,2011-05-31,-2121135.281773,0.0,-3055823.309618,-1.22,0.0,0.0,293082714.848749,254334593.847571,77343190.868608,2718565.798229,27212065.311972,0.0,-18377331.21769,361811840.0,288713990.790807,146.2130026488209,28.44999775947779,0.0,0.0,-0.01309985502113844,146.2130026488209,-0.008339940114651681,0.0,-42.64365445111677,1.422582097568854,0.0,0.0,0.0,0.0,28.390400624183314,-0.00723732644167587,42.25808721236823,0.0,0.7840707964601771,-0.4428181970821292,0.0,3.2656731957469995,0.0,0.7506987558345211,0.5905662121359139,0.4262489906515623,0.0,1.9802471567851474,Other Precious Metals & Mining,Basic Materials,PLG
2011Q2,2011,Q2,2011-02-28,2011-02-28,-8508322.08589,0.0,-7463534.764826,-5.65,0.0,0.0,287871614.519427,251653823.108384,82082225.97137,2377586.912065,24870758.691207,0.0,-16237080.777096,378165636.0,300905730.06953,167.0302734757327,34.52333353403233,0.0,0.0,-0.029962692541195376,167.0302734757327,-0.033809627768800386,0.0,-11.111639644764415,1.502721601162121,0.0,0.0,0.0,0.0,34.054789960785016,-0.029555960562814773,-12.832586994486723,0.0,-0.6715976331360949,-1.0741581746054447,0.0,3.749895628645638,0.0,-0.9993966900177356,-0.722419674856153,-1.380862774624973,0.0,2.4280997845433028,Other Precious Metals & Mining,Basic Materials,PLG
2011Q1,2011,Q1,2010-11-30,2010-11-30,-4255444.719083999,0.0,-4333168.549906,-3.38,0.0,0.0,264375560.067483,229900397.245763,143374282.99592,1839072.308537,23243774.521343,0.0,-11669449.348713,250611048.0,108856328.131827,182.55451791537473,77.9601119164127,0.0,0.0,-0.018526476544422472,182.55451791537473,-0.01850994939575915,0.0,-14.72296461026199,1.0900853195660092,0.0,0.0,0.0,0.0,77.42702527133898,-0.016096210701162312,-229.55561574262276,0.0,-0.049689440993788726,-1.5898862702059684,0.0,4.835418263989932,0.0,-0.05077829822704179,-1.4306075723600247,-0.996914156389054,0.0,2.4402812736817454,Other Precious Metals & Mining,Basic Materials,PLG
2010Q4,2010,Q4,2010-08-31,2010-08-31,-4049802.6332139997,0.0,-1782751.193233,-3.22,0.0,0.0,119757641.456054,86523001.697473,4392676.348548,2140709.166352,22720228.215768,0.0,-7128183.704263,222905304.0,220673942.249717,68.7043826487535,2.051972504062098,0.0,0.0,-0.0453782305682928,68.7043826487535,-0.04680608108551415,0.0,-13.760257238949578,2.5762548643352274,0.0,0.0,0.0,0.0,1.6020577901048123,-0.03381665323377386,-80.60123809461614,0.0,-1.1065519523494374,-2.225956907741662,1.0,1.6429469711736029,0.0,-1.1370265161536566,0.3345061257791289,-0.5396747245641301,-1.0,0.44116061163349907,Other Precious Metals & Mining,Basic Materials,PLG
2010Q3,2010,Q3,2010-05-31,2010-05-31,29554882.856926,0.0,-2678839.373721,30.22,0.0,0.0,113897322.579422,90755772.803093,7239663.734931,1334880.392752,12613218.401698,0.0,-3239864.659944,187854400.0,183321882.371673,96.62352630877211,5.423454995848468,0.0,0.0,-0.021358458992682027,96.62352630877211,0.3256529248122799,0.0,1.5890301520513175,2.0698892665216535,0.0,0.0,0.0,0.0,3.761163796744574,0.259487072984679,-6.860317443322381,0.0,31.22,7.871337141023036,-1.0,2.6567873551241497,0.0,32.83728709482404,-0.6727438593612575,13.048149087083504,0.0,0.9207998076676116,Other Precious Metals & Mining,Basic Materials,PLG
2010Q2,2010,Q2,2010-02-28,2010-02-28,-928310.341547,0.0,-1601464.180382,-1.0,0.0,0.0,63136466.558843,61925074.683665,33879779.278851,1211391.875178,1211391.875178,0.0,-32920173.151936,186125200.0,154909783.769384,66.54131163718293,27.967646121014937,0.0,0.0,-0.028307476570240485,66.54131163718293,-0.01499086349575087,0.0,-50.12472437014657,3.0056516031800173,0.0,0.0,0.0,0.0,27.891671522847457,-0.014703235580689608,-79.81757197527827,0.0,-2.666666666666667,0.8918873838119599,-1.0,2.256342160991012,0.0,-2.657862177571725,-0.2429025886442715,0.4581455027748911,0.0,0.6625263878875264,Other Precious Metals & Mining,Basic Materials,PLG
2010Q1,2010,Q1,2009-11-30,2009-11-30,559944.218588,0.0,-1288487.283729,0.6,0.0,0.0,63791156.2825,62506838.422993,34716704.169424,1284317.859506,1284317.859506,0.0,-31792235.038291,152245792.0,122107284.86186999,67.33270829167384,27.031239900983255,0.0,0.0,-0.01577180213767933,67.33270829167384,0.00895812734598373,0.0,67.97364226025724,2.435666174150903,0.0,0.0,0.0,0.0,27.005532886305684,0.008777771892208373,-170.14432511757317,0.0,1.3592814371257487,1.22656195434046,-1.0,2.0806122869873387,0.0,1.3622022275603907,0.2178518748108713,1.1854128345019568,0.0,0.5525692235638773,Other Precious Metals & Mining,Basic Materials,PLG
2009Q4,2009,Q4,2009-08-31,2009-08-31,-1545943.608242,0.0,-1647369.90633,-1.67,0.0,0.0,61237888.15339,60451728.829034,33516913.033554,786159.324355,786159.324355,0.0,-31243003.880393,96546112.0,66447335.464962,65.11893299462474,42.63374101814891,0.0,0.0,-0.0243400663211316,65.11893299462474,-0.025573191010204954,0.0,-15.61281269984183,1.5970777655184354,0.0,0.0,0.0,0.0,42.57472872953545,-0.025244887680804518,-85.51261159711227,0.0,0.16500000000000004,0.5629176791452257,1.0,3.0270096643451043,0.0,-0.13948509371641818,-0.10502816545054608,0.0689983248583221,0.0,0.5548940473007704,Other Precious Metals & Mining,Basic Materials,PLG
2009Q3,2009,Q3,2009-05-31,2009-05-31,-1356703.669725,0.0,-1490794.495413,-2.0,0.0,0.0,31578303.669725,30765636.697248,4555436.697248,812666.972477,812666.972477,0.0,-29816920.183486,86674816.0,84045575.633028,45.434206601000966,5.605539355639222,0.0,0.0,-0.046200812475278505,45.434206601000966,-0.044098020238481125,0.0,-15.971582065811162,2.8172605967148114,0.0,0.0,0.0,0.0,5.0721274498843485,-0.042963158626715896,-25.388114484168685,0.0,-0.03092783505154642,0.412850812724933,-1.0,1.9174358361888733,0.0,-0.034052804736541126,-0.08609455801725842,-1.3706351743463605,0.0,0.32551465161695825,Other Precious Metals & Mining,Basic Materials,PLG
2009Q2,2009,Q2,2009-02-28,2009-02-28,-1312025.520854,0.0,-1372619.432082,-1.94,0.0,0.0,28037554.251506,25949895.632311,6069504.942696,2087658.619196,2087658.619196,0.0,-24435143.160963,78467040.0,73540885.850892,38.362449932456684,2.9073263640362286,0.0,0.0,-0.05127114366199835,38.362449932456684,-0.05055995366780425,0.0,-14.95150794569256,3.023790195992092,0.0,0.0,0.0,0.0,2.8972987718396355,-0.04679529138257579,-70.79697468548446,0.0,0.24513618677042798,-1.7226835158234282,-1.0,1.8127975972437624,0.0,0.22425489619367334,0.25494954369985096,0.2876075750605883,0.0,0.09092579115478112,Other Precious Metals & Mining,Basic Materials,PLG
2009Q1,2009,Q1,2008-11-30,2008-11-30,-1691310.089379,0.0,-1842317.416861,-2.57,0.0,0.0,28946043.964893,26883274.015621,7235468.234157,2062769.949271,2062769.949271,0.0,-23637937.031967,86877516.0,80513817.634592,40.84592117092726,3.5076467139314658,0.0,0.0,-0.06885790983280769,40.84592117092726,-0.06291309936417099,0.0,-12.841748616289946,3.231656826825419,0.0,0.0,0.0,0.0,3.49079614982601,-0.05842974920615381,-65.95296878642439,0.0,-1.0559999999999998,-0.7171797008203192,-1.0,1.9546524404922108,0.0,-1.057344883415986,-1.0379990932502545,-0.9695755853070106,0.0,0.30565398836534585,Other Precious Metals & Mining,Basic Materials,PLG
2008Q4,2008,Q4,2008-08-31,2008-08-31,-822083.8922110001,0.0,-903983.433046,-1.25,0.0,0.0,30587012.143462,27879903.981926,3789965.169914,2707108.161536,2707108.161536,0.0,-25657079.920926,177704010.0,176028521.908124,42.3601812650149,1.400005076917057,0.0,0.0,-0.024663979768182402,42.3601812650149,-0.029486611314871854,0.0,-54.04071642921499,6.373910402101888,0.0,0.0,0.0,0.0,1.3679874648831065,-0.026876894296023003,-76.54435829269407,0.0,0.41314553990610325,0.6106692932390377,0.0,3.1325447999870213,0.0,0.3749747557506396,0.40409157404639295,-0.2530099350210518,1.0,0.6295279639597656,Other Precious Metals & Mining,Basic Materials,PLG
2008Q3,2008,Q3,2008-05-31,2008-05-31,-1315281.102283,0.0,-1516983.807704,-2.13,0.0,0.0,33214029.970834,30361751.986322,9778682.490194,2852277.984512,2852277.984512,0.0,-26262209.59469,197416659.0,191808828.365383,49.06069696801382,3.428376386625951,0.0,0.0,-0.04836486340885322,49.06069696801382,-0.04332032956713221,0.0,-37.523662937400594,6.502149780056711,0.0,0.0,0.0,0.0,2.8099279976864686,-0.03960016605747567,-348.33817715708716,0.0,0.10126582278481021,-1.9170093330846298,0.0,2.58865785051605,0.0,0.09855808653734871,0.05349425720569001,0.5358815246065747,-1.0,0.8567376203275986,Other Precious Metals & Mining,Basic Materials,PLG
2008Q2,2008,Q2,2008-02-29,2008-02-29,-1459085.807571,0.0,-1602720.130599,-2.37,0.0,0.0,32368057.341088,29972388.531782,11233314.96786,2387062.544638,2395668.809305,0.0,-25308367.513519,214686652.0,212637715.15682098,48.72386569050375,4.705915642257938,0.0003871209789935083,0.0004180632462011866,-0.04999319109527124,48.72386569050375,-0.04868099871399373,0.0,-36.78444593286081,7.162814260610276,0.0,0.0,0.0,0.0,4.601141240233659,-0.045077954237273204,-82.62709492262455,0.0,-0.40236686390532556,0.1200760646984704,0.0,2.9671984243837697,0.0,-0.40770221449344574,-0.16663185903741629,0.7429251525303746,-1.0,1.3844071328132879,Other Precious Metals & Mining,Basic Materials,PLG
2008Q1,2008,Q1,2007-11-30,2007-11-30,-1036501.7491259999,0.0,-1373801.09945,-1.69,0.0,0.0,39493747.126437,32503509.245377,18342859.570215,6981807.096452,6990237.881059,0.0,-23362999.50025,207655829.35999998,194247708.42046997,53.063835016026815,2.6272366619147123,0.0003573968933312863,0.0004342590340766845,-0.0363199297208311,53.063835016026815,-0.03188891824883254,0.0,-50.085740215851004,6.388720300702148,0.0,0.0,0.0,0.0,2.6170219223287043,-0.026244705163267948,-325.5507581331973,0.0,0.1913875598086124,-0.018476615254497897,0.0,3.8745305890178146,-1.0,0.18982156457531613,0.07384388672823793,0.3644026347667525,-1.0,1.4277814793505832,Other Precious Metals & Mining,Basic Materials,PLG
2007Q4,2007,Q4,2007-08-31,2007-08-31,-1279349.960213,6159.887798,-1483336.426509,-2.09,3079.943899,0.5,34804698.475812,29201400.170406,17565328.97851,5595312.884597,5603298.305406,0.0,-20987339.770898,206424632.0,194445879.751585,47.672953378096956,3.139293430196645,0.0004327851197868646,0.0005158299092200884,-0.046997628153853006,47.672953378096956,-0.043811254006564736,33511.102599469785,-40.33779622849095,7.068997746525865,0.0,0.0,0.0,0.00017698437474701577,2.6186454256608234,-0.03675796706304184,-116.38221861239228,0.5,0.1992337164750958,-3.472765255221125,0.8525600421387709,3.306295619970832,0.0,0.17792063635826016,0.20525238039240482,0.4518129346797299,1.0136586428359355,1.9481355905711326,Other Precious Metals & Mining,Basic Materials,PLG
2007Q3,2007,Q3,2007-05-31,2007-05-31,-1556236.559139,0.0,-1866424.497429,-2.61,0.0,0.0,31764797.568957,29974977.092099,14337640.0187,1774943.43151,1789820.476858,0.0,-19425930.808789,218151301.9,204622931.63352102,50.30379840890348,8.077801108569709,0.0005195091752489908,0.0005505293210499144,-0.05656077627702345,50.30379840890348,-0.05191785649601724,0.0,-35.04468851777489,7.2777804376538375,0.0,0.0,0.0,0.0,8.043408266966827,-0.04899249100393682,-110.33436953490113,0.0,-0.4184782608695651,0.6009070667519801,0.0,4.000465306379283,0.0,-0.49638499475704034,-0.4621876176873447,0.2346431802229581,-1.0,2.2301236260901844,Other Precious Metals & Mining,Basic Materials,PLG
2007Q2,2007,Q2,2007-02-28,2007-02-28,-1039997.4368840002,0.0,-1276460.335768,-1.84,0.0,0.0,24579937.630826,22610999.188346,9526691.443462,1955344.52561,1968938.442479,0.0,-16186735.016447,134194184.82,125339839.05555099,40.02421382419862,4.872129345333657,0.0006720986063561807,0.0007306241395344746,-0.050616405172162024,40.02421382419862,-0.04599520031029979,0.0,-32.25829700649729,5.934907329931948,0.0,0.0,0.0,0.0,4.852960260556996,-0.042310824889145636,-209.4695795553318,0.0,0.4338461538461538,0.5082630531358086,0.0,2.710670787462116,0.0,0.4199649903561775,0.36975486952237946,-1.5841605049263352,-1.0,1.9346408447451042,Other Precious Metals & Mining,Basic Materials,PLG
2007Q1,2007,Q1,2006-11-30,2006-11-30,-1792990.801577,0.0,-2025339.465615,-3.25,0.0,0.0,25737786.246167,23902848.007008,10757226.456417,1820999.56198,1834938.239159,0.0,-15409650.459921,,,,,,,,,,,,,,,,,,,,,,,,,,,,,,,Other Precious Metals & Mining,Basic Materials,PLG
