Quarters,Year,Quarter,FillingDate,Date,NetIncome,Revenue,OperatingIncome,EPSDiluted,GrossProfit,GrossProfitRatio,TotalAssets,CommonStockEquity,CurrentAssets,CurrentLiability,TotalLiability,Inventory,RetainedEarnings,MarketCap,EnterpriseValue,bookValuePerShare,currentRatio,debtToAssets,debtToEquity,roic,shareholdersEquityPerShare,roe,priceToSalesRatio,peRatio,pbRatio,payoutRatio,inventoryTurnover,dividendYield,assetTurnover,quickRatio,returnOnAssets,priceToFreeCashFlowsRatio,grossProfitMargin,epsdilutedGrowth,fiveYNetIncomeGrowthPerShare,fiveYRevenueGrowthPerShare,fiveYShareholdersEquityGrowthPerShare,grossProfitGrowth,netIncomeGrowth,operatingIncomeGrowth,threeYNetIncomeGrowthPerShare,threeYRevenueGrowthPerShare,threeYShareholdersEquityGrowthPerShare,Industry,Sector,Symbol
2023Q1,2023,Q1,2023-05-08,2023-03-31,222705000.0,3956982000.0,323423000.0,0.35,1155972000.0,0.2921347633,53562054000.0,18180614000.0,4521106000.0,5888760000.0,34894792000.0,523020000.0,13311555000.0,4956963690.0,27052128690.0,34.21956246365,0.7677517847560437,0.45419206664479295,1.3380989222916233,0.005323980293831204,34.21956246365,0.012249586290099994,1.2527132268986818,5.56449528524281,0.27265106062974553,0.0,5.355454858322817,0.0,0.07387659181255446,0.5877838458351163,0.004157887597066386,-29.29110913485118,0.2921347633120393,-0.7602739726027397,-0.46572768074276866,0.008878521659831148,1.1886303633765396,-0.060585571675156276,-0.7619452283222166,-0.13832451470925183,1.9999383355614182,0.21102831658491827,0.5353663686064226,Telecom Services,Communication Services,DISH
2022Q4,2022,Q4,2023-02-23,2022-12-31,935520000.0,4043373000.0,375342000.0,1.46,1230524000.0,0.3043310622,52606562000.0,17942524000.0,4610110000.0,6024248000.0,34197922000.0,502373000.0,13088850000.0,7442800560.0,29694765560.0,33.846538669040996,0.7652589999614889,0.4569205834055455,1.3396677635766294,0.006107231077649998,33.846538669040996,0.05213982157694202,1.8407405302454163,1.9889474730631092,0.4148134654856808,0.0,5.599124554862622,0.0,0.07686062054387816,0.5934103310487882,0.01778333280931759,-42.878462025936315,0.30433106220969475,1.246153846153846,-0.4032703128302103,0.025652882315927952,1.2856603402192346,-0.02362302189326952,1.2694127064987992,-0.1210386179861321,1.3708893416197772,0.23123650151144443,0.5311385917139271,Telecom Services,Communication Services,DISH
2022Q3,2022,Q3,2022-11-02,2022-09-30,412230000.0,4095451000.0,427029000.0,0.65,1260296000.0,0.3077306993,49003024000.0,16989966000.0,2941863000.0,5939922000.0,31565891000.0,570545000.0,12153330000.0,7335929880.0,28464566880.0,32.03019025857974,0.495269634853791,0.44785295291164073,1.2917123553984746,0.009076507676098506,32.03019025857974,0.024263144493638186,1.7912385913053288,4.448930136089077,0.4317801389361226,0.0,4.969204883050416,0.0,0.08357547485232748,0.3175053477133201,0.008412337981427431,-62.12099042264017,0.30773069925632124,-0.20731707317073164,0.22327160930031076,0.008527296940160696,1.7005092677562883,-0.14388288351322287,-0.2115440523915904,-0.3837387345133382,0.0544793892594163,0.1681910020358864,0.5098343037622846,Telecom Services,Communication Services,DISH
2022Q2,2022,Q2,2022-08-03,2022-06-30,522832000.0,4209963000.0,692935000.0,0.82,1472107000.0,0.3496721943,49857780000.0,16547955000.0,4840444000.0,7619608000.0,32880013000.0,585758000.0,11741100000.0,9504531630.0,30227125630.0,31.217196670005716,0.6352615515128862,0.4684289994460243,1.4113423682865949,0.012492555557239897,31.217196670005716,0.03159496143179021,2.257628304571798,4.544735034389632,0.5743629125169847,0.0,4.674039449738629,0.0,0.08443943954183279,0.49948711272285923,0.010486467708750771,-69.37513050904366,0.34967219426869073,0.15492957746478872,10.502942526461862,0.019783975014275694,1.7883911517788185,0.09417387329465848,0.1648360462162969,0.25905770768224434,0.46684332692859626,0.1660992454504702,0.57735346710052,Telecom Services,Communication Services,DISH
2022Q1,2022,Q1,2022-05-06,2022-03-31,448846000.0,4330620000.0,550360000.0,0.71,1345405000.0,0.3106726058,49201652000.0,15979000000.0,5295322000.0,8047594000.0,32810015000.0,536893000.0,11218268000.0,16744970550.0,37418826550.0,30.20222391492949,0.6580006396942987,0.47499083973847056,1.4625654922085236,0.01008529223911349,30.20222391492949,0.028089742787408473,3.866645087770342,9.326679167242217,1.0479360754740596,0.0,5.56016748216125,0.0,0.08801777631368964,0.5373920453740584,0.009122579867846713,-2.2635361660861264,0.3106726057700745,-0.202247191011236,0.05505948583483288,0.03919674734312086,1.7356852917117715,-0.10510607785960581,-0.206161170969134,-0.22129924006072724,0.173077253214984,0.20656624657291328,0.5849133556439443,Telecom Services,Communication Services,DISH
2021Q4,2021,Q4,2022-02-24,2021-12-31,565412000.0,4446658000.0,706767000.0,0.89,1503424000.0,0.3381020083,48001725000.0,15526671000.0,7523182000.0,6515886000.0,32473834000.0,534937000.0,10785617000.0,17135748759.999998,37577971760.0,29.393825405269304,1.154590795480461,0.47644977341960104,1.4729758233429433,0.014013653910899575,29.393825405269304,0.03641553298836563,3.8536241734803975,7.576664786032132,1.1036331458301654,0.0,5.502019864021371,0.0,0.09263537924939155,0.9739683904844253,0.011778993359092825,229.36045240995298,0.3381020082947688,0.011363636363636374,0.45952550767184663,0.05615976694358737,1.9618063794422373,0.0011380321832038702,0.015025796977606715,-0.01524024494743662,0.49184344390790363,0.19595049975039078,0.6065303004999789,Telecom Services,Communication Services,DISH
2021Q3,2021,Q3,2021-11-04,2021-09-30,557042000.0,4449635000.0,717705000.0,0.88,1501715000.0,0.3374917268495056,41214237000.0,14954794000.0,7278537000.0,6309344000.0,26258385000.0,470826000.0,10233288000.0,22956832340.0,37699674340.0,28.31119457659462,1.1536123248312344,0.4130397949621147,1.13830521503673,0.016630433133719345,28.31119457659462,0.0372483900480341,5.1592619035044445,10.303007825262727,1.5350818165733344,0.0,6.261166545602834,0.0,0.10796354182172534,0.9905744559180796,0.01351576640858352,58.019709052677335,0.3374917268495056,-0.16981132075471703,0.601109715084584,0.04958470067290835,2.0784961571123137,-0.06203604288970211,-0.16989122967541767,-0.20847587726553868,0.14658777313131316,0.16466812268416237,0.6118831525378736,Telecom Services,Communication Services,DISH
2021Q2,2021,Q2,2021-08-09,2021-06-30,671047000.0,4486960000.0,906738000.0,1.06,1601037000.0,0.35681998502326745,39623578000.0,14352794000.0,6604640000.0,4036626000.0,25269886000.0,385396000.0,9676246000.0,22057442000.0,34874234000.0,27.199291250544828,1.6361783330930337,0.41624910804370063,1.1491336808707768,0.022100909472643097,27.199291250544828,0.04675375400775626,4.9158989605434416,8.217547355103294,1.5368047503503497,0.0,7.488201745736853,0.0,0.11323964736349655,1.4384721299421843,0.016935547819533107,29.567537352446777,0.35681998502326745,0.07070707070707077,0.4457032025035711,0.034088244380591916,2.604784864982561,0.04190292240182684,0.06477538145167433,0.04876610037752609,0.3602313072057014,0.15296026286361952,0.6356143057076269,Telecom Services,Communication Services,DISH
2021Q1,2021,Q1,2021-04-29,2021-03-31,630224000.0,4497853000.0,864576000.0,0.99,1536647000.0,0.3416401114042633,38813138000.0,13662220000.0,6515906000.0,5814040000.0,25150218000.0,375076000.0,9005199000.0,19061834000.0,31252217000.0,25.945686233549196,1.1207191556989633,0.428412796718472,1.2170822165065414,0.02130846832977644,25.945686233549196,0.046128960007963564,4.2379851008914695,7.561531296808754,1.3952222991578236,0.0,7.894949290277171,0.0,0.11588480684040543,0.9735538455187787,0.01623738848428076,26.159367404941257,0.3416401114042633,-0.28985264088928686,0.4333281387354831,0.05149434247851329,2.8731872981376627,-0.04876611418047882,-0.13978095414887692,-0.12637234385467833,0.5254768643146798,0.15706575577599954,0.6594460186247945,Telecom Services,Communication Services,DISH
2020Q4,2020,Q4,2021-02-22,2020-12-31,732632000.0,4557365000.0,989639000.0,1.3940768592588082,1615425000.0,0.3544646961566607,38239947000.0,13780155000.0,7022158000.0,6084746000.0,24459302000.0,380349000.0,8374975000.0,16995704880.000002,29391166880.0,26.221343324478813,1.1540593477525602,0.41227970321193175,1.1440766812855152,0.025709686691376,26.221343324478813,0.05316572999360312,3.729283232745238,5.799536766070824,1.2333464231715827,0.0,7.734843525288617,0.0,0.11917812019980048,0.7949792809757383,0.019158813164673057,-45.56990146369977,0.3544646961566607,0.6210196037893119,6.187200407968275,0.06992722062761238,3.447274109827887,0.057922211110958306,0.4519093379099047,0.2198969982052344,-0.5286097885400146,0.16611268320237937,0.770730091194041,Telecom Services,Communication Services,DISH
2020Q3,2020,Q3,2020-11-06,2020-09-30,504599000.0,4531591000.0,811248000.0,0.86,1526979000.0,0.33696311074852076,36100437000.0,12691256000.0,5005471000.0,6530129000.0,23408924000.0,516216000.0,7642343000.0,15256193960.0,27600342960.0,24.14934961144136,0.7665194669201788,0.39211317580449234,1.115370850607694,0.01991527292221943,24.14934961144136,0.03975957935132662,3.3666308278924553,7.5585732234903364,1.2021027674487064,0.0,5.820455003331938,0.0,0.12552731702389086,0.603153015813317,0.013977642431309072,32.5554369193081,0.33696311074852076,0.1025641025641025,1.2724873491866733,0.07398500241150738,2.9321584608611455,0.5240862842325267,0.11552295492579746,0.2722465302281816,0.5113446510604677,0.126342455866812,1.036064784801433,Telecom Services,Communication Services,DISH
2020Q2,2020,Q2,2020-08-07,2020-06-30,452343000.0,3187090000.0,637650000.0,0.78,1001898000.0,0.3143613766790395,33497474000.0,12159505000.0,4108574000.0,5780210000.0,21337937000.0,315369000.0,7137744000.0,18093316920.0,28640474920.0,23.192238294690746,0.7108001266389975,0.3921780788605135,1.0803873183982406,0.01910967484175357,23.192238294690746,0.0372007742091475,5.677064946393105,9.999777226573638,1.4879978189901644,0.0,6.929000631006852,0.0,0.09514418908124236,0.5470123057812778,0.013503794345806492,41.205364870496766,0.3143613766790395,5.0,0.23597194547381645,-0.2628208587571291,3.0402250845046908,0.13044292600148033,5.188087388336366,3.4257277308124765,9.062174921262676,-0.21944873562865752,1.0715835805012313,Telecom Services,Communication Services,DISH
2020Q1,2020,Q1,2020-05-07,2020-03-31,73099000.0,3217389000.0,144078000.0,0.13,886288000.0,0.2754680891866044,33673295000.0,11659779000.0,4642289000.0,4630987000.0,22013702000.0,329386000.0,6685401000.0,10457808480.0,21781078480.0,22.2875550509221,1.002440516460098,0.4202238301894721,1.2136011325772127,0.00382864077476221,22.2875550509221,0.0062693298046215115,3.2504022609637815,35.7659081519583,0.8969130958657107,0.0,7.077110138257242,0.0,0.09554719845503684,0.8490365012901138,0.002170830030147035,19.47580932799964,0.2754680891866044,-0.8253490975952995,-0.8155772308290022,-0.23391455623162088,3.5138721584845762,-0.027851877851877854,-0.8122797916816469,-0.7244909666661568,-0.8262303978245297,-0.21921033178544402,1.0187830112366194,Telecom Services,Communication Services,DISH
2019Q4,2019,Q4,2020-02-19,2019-12-31,389404000.0,3240865000.0,522952000.0,0.7443419885616417,911680000.0,0.2813076138623485,33230935000.0,11564521000.0,4015100000.0,4496091000.0,21666863000.0,322898000.0,6612302000.0,18556201440.0,30252153440.0,22.10547030308591,0.8930201813086078,0.42549494920922326,1.222670182362071,0.01583655339675248,22.10547030308591,0.03367229823007801,5.725694047731084,11.913206746720629,1.604580201808618,0.0,7.213376979727344,0.0,0.09752554359364249,0.767045195482031,0.01171811747096493,55.35826588146849,0.2813076138623485,0.13224266405281626,-0.15763443597984134,-0.21941500147626056,4.094385801104946,0.1400161058786457,0.10217829404705296,0.11529307388481783,0.014942472240198203,-0.22276708842017598,1.2274107592853112,Telecom Services,Communication Services,DISH
2019Q3,2019,Q3,2019-11-07,2019-09-30,353304000.0,3168363000.0,468892000.0,0.657405,799708000.0,0.2524041594981383,31771440000.0,10169750000.0,2731392000.0,4566654000.0,21602412000.0,314620000.0,6222898000.0,16332481710.5,29063329710.5,21.214374437489745,0.5981166955061628,0.44487143170092386,1.3898282651982596,0.014692315511597094,21.214374437489745,0.034740677007792715,5.154864423836536,11.556960656049746,1.6059865493743701,0.0,7.528621829508613,0.0,0.09972361970373392,0.47566314417514444,0.01112017585605185,76.43322917826875,0.2524041594981383,0.09999983267546912,1.342767216936882,-0.16907084380686227,5.356920997548047,0.0210880601436174,0.1143724983677293,0.08859337128423242,0.1189840578392819,-0.17648743404596515,1.3068037628954559,Telecom Services,Communication Services,DISH
2019Q2,2019,Q2,2019-07-29,2019-06-30,317043000.0,3211312000.0,430732000.0,0.597641,783192000.0,0.24388536523389817,32284116000.0,9331577000.0,3917855000.0,6195501000.0,22953605000.0,331138000.0,5869594000.0,18322847395.42,31585246395.42,19.7908695299532,0.6323709737114077,0.46968803482183,1.624962533128109,0.013170636429914518,19.7908695299532,0.03397528627797852,5.70572009054866,14.448235251543167,1.9635317155310403,0.0,7.332652851681172,0.0,0.09947034015117527,0.5353074755374908,0.009820402082559732,61.77254042377738,0.24388536523389817,-0.07692248287110552,0.455292743802069,-0.14743579378615815,5.401862421652085,-0.03112625301075149,-0.0668646489738375,-0.0560333114179268,-0.2355781916388386,-0.17172109406991,1.6229296303811145,Telecom Services,Communication Services,DISH
2019Q1,2019,Q1,2019-05-03,2019-03-31,339761000.0,3187144000.0,456300000.0,0.647444,808353000.0,0.2536292680845296,31686377000.0,8952552000.0,3592217000.0,4955056000.0,22735160000.0,309251000.0,5552551000.0,15569187840.92,29134347840.92,19.05607256534124,0.724959919726437,0.4778656771015506,1.691342535625596,0.014127538958630682,19.05607256534124,0.03795130148364399,4.88499667442701,11.455985119628208,1.7390781802685982,0.0,7.6921044717721205,0.0,0.10058404594504446,0.6003427610101681,0.010722620639147227,48.30725838415117,0.2536292680845296,-0.09763409078488192,0.8918834194577675,-0.13131383689713436,6.762348235574279,-0.04867973690063868,0.007953601518927258,-0.054794180034469044,-0.1339023232540888,-0.16488549483406684,1.8447017183546996,Telecom Services,Communication Services,DISH
2018Q4,2018,Q4,2019-02-13,2018-12-31,337080000.0,3306829000.0,482752000.0,0.7174960771325567,849717000.0,0.25695825215032286,30587012000.0,8595688000.0,3289205000.0,4776132000.0,21992823000.0,290733000.0,5212790000.0,11730917935.66,25996348935.66,18.29646499423102,0.6886754804934202,0.4953990602285702,1.762834691068359,0.014732369183359278,18.29646499423102,0.03921501106136007,3.5474824781263257,8.700396000697163,1.3647445016222086,0.0,8.451438261222496,0.0,0.10811219481000629,0.5671267042033177,0.011020363806703315,50.249376475279924,0.25695825215032286,-0.12154990403408934,0.1464270233318495,0.03104663796929805,7.618143788384966,-0.06345290960853622,-0.21924147739117142,-0.142083834633901,3.6697207684778657,-0.13156389053388798,2.103174160961229,Telecom Services,Communication Services,DISH
2018Q3,2018,Q3,2018-11-07,2018-09-30,431734000.0,3395141000.0,562703000.0,0.816775,907287000.0,0.2672310222167503,30137410000.0,8244845000.0,3038909000.0,4877597000.0,21894372000.0,304944000.0,4875711000.0,16626713515.720001,30554226515.72,17.564048939911856,0.6230340472982905,0.5029373791576648,1.838388714402757,0.01834306605246696,17.564048939911856,0.0523641135764226,4.897208544717289,9.627868963134707,2.016619295538,0.0,8.158396295713311,0.0,0.11265536753158284,0.5199230276712078,0.014325517687153608,58.70102637909365,0.2672310222167503,-0.012048586247605037,0.3410971546196098,-0.07786863513531192,10.504096397330398,-0.030662819034879756,-0.015916866681710534,-0.017387280410714908,1.1767705294814477,-0.09916212995218816,1.8598958049508938,Telecom Services,Communication Services,DISH
2018Q2,2018,Q2,2018-08-03,2018-06-30,438717000.0,3460845000.0,572660000.0,0.826736,935987000.0,0.2704504246795219,29650012000.0,7803687000.0,2743710000.0,3631516000.0,21843885000.0,329507000.0,4443977000.0,15772177908.73,29908817908.73,16.629404105619763,0.7555274436351099,0.5107729467360755,1.9406754781425755,0.019085005710258663,16.629404105619763,0.05621919484981907,4.557319934504434,8.98767195522968,2.021118723589247,0.0,7.662532207206524,0.0,0.11672322426041513,0.6048922819010022,0.014796520149806347,53.0301625273772,0.2704504246795219,0.18571467500039454,39.67891333370742,-0.06487194602060284,21.10952441545366,0.04901289429591316,0.19359288279464576,0.08149860435953511,0.3392920124207172,-0.10564294773547106,1.896940552015234,Telecom Services,Communication Services,DISH
2018Q1,2018,Q1,2018-05-08,2018-03-31,367560000.0,3458487000.0,529506000.0,0.697247,892255000.0,0.2579899823246408,30154933000.0,7324822000.0,3465561000.0,4692337000.0,22829670000.0,347746000.0,4005260000.0,17750870202.78,31796499202.78,15.635149286176082,0.738557567369948,0.5359314842450488,2.206330474651807,0.01733804818349084,15.635149286176082,0.050180058983003276,5.1325536868520825,12.073450731023506,2.423385879244574,0.0,7.379616156620062,0.0,0.11469058810377725,0.6139235097564391,0.012189050461494974,45.86468179940934,0.2579899823246408,-0.7642343687244131,0.6558837252216596,-0.055144269932085384,23.53811825114009,0.13460562740891732,-0.7347062360202182,1.0421302706225823,0.035533594470386475,-0.08041340418203001,2.166568288687203,Telecom Services,Communication Services,DISH
2017Q4,2017,Q4,2018-02-21,2017-12-31,1385483000.0,3483928000.0,259291000.0,2.9573733721391586,786401000.0,0.22572251780174563,29773766000.0,6937414000.0,3285023000.0,4828004000.0,22835860000.0,321008000.0,3635380000.0,22370125420.5,37093582420.5,14.80821015855511,0.6804101653602607,0.5442027387465865,2.335591475440272,0.04918034084967691,14.80821015855511,0.19971173696711772,6.420949405527324,4.036521094177987,3.2245625560907856,0.0,8.40330147535264,0.0,0.11701334658168537,0.5456956953639641,0.046533683377507566,85.9457258684811,0.22572251780174563,4.208862529703075,5.435481253000053,-0.05728519788863488,181.77051523403975,-0.0697101365267251,3.659043295502312,-0.4225800632890251,2.346834555785504,-0.06295320835587952,2.412672724768492,Telecom Services,Communication Services,DISH
2017Q3,2017,Q3,2017-11-09,2017-09-30,297375000.0,3583454000.0,449051000.0,0.567758,845329000.0,0.2358978237197966,29520855000.0,5551810000.0,3122551000.0,4954358000.0,23967620000.0,318892000.0,2249897000.0,25384017174.449997,40161773174.45,11.86079627313849,0.6302634973088339,0.5542050187909531,2.9468958772004084,0.013126696252800104,11.86079627313849,0.053563612587606564,7.083673231036312,21.340073286633036,4.572205672465376,0.0,8.586370934360222,0.0,0.12138720236930807,0.5155622585206802,0.010073387102101209,83.05092583021423,0.2358978237197966,5.333333333333333,2.8154718388130258,-0.016093407244692798,48.199266676525085,-0.10002544499462887,6.412877654801077,0.7812203742121275,1.0195022309931723,-0.03752336050881419,2.5541064431818055,Telecom Services,Communication Services,DISH
2017Q2,2017,Q2,2017-08-03,2017-06-30,40116000.0,3643632000.0,252103000.0,0.089646,939281000.0,0.25778701032376483,29917559000.0,5237874000.0,3713032000.0,5901605000.0,24679634000.0,373676000.0,1952522000.0,29362820986.68,44244955986.68,11.195415194920233,0.6291563057846128,0.5765185588837646,3.292944427452818,0.0027286049127252694,11.195415194920233,0.007658832572146638,8.058668105527671,182.98696895677534,5.605866232498147,0.0,7.237154647341547,0.0,0.12178908045272009,0.5292597522199469,0.0013408847961158864,-6.639961852534193,0.25778701032376483,-0.8815789995125566,-0.8282822853096455,-0.014305994079275696,28.548397208723753,-0.003927952194361522,-0.8932275794152482,-0.5848926430876639,-0.8144225753486164,-0.025112669033534412,2.6214430964076034,Telecom Services,Communication Services,DISH
2017Q1,2017,Q1,2017-05-01,2017-03-31,375715000.0,3680361000.0,607320000.0,0.757011,942985000.0,0.25622078921062363,29448199000.0,5158478000.0,9596631000.0,4570129000.0,24292161000.0,421512000.0,1912406000.0,29665667326.54,40118532326.54,11.040094416719757,2.099859982070528,0.585268966703193,3.3411244557018565,0.0177146075705853,11.040094416719757,0.07283446784109576,8.060531922422827,19.739474952117963,5.750856614400605,0.0,6.494182846514453,0.0,0.12497745617652203,1.6426558199998293,0.012758505197550452,55.010685400364565,0.25622078921062363,0.032217216897467905,0.0021502962164744797,-0.012513056064761182,88.33411637477137,-0.03493232137776604,0.09642428787794778,0.12295727614631062,1.1035073708137055,0.008593806653612023,3.4970996579883917,Telecom Services,Communication Services,DISH
2016Q4,2016,Q4,2017-02-22,2016-12-31,342673000.0,3724180000.0,540822000.0,0.733383427061356,977118000.0,0.2623713139536757,28091847000.0,4637119000.0,8283054000.0,4527985000.0,23456954000.0,464835000.0,1352040000.0,27067760406.78,38222935406.78,9.924289990490433,1.8293024380601968,0.5866079222202798,3.5536935756878356,0.01676677346834839,9.924289990490433,0.07389782319582482,7.268112821286834,19.747514690959022,5.837193396757772,0.0,5.909757225682231,0.0,0.13257156070941153,1.3499315920878714,0.012198307928987368,73.24142557081356,0.2623713139536757,0.1504360540772945,0.05333505589936735,-0.01439877349899277,11.601496323604259,0.05713577848052649,0.11465198128980633,0.08966392649903288,0.17181209213988402,0.167513458227769,3.674616553670011,Telecom Services,Communication Services,DISH
2016Q3,2016,Q3,2016-11-09,2016-09-30,307426000.0,3746111000.0,496320000.0,0.637483,924307000.0,0.2467377501627688,27576509000.0,4292552000.0,7900988000.0,4590141000.0,23284492000.0,479404000.0,1009367000.0,25569251448.18,37256681448.18,9.19643654944531,1.721295271757447,0.5973101961528198,3.8372814120830685,0.015319053012277942,9.19643654944531,0.07161846845419695,6.825545598670194,20.793013154531497,5.956655026702065,0.0,5.886066866359062,0.0,0.13584427963670093,1.2585907491730646,0.011148111604699492,87.93211266156322,0.2467377501627688,-0.27272716901358635,-0.07552593378980493,-0.0022125654749476005,39.48148730027842,-0.12064225071257596,-0.25102810477898185,-0.19143078238911743,-0.039612597699586485,0.02323995852511371,5.023479719208886,Telecom Services,Communication Services,DISH
2016Q2,2016,Q2,2016-07-21,2016-06-30,410464000.0,3837036000.0,613825000.0,0.876539,1051116000.0,0.27393957210722025,24449795000.0,3520938000.0,4913071000.0,3760793000.0,20930210000.0,475193000.0,701941000.0,24451833400.8,35339542400.8,7.545329962618007,1.3063922954547087,0.5822982564884491,4.043545498387077,0.02179616102865965,7.545329962618007,0.1165780255147918,6.372583786235,14.89280022170032,6.944692976928307,0.0,5.862712624133773,0.0,0.15693530354753485,1.1562638517993413,0.016788034419102493,79.9654437857283,0.27393957210722025,0.047618193922052944,0.17543144638267266,0.02456081122724146,36.7929810806933,0.05646381985611164,0.05439132780189576,0.09583819817117803,37.392164556386476,0.04262425647536554,9.03184816314496,Telecom Services,Communication Services,DISH
2016Q1,2016,Q1,2016-04-20,2016-03-31,389290000.0,3787235000.0,560142000.0,0.836697,994938000.0,0.26270828189959167,22009374000.0,3123034000.0,2557501000.0,3844973000.0,18887795000.0,455257000.0,291477000.0,21566798363.52,33108965363.52,6.698794619621057,0.6651544757271377,0.5566327783788853,3.922832412327243,0.022823340998051153,6.698794619621057,0.1246512205758887,5.694602622631023,13.850085003159597,6.905720002894621,0.0,6.133452094091909,0.0,0.1720737264040313,0.436075103778362,0.01768746353258389,42.398491678321264,0.26270828189959167,4.113253757080044,-0.3234856499187768,0.12149476925285986,6.915021230683919,0.030100479880728673,4.106987509477633,5.404532372969317,0.762340558700925,0.0397204865918293,9.513223219537561,Telecom Services,Communication Services,DISH
2015Q4,2015,Q4,2016-02-18,2015-12-31,-125295000.0,3778683000.0,-127174000.0,-0.26875322902838084,965865000.0,0.2556088986559603,22886710000.0,2748787000.0,3543243000.0,5162940000.0,20138923000.0,390328000.0,1471084000.0,26657793567.36,39360560567.36,5.896048383105758,0.6862839777336169,0.6010442304726192,5.004361924005025,-0.0053378602151900115,5.896048383105758,-0.045581923954093204,7.054784317012039,-53.19005859643242,9.698020824225376,0.0,7.206293168822119,0.0,0.1651038091538714,0.4793968165425126,-0.0054745745456642745,-2705.2763920600773,0.2556088986559603,-1.6424154747444255,-1.4750260226933296,0.12508722451253446,3.31442388878213,0.09686214967333696,-1.6377017391171576,-1.2879063660237255,-1.5848285452858912,0.0274639865128723,71.77204937576427,Telecom Services,Communication Services,DISH
2015Q3,2015,Q3,2015-11-09,2015-09-30,196479000.0,3733565000.0,441720000.0,0.418348,880571000.0,0.2358525966469045,23102959000.0,2855912000.0,13625813000.0,5265911000.0,20247441000.0,408624000.0,1596379000.0,27129189441.16,39646423441.16,6.141499599218245,2.587550947974624,0.5956646072912132,4.818641120594752,0.016273874859315526,6.141499599218245,0.0687972878716151,7.266296272104544,34.51919726937739,9.499308606553704,0.0,6.981954070245507,0.0,0.1616054895825249,0.47820272693556726,0.008504495030268634,51.939289601608195,0.2358525966469045,-0.40000028684239586,-0.22827902569501063,0.11988289518029122,2.9392356910246065,-0.09493709266459666,-0.39437401170693814,-0.17278885066490382,2.2074010681392746,0.03187266632140246,24.4752943746294,Telecom Services,Communication Services,DISH
2015Q2,2015,Q2,2015-08-05,2015-06-30,324423000.0,3832425000.0,533987000.0,0.697247,972939000.0,0.253870330143447,22762688000.0,2667858000.0,13278283000.0,5309235000.0,20096008000.0,466200000.0,1399900000.0,31468672297.53,44542097297.53,5.740333226393496,2.5009785778930484,0.6048351583081928,5.160572264340906,0.020750681857409553,5.740333226393496,0.12160429827974352,8.211164549216226,24.249723584278858,11.79548247977591,0.0,6.1336036036036035,0.0,0.1683643425591916,0.39821537377795485,0.014252402879659907,105.9290891381243,0.253870330143447,-0.07894733365829563,0.22164624881725362,0.17029600821982016,2.6332363012283464,0.03696649631496768,-0.07699332830704013,0.10359130580350223,0.397971603337195,0.0436875646094734,14.15063473133819,Telecom Services,Communication Services,DISH
2015Q1,2015,Q1,2015-05-11,2015-03-31,351485000.0,3724228000.0,483863000.0,0.757011,938255000.0,0.2519327495523905,22925205000.0,2290609000.0,13413600000.0,5924663000.0,20636824000.0,484747000.0,1075477000.0,32501838029.86,45874865029.86,4.937568958179048,2.264027506712196,0.6291295541304865,6.29654559115065,0.022410776464938647,4.937568958179048,0.1534460922837551,8.727134329546956,23.117514282159977,14.189168919645388,0.0,5.747272288430872,0.0,0.16245124089402907,0.39285846300456245,0.015331814917249376,-3.842628780472983,0.2519327495523905,-0.14329702235835146,0.47134650695850633,0.17762007868297655,2.1965593821727807,-0.105083138835608,-0.14257312224038252,-0.09541409609272761,-0.05573883812524257,0.0064407431222693315,40.05928751379207,Telecom Services,Communication Services,DISH
2014Q4,2014,Q4,2015-02-23,2014-12-31,409930000.0,3681719000.0,534900000.0,0.8836329740371828,1048427000.0,0.2847656217109453,22107462000.0,2013009000.0,12577734000.0,4112525000.0,20095328000.0,493754000.0,723992000.0,33814715586.59,41173999586.59,4.339182615162626,3.058396970231184,0.6542487780822602,7.185154164735478,0.03358377247045549,4.339182615162626,0.2036404208823706,9.184491153884911,20.622249888145536,16.79809458705351,0.0,5.333206414530313,0.0,0.16653738904990542,2.4772454878693746,0.018542607921253014,-33.91802990568271,0.2847656217109453,1.8616818199215064,1.215495315732921,0.2012741108479375,1.9301843546238069,0.22655318651107018,1.8170204578096332,0.3768020818050547,0.26913365336262396,-0.018631267089709132,5.635276537281112,Telecom Services,Communication Services,DISH
2014Q3,2014,Q3,2014-11-04,2014-09-30,145519000.0,3679351000.0,388509000.0,0.308781,854775000.0,0.23231678630280178,21123431000.0,1543703000.0,11413787000.0,5466747000.0,19578534000.0,528011000.0,314062000.0,29872967956.48,38493421956.479996,3.3372090742786367,2.087857184537715,0.6329942328024268,8.661646702766012,0.018342868946780992,3.3372090742786367,0.09426618980464506,8.119086207453433,51.3214218701338,19.35149958021718,0.0,5.349464310402624,0.0,0.17418339852081796,1.8840999958476219,0.0068889850327818435,93.74028943472722,0.23231678630280178,-0.32608671929391886,0.7516844261831869,0.23372187029646063,2.0832892263092737,-0.06714402176582099,-0.31781466671042086,-0.14565337860422567,-0.5584402349083514,-0.01111847579527092,13.689949311609492,Telecom Services,Communication Services,DISH
2014Q2,2014,Q2,2014-08-06,2014-06-30,213313000.0,3688119000.0,454744000.0,0.458191,916299000.0,0.248446159139659,20768696000.0,1427244000.0,11093667000.0,5308191000.0,19332765000.0,528336000.0,168543000.0,30046039318.12,39380225318.119995,3.091423749285431,2.089914812786503,0.6481651520153215,9.431845570904484,0.019227591767631638,3.091423749285431,0.14945797635162594,8.146710916356007,35.21355861822767,21.05178884487866,0.0,5.2463205233033525,0.0,0.1775806723734605,1.8605048311185486,0.010270890382333104,500.93430006868954,0.248446159139659,0.2105250643318732,2.2676017680571423,0.23393154736849175,1.9122360828261897,0.019661017703595803,0.21248102949451775,0.018924575059713466,-0.3825809716463312,-0.004623814139703708,15.664868510559694,Telecom Services,Communication Services,DISH
2014Q1,2014,Q1,2014-05-08,2014-03-31,175931000.0,3594198000.0,446298000.0,0.378506,898631000.0,0.2500226754341302,20550786000.0,1129840000.0,12588779000.0,4636621000.0,19406103000.0,522890000.0,-44770000.0,28631023388.5,38062821388.5,2.454936571643184,2.715076129793658,0.6617987749957592,12.037531862918643,0.018531280130967803,2.454936571643184,0.15571319832896693,7.965900428551794,40.68501768946348,25.34077691398782,0.0,5.155132054543021,0.0,0.17489345662983402,2.135454245667265,0.008560791786747231,-32.43158334607669,0.2500226754341302,-0.39521689285406786,-0.4515256179797741,0.2059450249309086,1.6607238751321984,0.24986404407336474,-0.3892090626931169,-0.06599390580789902,-0.6902940736916284,0.07815294988171646,3.1677037087716036,Telecom Services,Communication Services,DISH
2013Q4,2013,Q4,2014-02-21,2013-12-31,288038000.0,3141931000.0,477832000.0,0.625854121134815,718983000.0,0.22883475162248948,20375628000.0,977080000.0,12313446000.0,4551649000.0,19378623000.0,512707000.0,-220701000.0,26656628752.0,35607490752.0,2.1230169098466347,2.7052714302003515,0.669961387202397,13.97110164981373,0.02166811591865087,2.1230169098466347,0.2947946943955459,8.484154729050383,23.13638196349093,27.281930601383717,0.0,4.725794654646806,0.0,0.15420044967448365,2.350120143271153,0.01413639864253509,88.98772425672834,0.22883475162248948,-0.07599276989984882,0.296412027980111,0.04853142397395127,1.4886684501192533,-0.20605773499148616,-0.08532650805949674,0.20233203580082582,0.10620808175482535,-0.052354824617753044,1.8333651173074734,Telecom Services,Communication Services,DISH
2013Q3,2013,Q3,2013-11-12,2013-09-30,314908000.0,3601577000.0,397421000.0,0.677326,905586000.0,0.2514415213113589,20345240000.0,701064000.0,12338988000.0,3923072000.0,19619404000.0,580714000.0,-508739000.0,20667814407.239998,29985685407.239998,1.5267647569423801,3.14523618225717,0.693593390886517,20.1284390583456,0.023591297717857528,1.5267647569423801,0.4491858089988931,5.738545755717564,16.4078194323739,29.480638582554516,0.0,4.64254521158436,0.0,0.1770230776338839,2.8628179651048975,0.015478215051776238,252.40049346327163,0.2514415213113589,35.00060237939862,2.3672449994739373,0.20504717100356426,1.3234918435580827,-0.12495144449018164,29.493304379297864,18.224157113142745,0.25260087836536155,0.09402299979810884,1.4820901899656638,Telecom Services,Communication Services,DISH
2013Q2,2013,Q2,2013-08-06,2013-06-30,-11052000.0,3606133000.0,20673000.0,-0.019921,1034898000.0,0.2869827596486319,20065801000.0,343915000.0,12161891000.0,4011900000.0,19696113000.0,577288000.0,-823647000.0,19625175322.08,29700222322.08,0.7521375762382516,3.0314541738328473,0.7061202789761545,41.1987525987526,0.0004042783192880033,0.7521375762382516,-0.032135847520462904,5.442166254566873,-443.92814246471227,57.06402838515331,0.0,4.453990036169122,0.0,0.17971537742251106,2.5996134001345994,-0.0005507878803343062,74.7363793340239,0.2869827596486319,-1.042552418872503,-1.0324902997546614,0.2215412082675885,1.1623463422083873,0.08137100010031097,-1.0512620710767262,-0.9542888604387367,-1.0423005953897582,0.11927182992147026,1.2139977497093837,Telecom Services,Communication Services,DISH
2013Q1,2013,Q1,2013-05-09,2013-03-31,215598000.0,3555224000.0,452253000.0,0.468152,957024000.0,0.26918810179049196,17654399000.0,289936000.0,9336561000.0,3872560000.0,17334445000.0,571383000.0,-812595000.0,17309394417.96,26258185417.96,0.6371780071379206,2.4109532195756813,0.6728993153491093,40.97329410628552,0.023156603939485137,0.6371780071379206,0.7436054853484907,4.868721188302059,20.071376378676984,59.700742294713315,0.0,4.547212640208056,0.0,0.20137893110946456,2.0584652013138593,0.012212140441597586,46.166387288356646,0.26918810179049196,0.01873623666775711,-0.1743987111553831,0.2376641725809506,1.117770383138704,-0.055466510860382304,0.031046454908037074,-0.004069579234575568,-0.07986973127703527,0.1461259162233473,1.1544122885194523,Telecom Services,Communication Services,DISH
2012Q4,2012,Q4,2013-02-20,2012-12-31,209106000.0,3589510000.0,454101000.0,0.45954191394163546,1013224000.0,0.2822736250908898,17379608000.0,36867000.0,9059153000.0,3924467000.0,17307980000.0,623720000.0,-1028193000.0,16563142923.599998,24845102923.6,0.08102078248011188,2.3083779274994543,0.684025784701243,322.4591097729677,0.024054997691447,0.08102078248011188,5.67190170070795,4.61431864616619,19.802328631890045,449.26744578077955,0.0,4.13051689860835,0.0,0.20653572853887153,2.0659218181730155,0.012031686790634172,-51.46902166384925,0.2822736250908898,2.3181591455024195,0.18295220939795603,0.22943173110773307,-0.9429585057596961,-0.009744965524655614,2.3196054549699925,2.6631969497745662,0.15218986574146656,0.194051529618634,1.0173683089527112,Telecom Services,Communication Services,DISH
2012Q3,2012,Q3,2012-11-06,2012-09-30,-158461000.0,3523347000.0,-273029000.0,-0.348624,1023195000.0,0.2904042661707745,16514257000.0,109165000.0,8335918000.0,4142065000.0,16364673000.0,628817000.0,-784409000.0,13715999976.77,21019091976.77,0.2410766882181548,2.012502942372947,0.6291976078608925,95.1837218888838,-0.013581337349170566,0.2410766882181548,-1.4515733064626941,3.8928893398152384,-21.639393883621203,125.64466611798653,0.0,3.9759612097001193,0.0,0.21335183290413853,1.7434023850422433,-0.009595405957410012,32.33090853900405,0.2904042661707745,-1.7000004015790087,-1.7873357983865041,0.2509799929732689,-0.7644593620335259,-0.15536017064581584,-1.7019873123881417,-1.5829568358841213,-2.9485461195508353,0.20685082154442452,1.078255744020922,Telecom Services,Communication Services,DISH
2012Q2,2012,Q2,2012-08-08,2012-06-30,225732000.0,3571766000.0,468352000.0,0.498034,1211398000.0,0.3391593962202451,14521163000.0,171282000.0,6497028000.0,3515697000.0,14348785000.0,647222000.0,-625948000.0,12906591419.6,19710367419.6,0.37888400903230524,1.8480056728438201,0.6472945727556395,54.87716163986875,0.02969204768434936,0.37888400903230524,1.3178968017655095,3.6135041936117878,14.294153486878246,75.35287665720858,0.0,3.6469217671834393,0.0,0.24596969264789603,1.6127706682344924,0.015545035890031674,54.1708802662671,0.3391593962202451,-0.37499968626624197,-3.7920282875241056e-05,0.2852769848074063,-0.24865362828339735,-0.052719818394656934,-0.37350614748411093,-0.18179070632814534,2.5313370085073346,0.2204033154140314,1.1118033929593134,Telecom Services,Communication Services,DISH
2012Q1,2012,Q1,2012-05-07,2012-03-31,360310000.0,3581869000.0,572411000.0,0.796854,1278817000.0,0.35702506149722396,12409512000.0,-56766000.0,4349477000.0,3571119000.0,12465095000.0,670008000.0,-851680000.0,14787377725.28,20939115725.28,-0.12641216142090564,1.2179591326976222,0.6052136457904227,-132.30465419441214,0.05012296322765415,-0.12641216142090564,-6.3472853468625585,4.128397137159399,10.260177156670645,-260.4970884909982,0.0,3.4373500017910232,0.0,0.2886389891882936,0.9716229002729957,0.02903498542086103,21.442729096925564,0.35702506149722396,0.14449580078036423,1.2877408524285137,0.35115055985858723,-0.8585578786462961,-0.2210291318318181,0.1524240854107096,-0.04911957207880661,0.15124438882850194,0.23172128075226267,0.9659773152094303,Telecom Services,Communication Services,DISH
2011Q4,2011,Q4,2012-02-23,2011-12-31,312654000.0,3631450000.0,601980000.0,0.6962489503733191,1641675000.0,0.45207148659626323,11470231000.0,-420370000.0,3747823000.0,3220511000.0,11889234000.0,707151000.0,-1211990000.0,12789083438.08,19673754438.08,-0.9361216273210392,1.1637355065702306,0.6533241571159291,-17.826626543283297,0.05676683656762906,-0.9361216273210392,-0.7437590693912506,3.5217567192388715,10.22622726566748,-30.423397097985106,0.0,2.8137908310954804,0.0,0.3165978087102169,0.8805031251251743,0.027257864292358193,47.15634402660708,0.45207148659626323,-0.015496218406297465,1.0442692703715144,0.39423828858091114,-0.9118156145798162,0.3275661993926921,-0.020197493567826914,-0.036583823993060614,0.4422298795377975,0.24205867033086922,0.7845268671085943,Telecom Services,Communication Services,DISH
2011Q3,2011,Q3,2011-11-07,2011-09-30,319099000.0,3602651000.0,624839000.0,0.707208,1236605000.0,0.3432486244157427,13035490000.0,101751000.0,5423292000.0,4071903000.0,12932155000.0,667490000.0,-631366000.0,11219753041.65,18581719041.65,0.22717635054337693,1.331881432342568,0.6449686202820147,82.62800365598372,0.04702774596128329,0.22717635054337693,3.136077286709713,3.114304727726888,8.79018191975688,110.2667594583837,0.0,3.5446913062367975,0.0,0.2763725030666281,1.0290223023485578,0.024479248574468624,20.71429528610173,0.3432486244157427,-0.05333370814040818,1.2792256963378423,0.45372482153463806,1.2780841178121771,-0.051553088959297326,-0.046782769745489304,-0.12948639001813922,2.4980534296768027,0.23578667621268112,1.0481342630656805,Telecom Services,Communication Services,DISH
2011Q2,2011,Q2,2011-08-09,2011-06-30,334760000.0,3590161000.0,717782000.0,0.747051,1303821000.0,0.3631650502581918,12827702000.0,-94301000.0,6412775000.0,4248610000.0,12920307000.0,568657000.0,-950465000.0,13719860907.150002,20366056907.15,-0.21080473698481492,1.5093818919599586,0.6627411519226125,-90.15223592538786,0.05077513482903756,-0.21080473698481492,-3.5499093328808815,3.821516892181159,10.246042617957642,-145.49008925833238,0.0,4.020595895240892,0.0,0.2798756160690356,1.276617058284945,0.02609664614909202,56.16954575551262,0.3631650502581918,-0.38524541598845286,0.9790508953729136,0.45697513462243233,0.8160457075358001,0.26075731247769923,-0.3906740881771552,-0.2700668020537894,0.005921986175133153,0.24307750215280813,0.9544985132363005,Telecom Services,Communication Services,DISH
2011Q1,2011,Q1,2011-05-02,2011-03-31,549394000.0,3224131000.0,983353000.0,1.215202,1034157000.0,0.3207552670781677,10280613000.0,-504090000.0,4996755000.0,4291673000.0,10783085000.0,427699000.0,-1285225000.0,10842888978.6,16185711978.6,-1.1325055918432458,1.1642907090078858,0.6328751991734345,-12.907109841496558,0.10214177697197441,-1.1325055918432458,-1.0898728401674305,3.363042313913424,4.934022294837584,-21.509827567696245,0.0,5.120362684972376,0.0,0.31361271939717994,0.9680537170469419,0.05343980947439613,17.73617916390635,0.3207552670781677,1.14789074317697,2.7350056279354593,0.4098958423888907,0.268922767360699,0.056967413756274156,1.1816239655637975,0.9534925762144852,1.1507165908187134,0.1474193469581876,0.7906776191833722,Telecom Services,Communication Services,DISH
2010Q4,2010,Q4,2011-02-24,2010-12-31,251828000.0,3206579000.0,503382000.0,0.5657652764044137,978419000.0,0.30512861214397025,9632153000.0,-1133929000.0,4573393000.0,4499301000.0,10765596000.0,487575000.0,-1834619000.0,8750870169.1,14625134169.1,-2.5475231273249217,1.0164674468322967,0.6763738076004399,-5.74545319856887,0.058989023205294366,-2.5475231273249217,-0.22208445149564038,2.729036199981351,8.687348278487699,-7.717299909518145,0.0,4.569881556683587,0.0,0.3329036613101972,0.8282242063822802,0.02614451826087065,26.932300987316918,0.30512861214397025,0.03272556691938229,0.9012213916386229,0.4742774397256337,-0.3101144086209616,0.036419084824975266,0.028020443820316456,0.10716870080082348,0.45639225371779274,0.12275457410573413,-2.7935463142437023,Telecom Services,Communication Services,DISH
2010Q3,2010,Q3,2010-11-05,2010-09-30,244964000.0,3207728000.0,454657000.0,0.547837,944038000.0,0.29430113775232813,9292883000.0,-1416970000.0,4323234000.0,3590110000.0,10709394000.0,522838000.0,-2081504000.0,8594966496.33,14395980496.33,-3.1669691454437636,1.2042065563450701,0.7011140676149694,-4.598100877223936,0.058314213661232496,-3.1669691454437636,-0.17287874831506667,2.6794561435165325,8.771662873248722,-6.065736392675921,0.0,4.3296202647856505,0.0,0.3451811456143373,0.9635108673550392,0.02636038783658419,69.8323569737569,0.29430113775232813,-0.03508713219364583,0.18881403888200685,0.5277632606165323,-0.8292347514394179,-0.0327291207513261,-0.04679559515934472,-0.13532074323424811,0.23183134268482156,0.15266700332648667,-4.094243323364967,Telecom Services,Communication Services,DISH
2010Q2,2010,Q2,2010-08-09,2010-06-30,256990000.0,3169042000.0,525810000.0,0.567758,975981000.0,0.3079735137622032,9031019000.0,-1580752000.0,4101505000.0,3492943000.0,10611326000.0,464912000.0,-2272652000.0,8163046861.2,14361169861.2,-3.5146985295858464,1.1742261468337731,0.7204690854930103,-4.116123212243287,0.06630781927845707,-3.5146985295858464,-0.16257452149356763,2.5758720967409077,7.941016052375578,-5.164027539550796,0.0,4.717152923564029,0.0,0.3509063595149119,0.9794809133730497,0.028456367991253256,47.20215835270444,0.3079735137622032,0.0961531407168575,-0.6963874742885269,0.528552683644194,-0.6436443381016201,-0.628689965303141,0.11276613248927243,0.1506218010017966,0.14429082331481044,0.14622932719623935,-7.969826978516906,Telecom Services,Communication Services,DISH
2010Q1,2010,Q1,2010-05-10,2010-03-31,230947000.0,3057395000.0,456979000.0,0.517955,2628480000.0,0.8597122713944387,8688986000.0,-1850705000.0,3774997000.0,3469886000.0,10539240000.0,356149000.0,-2529642000.0,9337680411.54,15727248411.54,-4.126472143165289,1.0879311308786515,0.7468633278957982,-3.5064934714068423,0.06417597538356164,-4.126472143165289,-0.12478866161814012,3.0541295486975026,10.108033890394765,-5.045472083092659,0.0,1.2043133632271885,0.0,0.35187017219270467,0.9218856181442272,0.02657928094256338,23.019397332488587,0.8597122713944387,0.29864650819623884,-0.2582425178679827,0.5405195368359427,-0.03146787807191492,2.357552346791747,0.2910794447643379,0.2874642550254265,0.4681958499687504,0.15474676268680415,-59.66890421372063,Telecom Services,Communication Services,DISH
2009Q4,2009,Q4,2010-03-01,2009-12-31,178879000.0,2962982000.0,354945000.0,0.39884217662850846,782856000.0,0.2642122024365993,8295343000.0,-2092171000.0,3475952000.0,3287281000.0,10387031000.0,295950000.0,-2760589000.0,9315255626.69,15705975626.69,-4.664863038808598,1.0573942416240047,0.7831579718885645,-3.1051783052150137,0.05274285987304208,-4.664863038808598,-0.08549922544572121,3.1438785745880335,13.018934065331871,-4.452435114859158,0.0,7.366534887649941,0.0,0.3571861947119004,0.8880308680639105,0.021563785849482053,-925.9697442037774,0.2642122024365993,1.224539726415615,3.2918595899689698,0.5647745221027384,-0.026676206693767864,0.09853557777041856,1.2203892654104913,0.8233819472627053,0.17104780549051185,0.13900886590642741,-8.526922289994282,Telecom Services,Communication Services,DISH
2009Q3,2009,Q3,2009-11-09,2009-09-30,80562000.0,2892147000.0,194663000.0,0.179292,712636000.0,0.24640379621091182,8658739000.0,-1381929000.0,4007139000.0,3296573000.0,10040111000.0,278118000.0,-2036138000.0,8639786717.820002,14612038717.820002,-3.080626109103277,1.2155468724642227,0.7077037430046107,-4.434252410941517,0.03253378302601067,-3.080626109103277,-0.05829677212070953,2.987326272772443,26.810986314329337,-6.251975837991678,0.0,7.836641281758102,0.0,0.33401480284831314,1.0475681867199664,0.00930412615509025,22.25011580600717,0.24640379621091182,0.28571735903448586,-0.1985580359388471,0.5796090313056207,0.17836829554826178,-0.17168385167311176,0.27029328287606436,-0.2591576311372779,-0.42545909067725046,0.1652234202089469,-2.7709611577529563,Telecom Services,Communication Services,DISH
2009Q2,2009,Q2,2009-08-10,2009-06-30,63420000.0,2903701000.0,262759000.0,0.139449,860343000.0,0.29629187027176696,7265760000.0,-1519949000.0,2784350000.0,3024840000.0,8785709000.0,323104000.0,-2116700000.0,7270440728.96,12284235728.96,-3.3888417784439313,0.9204949683289033,0.705591156327762,-3.3729131701129447,0.033346539537303765,-3.3888417784439313,-0.041725084196903975,2.503853092642803,28.659889344686217,-4.7833451839239345,0.0,6.324149499851441,0.0,0.39964174429103083,0.7165731079991008,0.008728612010305873,55.89722859550389,0.29629187027176696,-0.8000005736847918,-0.22140265021427927,0.7108321967990244,0.08496254648422402,-0.07961376306079723,-0.7971754231108723,-0.5426802630869025,-0.6260548966436248,0.17529886928215513,-1.9572010598209633,Telecom Services,Communication Services,DISH
2009Q1,2009,Q1,2009-05-11,2009-03-31,312684000.0,2905321000.0,574563000.0,0.697247,934763000.0,0.3217417283666762,7063411000.0,-1666927000.0,2589105000.0,3011816000.0,8730338000.0,414833000.0,-2180120000.0,4984371046.38,9518835046.380001,-3.7155257499238954,0.859649128632028,0.6793318412308161,-2.8785903641851145,0.10304464442168824,-3.7155257499238954,-0.18758109983220622,1.715600804998828,3.985150380559926,-2.990155565528664,0.0,4.750244074121394,0.0,0.4113198283378951,0.6535007450654357,0.04426813051088207,7.679581670184672,0.3217417283666762,0.4442972679224964,8.81388648561837,0.9709249778952556,-0.6795177931990855,0.3362060709154975,0.44370775311195654,0.12117729245371382,1.1090381167959005,0.2604914237982276,-1.3985190913127101,Telecom Services,Communication Services,DISH
2008Q4,2008,Q4,2009-03-02,2008-12-31,216584000.0,2921022000.0,512464000.0,0.48275865051170025,699565000.0,0.2394932321632634,6460047000.0,-1949106000.0,2097984000.0,2980003000.0,8409153000.0,426671000.0,-2492804000.0,4975398281.22,9665157281.220001,-4.344493509512512,0.7040207677643278,0.7412226257796577,-2.456681678677301,0.0929415891382068,-4.344493509512512,-0.1111196620399301,1.7033073633885676,5.743035359514091,-2.5526565929302976,0.0,5.206486965366758,0.0,0.45216729847321546,0.5126243161500172,0.03352669105967805,64.33898800248284,0.2394932321632634,1.4233168879280584,1.9960383700797468,1.0685312956166988,-1.0230763970272758,-0.20911731222096985,1.3568638119593013,0.22645988895270916,0.6222824404928047,0.33242730831650896,-1.234242148352688,Telecom Services,Communication Services,DISH
2008Q3,2008,Q3,2008-11-10,2008-09-30,91895000.0,2936781000.0,417840000.0,0.199214,884537000.0,0.3011927004431042,7177248000.0,-2129498000.0,2856836000.0,4175034000.0,9306746000.0,394659000.0,-2685388000.0,9475185909.0,14261536909.0,-4.719639110988128,0.6842665233384926,0.8022983182411978,-2.704061708440205,0.04399641316064284,-4.719639110988128,-0.04315336290524809,3.2263849122559702,25.777207435116164,-4.449492748525709,0.0,5.200043581927689,0.0,0.4091792564503832,0.5330620062016261,0.012803653991056181,56.54261892514441,0.3011927004431042,-0.7260266060080124,1.820695220481892,1.1796463797951005,-1.5234969850205926,-0.15380008705593104,-0.7264093365288715,-0.3268332291512273,-0.5577662125716075,0.38700640570699707,-1.7260536745337947,Telecom Services,Communication Services,DISH
2008Q2,2008,Q2,2008-08-04,2008-06-30,335885000.0,2914990000.0,620708000.0,0.727129,1045305000.0,0.35859642743199804,7680593000.0,-2091761000.0,3948180000.0,4414102000.0,9772354000.0,335737000.0,-2777284000.0,13219905652.800001,18148441652.800003,-4.6329197566571,0.8944469339403576,0.8184045164221044,-3.0050431191708804,0.08946516178071205,-4.6329197566571,-0.16057522824070244,4.535146142113695,9.839607047650238,-6.319988589901046,0.0,5.5688976788379,0.0,0.37952668498382874,0.5981497482387131,0.04373164936613618,75.72362200239431,0.35859642743199804,0.2807023414905647,1.8030689115729768,1.2148737270667522,-1.4188624620196326,-0.18464347725702054,0.29894463286449613,0.22871599151173472,-0.6047130773688566,0.40057981488826877,-1.1665790857476117,Telecom Services,Communication Services,DISH
2008Q1,2008,Q1,2008-05-12,2008-03-31,258583000.0,2844394000.0,505168000.0,0.567758,1282022000.0,0.45071885259215144,6865438000.0,-2437764000.0,3130322000.0,4730862000.0,9303202000.0,319622000.0,-3113169000.0,12945016130.02,17490408130.02,-5.410341633918983,0.661681105895712,0.8062224143601617,-2.270552030467264,0.09360563230381824,-5.410341633918983,-0.1060738447199975,4.551062943467045,12.515339494494997,-5.3102007126284585,2.6717378946025065,4.888186670504534,0.053369265287963194,0.4143062685876706,0.5320446886846414,0.03766445782483215,20.25931916568331,0.45071885259215144,0.4615219202587596,3.7859891668582137,1.243534527951035,-1.3328076487459133,0.3892829819006192,0.4773216785214386,0.278783306922372,-0.17331341340740575,0.42658194745520017,-0.35238853218135374,Telecom Services,Communication Services,DISH
2007Q4,2007,Q4,2008-02-26,2007-12-31,175035000.0,2891055000.0,395038000.0,0.3884703965982799,922794000.0,0.3191893616690101,10086529000.0,639989000.0,4245138000.0,4225141000.0,9446540000.0,306915000.0,-84456000.0,16995684247.279999,21390320247.28,1.4203832413433688,1.0047328598027854,0.5527624022099178,8.711796609004217,0.03303364085308843,1.4203832413433688,0.2734968882277664,5.878713565559977,24.274693985888536,26.556213071287164,0.0,6.413049215580861,0.0,0.2866253594274106,0.8253681948129068,0.017353343256138954,42.16872828324732,0.3191893616690101,-0.11362768020106344,1.262216295649821,1.3392463820255982,1.5690276647239514,0.03443776462240198,-0.12342247596153846,-0.0037224410739595576,3.180250973337518,0.5197439307521136,1.3126080371796405,Telecom Services,Communication Services,DISH
2007Q3,2007,Q3,2007-11-09,2007-09-30,199680000.0,2794327000.0,396514000.0,0.43827,892073000.0,0.31924431177882906,9745963000.0,459822000.0,4270234000.0,2724540000.0,9286141000.0,341406000.0,-259491000.0,21070421286.6,25037476286.6,1.0235035885929318,1.567322924236752,0.5718158380038997,12.119681093988543,0.03625500176252448,1.0235035885929318,0.43425499432389053,7.540427905037599,26.38023498422476,45.82299517334969,0.0,5.571823576621384,0.0,0.28671635630055237,1.285452590162009,0.020488483282770517,55.85252600152153,0.31924431177882906,-0.1199998393683965,2.2772063885122096,1.4547560037068668,0.07747781456740102,-0.29722283933402344,-0.10936266441866378,-0.10220670479606207,0.9834569091318581,0.5238872466851004,1.2729779493600626,Telecom Services,Communication Services,DISH
2007Q2,2007,Q2,2007-08-09,2007-06-30,224199000.0,2760008000.0,441654000.0,0.498034,1269354000.0,0.4599095364940971,9394385000.0,226410000.0,3943907000.0,2598839000.0,9167975000.0,289345000.0,-459171000.0,19472375882.44,23967709882.44,0.5042734260720101,1.5175649588143012,0.5931426059289672,24.61114791749481,0.0434981636149399,0.5042734260720101,0.9902345302769312,7.055188203237091,21.713272452642517,86.00492859166998,0.0,5.15182221915015,0.0,0.29379336699528497,1.1953491539876075,0.02386521310335908,89.23154700668582,0.4599095364940971,0.42857060902290145,4.2538573506670225,1.5368947942667832,-0.6484904771964984,0.06604351167155868,0.4267468499427262,0.2982263270213229,1.7495939014025794,0.6244788553523072,1.1361612910356895,Telecom Services,Communication Services,DISH
2007Q1,2007,Q1,2007-05-10,2007-03-31,157140000.0,2644985000.0,340198000.0,0.348624,1190715000.0,0.4501783563989966,9066013000.0,-30474000.0,3815141000.0,2664882000.0,9096487000.0,311642000.0,-683370000.0,19458373074.15,24056790074.15,-0.06801626297104049,1.431635997391254,0.6136781405453533,-182.56920653671983,0.035747028506401095,-0.06801626297104049,-5.156526875369167,7.356704508399859,30.957065473701796,-638.5237603908249,0.0,4.666476277266864,0.0,0.29174732045939045,1.0715022278659994,0.017332867270320483,112.03254785473703,0.4501783563989966,0.02360129912133995,5.3752386721131575,1.5743191109724997,0.9620205592293196,0.5764524111196285,0.029777975831607642,0.09134362448832942,4.9321293589533015,0.7967133420674063,0.9692548157177727,Telecom Services,Communication Services,DISH
