Quarters,Year,Quarter,FillingDate,Date,NetIncome,Revenue,OperatingIncome,EPSDiluted,GrossProfit,GrossProfitRatio,TotalAssets,CommonStockEquity,CurrentAssets,CurrentLiability,TotalLiability,Inventory,RetainedEarnings,MarketCap,EnterpriseValue,bookValuePerShare,currentRatio,debtToAssets,debtToEquity,roic,shareholdersEquityPerShare,roe,priceToSalesRatio,peRatio,pbRatio,payoutRatio,inventoryTurnover,dividendYield,assetTurnover,quickRatio,returnOnAssets,priceToFreeCashFlowsRatio,grossProfitMargin,epsdilutedGrowth,fiveYNetIncomeGrowthPerShare,fiveYRevenueGrowthPerShare,fiveYShareholdersEquityGrowthPerShare,grossProfitGrowth,netIncomeGrowth,operatingIncomeGrowth,threeYNetIncomeGrowthPerShare,threeYRevenueGrowthPerShare,threeYShareholdersEquityGrowthPerShare,Industry,Sector,Symbol
2023Q1,2023,Q1,2023-05-15,2023-03-31,-10490000.0,0.0,-11584000.0,-0.41,0.0,0.0,102026000.0,57208000.0,98546000.0,7864000.0,44818000.0,0.0,-299802000.0,242833087.35,150771087.35,2.226284753447953,12.531281790437436,0.02411150098994374,0.04300097888407216,-0.17721301778199244,2.226284753447953,-0.18336596280240525,0.0,-5.787251843422307,4.244740024996504,0.0,0.0,0.0,0.0,12.019582909460834,-0.10281692901809343,-16.02541327459909,0.0,0.16326530612244902,0.8094215067665849,0.0,-0.6982356049908499,-1.0,-0.048685394381685496,-0.025949871579133824,0.5848164670079778,0.0,3.251062723854353,Biotechnology,Healthcare,ATNM
2022Q4,2022,Q4,2023-03-31,2022-12-31,-10003000.0,114000.0,-11291000.0,-0.49,114000.0,1.0,114192000.0,66481000.0,110942000.0,10628000.0,47711000.0,0.0,-288765000.0,219053172.45000002,112724172.45000002,3.23219537101938,10.438652615732028,0.022602283872775675,0.0388231223958725,-0.14806815292234984,3.23219537101938,-0.15046404235796693,1921.5190565789476,-5.474686905178447,3.2949740895895068,0.0,0.0,0.0,0.000998318621269441,10.247459540835528,-0.08759808042594928,-28.10535956505004,1.0,-0.36111111111111116,0.7223362304955326,0.0,-0.30306699544847765,1.5333333333333334,-0.09334353481254781,-0.1522604347382386,0.39065056964243555,0.0,2.302164599303716,Biotechnology,Healthcare,ATNM
2022Q3,2022,Q3,2022-11-14,2022-09-30,-9149000.0,45000.0,-9799000.0,-0.36,45000.0,1.0,116816000.0,71255000.0,113423000.0,8350000.0,45561000.0,0.0,-278118000.0,185714740.62,76500740.62,2.831557141045641,13.583592814371258,0.022265785508834405,0.03650270156480247,-0.1237669679175952,2.831557141045641,-0.12839800715739247,4126.9942360000005,-5.074727856049841,2.606339774331626,0.0,0.0,0.0,0.0003852212025749897,13.391017964071857,-0.07831975071907958,-32.08616804077402,1.0,-0.12499999999999993,0.8609602681383468,0.0,-0.6236305923118827,0.0,-0.19065590838105154,-0.24828025477707005,0.7000522404095884,0.0,0.5516147736503599,Biotechnology,Healthcare,ATNM
2022Q2,2022,Q2,2022-08-12,2022-06-30,-7684000.0,45000.0,-7850000.0,-0.32,45000.0,1.0,121800000.0,78181000.0,118297000.0,6282000.0,43619000.0,0.0,-268644000.0,114150371.66,468371.6599999964,3.2943441578979438,18.831104743712192,0.02174055829228243,0.0338701218966245,-0.09303296767203777,3.2943441578979438,-0.09828474949156445,2536.674925777778,-3.7138980888859963,1.4600781732134405,0.0,0.0,0.0,0.00036945812807881776,18.517987901942057,-0.06308702791461412,4.1287026786747685,1.0,-0.3913043478260869,0.9109734442012191,0.0,-0.2797229407686572,-0.9521276595744681,-0.508441303494307,-0.5201394268009295,0.674638035872653,0.0,0.059911827242444066,Biotechnology,Healthcare,ATNM
2022Q1,2022,Q1,2022-05-13,2022-03-31,-5094000.0,940000.0,-5164000.0,-0.23,940000.0,1.0,74562000.0,68837000.0,74053000.0,5723000.0,5725000.0,0.0,-260877000.0,113155707.14,41333707.14,3.1086109476103974,12.939542198147825,0.0026420965102867413,0.0028618330258436595,-0.07408185873409148,3.1086109476103974,-0.07400090067841422,120.37841185106383,-5.553381779544563,1.6438210139895697,0.0,0.0,0.0,0.012606957967865668,12.584134195352089,-0.06831898285990183,-19.55005306496199,1.0,0.37837837837837834,0.9468364647889703,0.0,-0.5501700647429764,39.869565217391305,0.36404494382022473,0.3553058676654182,0.8415169719472204,0.0,1.2729935873346845,Biotechnology,Healthcare,ATNM
2021Q4,2021,Q4,2022-03-25,2021-12-31,-8010000.0,23000.0,-8010000.0,-0.37,23000.0,1.0,80388000.0,73545000.0,79749000.0,6840000.0,6843000.0,0.0,-255748000.0,129452124.55,51933124.55,3.414431795047739,11.659210526315789,0.0038562969597452355,0.004215106397443742,-0.10845575790400108,3.414431795047739,-0.10891291046298185,5628.353241304348,-4.040328481585518,1.7601757366238358,0.0,0.0,0.0,0.0002861123550778723,11.378508771929825,-0.09964173757277206,-25.623935975851147,1.0,-0.23333333333333336,0.8965254690546748,0.0,-0.6467551572707186,0.0,-0.24708080336291452,-0.23821301592208996,0.770126304832148,0.0,0.5135467480197088,Biotechnology,Healthcare,ATNM
2021Q3,2021,Q3,2021-11-12,2021-09-30,-6423000.0,233000.0,-6469000.0,-0.3,0.0,0.0,84479000.0,80285000.0,83261000.0,4190000.0,4194000.0,0.0,-247738000.0,190839571.29999998,109228571.29999998,3.727345933311683,19.871360381861574,0.00498348702044295,0.0052438188951859,-0.07973917438090894,3.727345933311683,-0.08000249112536588,819.0539540772531,-7.42797646349058,2.377026484399327,0.0,0.0,0.0,0.0027580818901738894,19.578042959427208,-0.07603072953041584,-33.74108403465346,0.0,-0.19999999999999996,0.9282201856580626,0.0,-0.5840649076205698,0.0,-0.27922724556861184,-0.274679802955665,0.8214097680336664,0.0,0.18517457739364088,Biotechnology,Healthcare,ATNM
2021Q2,2021,Q2,2021-07-30,2021-06-30,-5021000.0,266000.0,-5075000.0,-0.25,0.0,0.0,84454000.0,80499000.0,83171000.0,3873000.0,3955000.0,0.0,-241315000.0,160029408.98,78646408.97999999,3.9789379593320797,21.47456751871934,0.006263764889762474,0.006571510205095716,-0.062226418333190286,3.9789379593320797,-0.062373445632865,601.6143194736842,-7.968004828719379,1.987967663946136,0.0,0.0,0.0,0.003149643592961849,21.149496514329975,-0.05945248300850167,-34.45197179332615,0.0,0.13793103448275856,0.9419649829821783,0.0,-0.6770428461373389,0.0,0.05620300751879699,0.05528667163067759,0.8122496655523763,0.0,-0.15479625004674458,Biotechnology,Healthcare,ATNM
2021Q1,2021,Q1,2021-05-14,2021-03-31,-5320000.0,622000.0,-5372000.0,-0.29,0.0,0.0,75097000.0,70736000.0,73747000.0,4164000.0,4361000.0,0.0,-236294000.0,140020868.04,68401868.03999999,3.8494856341414807,17.71061479346782,0.008442414477276056,0.008962904320289527,-0.07460696627965113,3.8494856341414807,-0.07520922868129383,225.11393575562698,-6.579928009398496,1.9794852414612079,0.0,0.0,0.0,0.008282621143321305,17.351825168107588,-0.07084171138660665,-24.800012051009563,0.0,-238.6694214876033,0.9030114511257241,0.0,-0.7169031506105266,0.0,-238.47783029484583,0.1651903651903652,0.8648399662059244,0.0,-0.4782169254476387,Biotechnology,Healthcare,ATNM
2020Q4,2020,Q4,2021-03-31,2020-12-31,-22215.0,0.0,-6435000.0,-0.00121,0.0,0.0,65237000.0,61319000.0,64925000.0,4767000.0,5078000.0,0.0,0.0,143328447.6,80110447.6,3.337008165572289,13.619676945668136,0.006545365360148382,0.0069635838810156725,-0.10298636450931438,3.337008165572289,-0.00036228575156150623,0.0,-1612.9692505064147,2.3374231086612633,-0.04501462975467027,0.0,6.976982007024821e-06,0.0,13.333333333333334,-0.00034052761469718104,-22.040357927110563,0.0,-2.3707142545126354,0.999727340386964,0.0,-0.7759876809168021,0.0,-3.009927797833935,-0.1464457509353287,0.9993097643138447,0.0,-0.28046703243938437,Biotechnology,Healthcare,ATNM
2020Q3,2020,Q3,2020-10-23,2020-09-30,-5540.0,0.0,-5613000.0,-0.0003589743622972726,0.0,0.0,50527000.0,45427000.0,49180000.0,4680000.0,5100000.0,0.0,-224594000.0,149544384.32999998,102187384.32999998,2.9435249740213365,10.508547008547009,0.00904466918677143,0.010060096418429568,-0.1201335530680821,2.9435249740213365,-0.00012195390406586391,0.0,-6748.39279467509,3.2919713899222924,-0.18050541516245489,0.0,6.686977946248368e-06,0.0,10.306410256410256,-0.00010964434856611317,-29.89691809876049,0.0,0.999123584910186,0.9998751719382905,0.0,-0.8235728420455125,0.0,0.9988021621621621,-0.20398970398970398,0.9998627163741685,0.0,-0.6087478741190149,Biotechnology,Healthcare,ATNM
2020Q2,2020,Q2,2020-08-14,2020-06-30,-4625000.0,0.0,-4662000.0,-0.409594,0.0,0.0,55958000.0,50774000.0,54508000.0,4656000.0,5184000.0,0.0,-219054000.0,120114098.445,67740098.445,4.457526942560902,11.707044673539519,0.010078987812287787,0.011108047425847875,-0.08918050348152115,4.457526942560902,-0.09108992791586244,0.0,-6.49265397,2.3656615284397526,0.0,0.0,0.0,0.0,11.483247422680412,-0.08265127416991315,-26.626933816226998,0.0,0.54490010655449,0.9335391420237011,0.0,-0.7660744579254233,0.0,0.18430335097001763,0.17965863100475102,0.8883576924177036,0.0,-0.02540407324021047,Biotechnology,Healthcare,ATNM
2020Q1,2020,Q1,2020-05-08,2020-03-31,-5670000.0,0.0,-5683000.0,-0.900009,0.0,0.0,8364000.0,3020000.0,6806000.0,4710000.0,5344000.0,0.0,-214428000.0,33561914.64,28922914.64,0.5237007539209926,1.4450106157112526,0.07998565279770445,0.22152317880794703,-1.2030059271803557,0.5237007539209926,-1.8774834437086092,0.0,-1.4798022328042328,11.113216768211922,0.0,0.0,0.0,0.0,1.2615711252653927,-0.6779053084648493,-5.733159316706526,0.0,-0.1276753830925561,0.6455278082148119,0.0,-0.9646969580066981,0.0,-0.23195656212417992,-0.22650926140747496,0.7727678436700967,0.0,-0.9242181539599148,Biotechnology,Healthcare,ATNM
2019Q4,2019,Q4,2020-07-13,2019-12-31,-4602435.0,0.0,-4633475.0,-0.79811,0.0,0.0,11670407.0,5644463.0,10087638.0,5343633.0,6025944.0,0.0,-208757561.0,37662004.212,29836293.211999997,0.9788111021785257,1.8877864553946726,0.06390599745150276,0.13213108138010649,-0.6229591708460795,0.9788111021785257,-0.8153893470468315,0.0,-2.045765133673805,6.6723803862298325,0.0,0.0,0.0,0.0,1.7317489805156903,-0.39436799419249047,-7.51010484314168,0.0,0.3349149841834915,0.8369480063291077,0.0,1.5643836026128424,0.0,0.3025901432964518,0.3034861207567818,0.7779250461261876,0.0,-0.8987357210203423,Biotechnology,Healthcare,ATNM
2019Q3,2019,Q3,2019-11-12,2019-09-30,-6599326.0,0.0,-6652380.0,-1.200012,0.0,0.0,16317781.0,9935804.0,14550835.0,5540903.0,6381977.0,0.0,-204155126.0,37567360.5,24505718.5,1.824909886868416,2.6260764716509204,0.025137792938880597,0.04128432887766305,-0.5748719768771562,1.824909886868416,-0.664196475695374,0.0,-1.4231514134928325,3.7810086128913176,0.0,0.0,0.0,0.0,2.583136539296934,-0.40442545466200336,-6.710233047388613,0.0,-0.3333333333333335,0.8105393672299415,0.0,-0.26916555635285677,0.0,-0.31279762271833356,-0.30789956093889714,0.7082323684183093,0.0,-0.7963580317042501,Biotechnology,Healthcare,ATNM
2019Q2,2019,Q2,2019-08-09,2019-06-30,-5026918.0,0.0,-5086308.0,-0.900009,0.0,0.0,21818881.0,15700472.0,19945330.0,5178081.0,6118409.0,0.0,-197555800.0,37127937.0,19024771.0,3.1081303870990733,3.8518767860139693,0.02188466952086131,0.030413034716408525,-0.29072888795046314,3.1081303870990733,-0.320176234192195,0.0,-1.8464562680354046,2.3647656580006,0.0,0.0,0.0,0.0,3.769928087258581,-0.2303930251968467,-6.912376615692581,0.0,0.4000000000000001,-1.2434279348552923,0.0,-0.38279321227528773,0.0,0.11347697462689857,0.10755315930913427,0.7672918818480059,0.0,-0.747723399080073,Biotechnology,Healthcare,ATNM
2019Q1,2019,Q1,2019-05-10,2019-03-31,-5670375.0,0.0,-5699284.0,-1.500015,0.0,0.0,12235010.0,5342682.0,10264562.0,5854893.0,6892328.0,0.0,-192527613.0,70317540.0,61967115.0,1.3676285603847915,1.7531596222168364,0.04389224038231272,0.10051543400861215,-0.7830030179628346,1.3676285603847915,-1.0613349250432649,0.0,-3.100215594206732,13.161468341181452,0.0,0.0,0.0,0.0,1.6951431904904155,-0.46345487253381895,-12.69096949620936,0.0,0.07277127350501308,0.9269064358710989,0.0,1.0853930036986255,0.0,0.1027528475427893,0.10438705899860723,0.5137414609751532,0.0,-0.8994225791762585,Biotechnology,Healthcare,ATNM
2018Q4,2018,Q4,2019-03-15,2018-12-31,-6319747.0,0.0,-6363557.0,-1.61774,0.0,0.0,14889394.0,8812797.0,14329605.0,6063243.0,6076597.0,0.0,-186857238.0,45354813.3,31944098.299999997,2.2559143280609644,2.363356540386061,0.01673936494661905,0.02828148657004127,-0.7011882684931446,2.2559143280609644,-0.7171102432065551,0.0,-1.7941704509690024,5.146472033793585,0.0,0.0,0.0,0.0,2.255114630899669,-0.4244462199065993,-10.553882334489755,0.0,0.10126454291012643,0.7686311658193502,0.0,2.216428547783885,0.0,-0.027920545717539224,-0.02683296150270135,0.6351445655375145,0.0,-0.8485611735998603,Biotechnology,Healthcare,ATNM
2018Q3,2018,Q3,2018-11-09,2018-09-30,-6148089.0,0.0,-6197266.0,-1.800018,0.0,0.0,15702316.0,11580092.0,15156709.0,4122224.0,4122224.0,0.0,-180537491.0,81985460.47199999,67179988.47199999,3.1449762797887724,3.67682809085581,0.0,0.0,-0.5351655237281362,3.1449762797887724,-0.5309188389867714,0.0,-3.333778206203586,7.079862618708037,0.0,0.0,0.0,0.0,3.5916223863623133,-0.39154026705359896,-12.286662780994854,0.0,-0.49999999999999983,0.07551734892111295,0.0,3.0941655587887746,0.0,-0.26431307952841887,-0.26144780390895656,0.4193769075268987,0.0,-0.8114983797404709,Biotechnology,Healthcare,ATNM
2018Q2,2018,Q2,2018-08-09,2018-06-30,-4862790.0,0.0,-4912820.0,-1.200012,0.0,0.0,22584512.0,17318293.0,22084332.0,5266219.0,5266219.0,0.0,-174389402.0,70631846.39999999,49157582.39999999,4.707667186228336,4.193584049580923,0.0,0.0,-0.2836780738147807,4.707667186228336,-0.2807892209699882,0.0,-3.6312408308810373,4.078453136229997,0.0,0.0,0.0,0.0,4.07773850650723,-0.2153152567564887,-16.694915404870066,0.0,0.4285714285714285,0.6489861970545728,0.0,0.8175174516699343,0.0,0.22987187257542885,0.22677554217013482,0.7836346096738677,0.0,-0.7529474049993103,Biotechnology,Healthcare,ATNM
2018Q1,2018,Q1,2018-05-10,2018-03-31,-6314261.0,0.0,-6353679.0,-2.100021,0.0,0.0,28140652.0,21747518.0,27647476.0,6393134.0,6393134.0,0.0,-169467298.0,32287176.729,5523650.728999998,7.377559414789301,4.32455756441207,0.0,0.0,-0.2921565118373508,7.377559414789301,-0.2903439831616647,0.0,-1.2783434486236789,1.4846373148880714,0.0,0.0,0.0,0.0,4.186292043933382,-0.2243821856011012,-5.906657274888474,0.0,-0.19898429917213808,-1.2167058733766767,0.0,8.550612891600487,0.0,-0.22296613778892446,-0.2202513184046972,0.2277669193629888,0.0,-0.502673448761773,Biotechnology,Healthcare,ATNM
2017Q4,2017,Q4,2018-03-16,2017-12-31,-5163071.0,0.0,-5206861.0,-1.7515,0.0,0.0,18337107.0,13671103.0,17838958.0,4666004.0,4666004.0,0.0,-163153037.0,58684663.04400001,41285027.04400001,4.637741863149821,3.8231767482411074,0.0,0.0,-0.38086619638517827,4.637741863149821,-0.37766308980336116,0.0,-2.841558010920245,4.292606313038531,0.0,0.0,0.0,0.0,3.7290229498303047,-0.28156409841530616,-18.513785189013,0.0,0.3513027832684636,0.8502786992961789,0.0,1.886549869753677,0.0,0.18342958968177916,0.22228070665458408,0.6421728350107092,0.0,3.6741272702028374,Biotechnology,Healthcare,ATNM
2017Q3,2017,Q3,2017-11-03,2017-09-30,-6322873.0,0.0,-6695039.0,-2.700027,0.0,0.0,21721366.0,18192014.0,21214907.0,3529352.0,3529352.0,0.0,-157989966.0,41719047.975,21177092.975,7.523345636508379,6.010992102799608,0.0,0.0,-0.36802076999281114,7.523345636508379,-0.34756311203366486,0.0,-1.6495289394156738,2.2932616462916093,0.0,0.0,0.0,0.0,5.82031914073745,-0.29109002629024344,-7.098978209621343,0.0,0.24999999999999997,0.9768015893523404,0.0,2.9334852872916732,0.0,0.10361004453260611,0.07055946580039704,0.5912801933011067,0.0,2.0129269188507704,Biotechnology,Healthcare,ATNM
2017Q2,2017,Q2,2017-08-04,2017-06-30,-7053708.0,0.0,-7203300.0,-3.600036,0.0,0.0,12976587.0,8870566.0,12465899.0,4106021.0,4106021.0,0.0,-151667093.0,70984419.0,59528147.0,4.573718009863545,3.036004686775835,0.0,0.0,-0.8120451389460379,4.573718009863545,-0.7951812770459067,0.0,-2.51585474618456,8.002242359732175,0.0,0.0,0.0,0.0,2.7901152965364764,-0.5435718960617303,-9.930265699908649,0.0,0.14285714285714288,-0.32047147359923017,0.0,26.87683726323272,0.0,0.1250219714912071,0.07716113123060044,-1.8896468059148075,0.0,-0.09175953089236985,Biotechnology,Healthcare,ATNM
2017Q1,2017,Q1,2017-05-15,2017-03-31,-8061583.0,0.0,-7805588.0,-4.200042,0.0,0.0,18244889.0,12875047.0,18119088.0,5369842.0,5369842.0,0.0,-144613385.0,84397388.1,67309558.1,6.910636006992733,3.374231122628934,0.0,0.0,-0.6062570490033939,6.910636006992733,-0.6261400832167836,0.0,-2.6172709534839496,6.555113010461243,0.0,0.0,0.0,0.0,3.1821848762030616,-0.4418543187629149,-15.677790644861973,0.0,-0.16866181213114476,-166.1077925418344,0.0,28.348704455746315,0.0,-0.20399639349927798,-0.14337233836232782,0.7821046074468925,0.0,1.4314914028549905,Biotechnology,Healthcare,ATNM
2016Q4,2016,Q4,2017-03-16,2016-12-31,-6695687.0,0.0,-6826812.0,-3.59389,0.0,0.0,22528886.0,18008329.0,22390478.0,4520557.0,4520557.0,0.0,-136551802.0,48905771.25,28386477.25,9.665906991498472,4.953035212253711,0.0,0.0,-0.379091919078111,9.665906991498472,-0.37181056609971974,0.0,-1.8260176756320898,2.715730662739447,0.0,0.0,0.0,0.0,4.539107459545361,-0.2972045311073082,-11.485374842857984,0.0,0.14432046155728914,-503.83988204535854,0.0,43.61955591483221,0.0,-0.01470512239391888,0.03858077263506115,0.4860028997098167,0.0,6.212026475663592,Biotechnology,Healthcare,ATNM
2016Q3,2016,Q3,2016-10-28,2016-09-30,-6598653.0,0.0,-7100765.0,-4.200042,0.0,0.0,17261840.0,14234052.0,17120810.0,3027788.0,3027788.0,0.0,-129856115.0,64329390.0,48802005.0,8.961364409020511,5.654560358915486,0.0,0.0,-0.49885759866551,8.961364409020511,-0.4635821900889501,0.0,-2.4372167319602953,4.519401081294349,0.0,0.0,0.0,0.0,5.128293328330781,-0.3822682286476992,-11.546399357717593,0.0,0.06666666666666672,-438.58451196052226,0.0,41.79350611936152,0.0,0.0038394730986282483,-0.02643879289347219,-1.3001392887215577,0.0,10.666005164793003,Biotechnology,Healthcare,ATNM
2016Q2,2016,Q2,2016-07-29,2016-06-30,-6624086.0,0.0,-6917865.0,-4.500045,0.0,0.0,21572559.0,19084089.0,21412706.0,2488470.0,2488470.0,0.0,-123257462.0,82251475.2,61885796.2,12.320327671156468,8.604767588116394,0.004151987717358891,0.004693386202506182,-0.36080047949118527,12.320327671156468,-0.347099932304864,0.0,-3.1042575232266008,4.309950304675271,0.0,0.0,0.0,0.0,8.220009885592352,-0.3070607432340317,-13.19048762393624,0.0,-0.49999999999999994,-78.73570868820107,0.0,59.6052491766252,0.0,-0.5043465148168487,-0.15258581292124226,-0.13557231969964845,0.0,3.7565831794832367,Biotechnology,Healthcare,ATNM
2016Q1,2016,Q1,2016-05-10,2016-03-31,-4403298.0,0.0,-6002039.0,-3.00003,0.0,0.0,23344199.0,20058219.0,23178758.0,3285980.0,3285980.0,0.0,-116633376.0,88064126.7,66035289.7,13.597769252618955,7.0538341681933545,0.007630118300482274,0.008880100471532393,-0.296597091825606,13.597769252618955,-0.2195258711653313,0.0,-4.999895913245028,4.390426024364377,0.0,0.0,0.0,0.0,6.758092258626042,-0.18862493418600484,-18.40782622037061,0.0,0.3233910399826789,-276.13674678102115,0.0,52.26690741854813,0.0,0.3267665791812947,-0.21994596662304808,-2.089127987114187,0.0,16.60297993137616,Biotechnology,Healthcare,ATNM
2015Q4,2015,Q4,2016-03-11,2015-12-31,-6540522.0,0.0,-4919922.0,-4.43392,0.0,0.0,26587581.0,21974048.0,26481469.0,4613533.0,4613533.0,0.0,-112230078.0,142938255.9,117560677.9,14.896538633363862,5.73995439070231,0.009993199456543263,0.01209130880209236,-0.22122207077662723,14.896538633363862,-0.29764757044309725,0.0,-5.46356452512506,6.504866827450273,0.0,0.0,0.0,0.0,5.558272369570132,-0.24599913771771867,-35.86811891578292,0.0,-0.4779585537477956,-192.45922247377075,0.0,59.54028898840656,0.0,-0.6574253571922718,-0.060370523473570276,0.6209816937216622,0.0,8.2716677470947,Biotechnology,Healthcare,ATNM
2015Q3,2015,Q3,2015-10-30,2015-09-30,-3946194.0,0.0,-4639814.0,-3.00003,0.0,0.0,25049707.0,22894413.0,24919649.0,2155294.0,2155294.0,0.0,-105689556.0,72865466.10000001,48103421.10000001,16.684080887255863,11.562064850549392,0.0,0.0,-0.2026614091394263,16.684080887255863,-0.1723649346240063,0.0,-4.616186260736295,3.18267457217619,0.0,0.0,0.0,0.0,11.494220742042616,-0.1575345372303157,-20.66961173773405,0.0,0.5,-109.4749908979161,0.0,73.05474252261963,0.0,0.47128428327104327,0.37338034609698895,0.9744868110293128,0.0,5.287776540659469,Biotechnology,Healthcare,ATNM
2015Q2,2015,Q2,2015-08-07,2015-06-30,-7463735.0,0.0,-7404514.0,-6.00006,0.0,0.0,26330461.0,23279527.0,26209569.0,3050934.0,3050934.0,0.0,-101743362.0,97123639.5,71263850.5,19.055323771099,8.590670594644132,0.0035041923496895856,0.003963439635178155,-0.31681410507041097,19.055323771099,-0.32061368772655907,0.0,-3.253184883305744,4.172062409171802,0.0,0.0,0.0,0.0,8.512539438742365,-0.2834638937768693,-18.435990956224895,0.0,-1.2222222222222223,-81.63793296419155,0.0,93.71918529232984,0.0,-1.4273390391702003,0.058610282811778096,-1.2181549696783405,0.0,108.80977558291796,Biotechnology,Healthcare,ATNM
2015Q1,2015,Q1,2015-05-08,2015-03-31,-3074863.0,0.0,-7865514.0,-2.700027,0.0,0.0,20055128.0,16444463.0,19919001.0,3610665.0,3610665.0,0.0,-94279627.0,82142295.3,63047097.3,14.834437044273828,5.516712572337783,0.009461819440893122,0.011539324817113212,-0.472851358653946,14.834437044273828,-0.18698470117266827,0.0,-6.678532937890241,4.995133942652916,0.0,0.0,0.0,0.0,5.344252651519873,-0.15332053727106604,-14.130670697826442,0.0,0.44839207898946437,-123.32305103088797,0.0,53.739070368830966,0.0,0.4333181044226563,-0.1444757879524622,-106.12339336853414,0.0,59.70698935390281,Biotechnology,Healthcare,ATNM
2014Q4,2014,Q4,2014-12-31,2014-12-31,-5426083.0,0.0,-6872591.0,-4.89483,0.0,0.0,7569086.0,-1922530.0,7406653.0,9491616.0,9491616.0,0.0,-91204764.0,195877781.1,189454531.1,-1.7343010988396377,0.7803363515759593,0.037461854707424386,-0.14748898586758075,4.193217358622263,-1.7343010988396377,2.822365840845136,0.0,-9.024824219423108,-101.8854223861266,0.0,0.0,0.0,0.0,0.7077985455795937,-0.7168742698920318,-38.80164801902942,0.0,0.22305062663659078,-190.6437353189954,0.0,-5.696957621406177,0.0,0.10711509449362056,0.02446020964636743,-686.5861557704945,0.0,-6.646995022832521,Biotechnology,Healthcare,ATNM
2014Q3,2014,Q3,2014-10-31,2014-09-30,-6077024.0,0.0,-7044911.0,-6.300063,0.0,0.0,12598322.0,2371889.0,12422578.0,10226433.0,10226433.0,0.0,-85778681.0,190927287.0,179176612.0,2.497022277386679,1.2147518103330848,0.0,0.0,-2.970168924431118,2.497022277386679,-2.5621030326461316,0.0,-7.854473135205653,80.49587775819188,0.0,0.0,0.0,0.0,1.1490492334912867,-0.48236773119467813,-44.80021864262771,0.0,-3.1,-617.0368281521997,0.0,11.69734424474516,0.0,-2.7288363472395485,-0.5922084537957645,-675.9561045981267,0.0,12.366828632727056,Biotechnology,Healthcare,ATNM
2014Q2,2014,Q2,2014-08-12,2014-06-30,3515095.0,0.0,-4424616.0,3.00003,0.0,0.0,15446553.0,4329998.0,15278918.0,11116555.0,11116555.0,0.0,-79701657.0,186241993.79999998,171626150.79999998,5.03580072175967,1.3744292184044427,0.0035587227778262243,0.012695155979286827,-1.0090417991647829,5.03580072175967,0.81180060591252,0.0,13.245872003459366,43.012027672992,0.0,0.0,0.0,0.0,1.3197265699670446,0.22756501078266458,-69.03312909768616,0.0,1.1515151515151514,414.96010931684833,0.0,23.57467896282086,0.0,1.210491070479548,-0.06915431132512699,73.31246743639535,0.0,24.954261930344593,Biotechnology,Healthcare,ATNM
2014Q1,2014,Q1,2014-05-12,2014-03-31,-16699497.0,0.0,-4138426.0,-19.800198,0.0,0.0,6559906.0,-13468145.0,6545692.0,20028051.0,20028051.0,0.0,-83216752.0,314088849.0,308305549.0,-16.015698021485633,0.3268262098993057,0.01440279784496912,-0.007015145738332933,0.3094459379269585,-16.015698021485633,1.2399255428271674,0.0,-4.702070502482799,-23.32086928081039,0.0,0.0,0.0,0.0,0.2934774332260288,-2.5456915083844187,-126.00614888510086,0.0,-1.8318198980555034,-1388.776362650017,0.0,-74.12048060689484,0.0,-1.8401273095650035,-1.7880636270604318,-1842.665871350697,0.0,-59.38308875941455,Biotechnology,Healthcare,ATNM
2013Q4,2013,Q4,2013-12-31,2013-12-31,-5879841.0,0.0,-1484337.0,-6.99204,0.0,0.0,5765675.0,-1559545.0,5751755.0,7325220.0,7325220.0,0.0,-66517255.0,148593037.79999998,143217496.79999998,-1.8545391195979708,0.7851989428303859,0.027373204351615377,-0.10119938828312104,1.0589397311873983,-1.8545391195979708,3.770228496131885,0.0,-6.31790204020823,-95.27973723105136,0.0,0.0,0.0,0.0,0.7553856402947625,-1.019800977335698,-109.82413110334076,0.0,-2.884427822388443,-340.5451709876924,0.0,-8.323446496139775,0.0,-3.138072492826795,0.07745677026555009,-304.074142402994,0.0,-6.2879518305290105,Biotechnology,Healthcare,ATNM
2013Q3,2013,Q3,2013-11-14,2013-09-30,-1420913.0,0.0,-1608962.0,-1.800018,0.0,0.0,4049981.0,604328.0,4043063.0,3445653.0,3445653.0,0.0,-60637414.0,149870350.5,145880287.5,0.7681605041685681,1.173380778621643,0.0,0.0,-2.6623985650176727,0.7681605041685681,-2.351228141009518,0.0,-26.368671146650076,247.99504656411747,0.0,0.0,0.0,0.0,1.1579990788393375,-0.35084436198589575,-92.11074313473262,0.0,0.5384615384615384,-200.6720764041137,0.0,5.304878025358249,0.0,0.4896165999344112,-0.0903567224553055,-68.38402876595708,0.0,4.317510129442651,Biotechnology,Healthcare,ATNM
2013Q2,2013,Q2,2013-08-13,2013-06-30,-2784011.0,0.0,-1475629.0,-3.900039,0.0,0.0,5734598.0,1914856.0,5734598.0,3819742.0,3819742.0,0.0,-59216501.0,69861960.0,64248582.0,2.590163402229196,1.501305061964918,0.006443346159573871,0.019296490179940423,-0.7560326179958459,2.590163402229196,-1.453900972187987,0.0,-6.273498919364902,36.48418471153966,0.0,0.0,0.0,0.0,1.479243362509824,-0.48547622692994347,-68.79684721147198,0.0,-3.333333333333334,-146.81472882328768,0.0,16.282658685277134,0.0,-3.0404962359965575,0.27056091952204786,-50.70533265212467,0.0,13.603188658119002,Biotechnology,Healthcare,ATNM
2013Q1,2013,Q1,2013-05-15,2013-03-31,-689027.0,0.0,-2022964.0,-0.900009,0.0,0.0,3357029.0,550808.0,3357029.0,2806221.0,2806221.0,0.0,-56432490.0,106957200.0,103791981.0,0.7724697355577745,1.196281048427761,0.022241988377222837,0.13555903327475272,-3.234284343898637,0.7724697355577745,-1.2509386210803037,0.0,-38.807332658952404,194.18236481677826,0.0,0.0,0.0,0.0,1.1545370090238793,-0.20524904610594666,-46.23276924074434,0.0,0.9230658302011466,-32.18275846105008,0.0,6.3642104641462645,0.0,0.9173981162473457,0.7449511918921529,-42.31037953426353,0.0,3.7462677295933737,Biotechnology,Healthcare,ATNM
2012Q4,2012,Q4,2013-03-29,2012-12-31,-8341541.0,0.0,-7931674.0,-11.69843,0.0,0.0,5788822.0,1145635.0,5785812.0,4643187.0,4643187.0,0.0,-55743463.0,32087160.0,26608491.0,1.6066730430489953,1.2460863626642649,0.024184540481638577,0.1222029704050592,-6.1694602278251605,1.6066730430489953,-7.2811506282542,0.0,-0.9616676343136118,28.008187599017138,0.0,0.0,0.0,0.0,1.2100888893770594,-1.440973828526771,-6.170335960204829,0.0,0.8962915512688845,-937.0666265311952,0.0,18.992038035292882,0.0,-1.7690185476691096,-2.3056217049740564,-457.0198954643731,0.0,7.204125274413917,Biotechnology,Healthcare,ATNM
2012Q3,2012,Q3,2012-11-14,2012-09-30,-3012454.0,0.0,-2399450.0,-112.801128,0.0,0.0,0.0,-103993.0,0.0,31136.0,103993.0,0.0,-279428.0,1202670.0,1275527.0,-3.891079847339669,0.0,0.0,-0.7005952323714096,77.0635277492292,-3.891079847339669,28.96785360553114,0.0,-0.09980816304580917,-11.564913022991933,0.0,0.0,0.0,0.0,0.0,0.0,-691.1896551724138,0.0,-40.77777777777778,-6596.066519709686,0.0,-49.646421694838864,0.0,-0.9278582815336834,-1.8587376495075292,-10887.844790780886,0.0,-15.669543154555173,Biotechnology,Healthcare,ATNM
2012Q2,2012,Q2,2012-08-20,2012-06-30,-1562591.0,0.0,-839339.0,-2.700027,0.0,0.0,142.0,-100276.0,142.0,29158.0,100418.0,0.0,-275711.0,25530030.0,25601148.0,-0.1767494985317291,0.0048700185197887375,501.83098591549293,-0.710638637360884,28.926764543700028,-0.1767494985317291,15.582901192708126,0.0,-4.08456691482288,-254.59761059475846,0.0,0.0,0.0,0.0,0.0048700185197887375,-11004.161971830987,-3598.8201296870593,0.0,-103.27382004393436,-302.4422071779782,0.0,-1.9585211708631631,0.0,-161.2965309513918,-98.73134505703422,-277.8990874797595,0.0,0.20766062704738916,Biotechnology,Healthcare,ATNM
2012Q1,2012,Q1,2012-04-23,2012-03-31,-9628.0,0.0,-8416.0,-0.025893623143972096,0.0,0.0,150.0,-93956.0,150.0,29933.0,94106.0,0.0,-269392.0,16732305.0,16796328.0,-0.2526860465429001,0.005011191661377075,427.82,-0.6830111967303845,0.28257730920323676,-0.2526860465429001,0.10247349823321555,0.0,-434.469905484005,-178.08660436800204,0.0,0.0,0.0,0.0,0.005011191661377075,-64.18666666666667,-2785.9315684315684,0.0,-2.6367448235915862,-21.133333333333333,0.0,0.0,0.0,-2.6373252738949753,-4.682646860229575,-0.8121588556371165,0.0,-0.18520574210964513,Biotechnology,Healthcare,ATNM
2011Q4,2011,Q4,2011-12-31,2011-12-31,-2647.0,0.0,-1481.0,-0.00712,0.0,0.0,150.0,-84329.0,150.0,26311.0,84479.0,0.0,-259764.0,16732305.0,16790323.0,-0.22679511280723127,0.005701037588841169,0.0,0.0,,-0.22679511280723127,0.03138896465035753,0.0,-1580.3083679637325,-198.41697399471119,0.0,0.0,0.0,0.0,0.005701037588841169,-17.64666666666667,-3789.0183423913045,0.0,0.24656084656084662,0.6839025555290185,0.0,-3.582101717018039,0.0,0.24672737620944793,0.39053497942386833,0.6522595901208619,0.0,-0.14018198780438332,Biotechnology,Healthcare,ATNM
2011Q3,2011,Q3,2011-11-14,2011-09-30,-3514.0,0.0,-2430.0,-0.00945,0.0,0.0,150.0,-81682.0,150.0,28079.0,81832.0,0.0,-257117.0,16732305.0,16785908.0,-0.21967624902845126,0.0053420705865593505,358.35333333333335,-0.6580764427903333,,-0.21967624902845126,0.04302049411130971,0.0,-1190.4030307342061,-204.84690629514458,0.0,0.0,0.0,0.0,0.0053420705865593505,-23.426666666666666,0.0,0.0,-1.1718181818181819,0.641867101508357,0.0,0.0,0.0,-1.1717917379613787,0.27700089259149063,-0.05525525525525518,0.0,-0.23109617326561066,Biotechnology,Healthcare,ATNM
2011Q2,2011,Q2,2011-08-12,2011-06-30,20455.0,0.0,-3361.0,0.055,0.0,0.0,150.0,-78168.0,150.0,24565.0,78318.0,0.0,-253603.0,16732305.0,16785908.0,-0.21022566825072816,0.006106248727864848,358.35333333333335,-0.6876599119844438,,-0.21022566825072816,-0.2616799713437724,0.0,204.50140552432168,-214.0556877494627,0.0,0.0,0.0,0.0,0.006106248727864848,136.36666666666667,1843.7801652892563,0.0,6.106265917602997,7.060740740740741,0.0,-2.5188619789322053,0.0,6.107365792759051,-0.25410447761194027,3.1592948379605192,0.0,-0.24038781954648603,Biotechnology,Healthcare,ATNM
2011Q1,2011,Q1,2011-03-31,2011-03-31,-4005.0,0.0,-2680.0,-0.010771080254633178,0.0,0.0,150.0,-98622.0,150.0,35945.0,98772.0,0.0,-274058.0,16732305.0,16794982.0,-0.2652348256860008,0.004173042147725692,418.8466666666667,-0.6370485287258421,,-0.2652348256860008,0.040609600292024095,0.0,-1044.4634831460673,-169.66097828070815,0.0,0.0,0.0,0.0,0.004173042147725692,-26.7,-4061.239077669903,0.0,0.5300575805133866,-8.206896551724139,0.0,0.0,0.0,0.530039896737855,0.6295784381478922,0.6301256002955301,0.0,-0.8418526473060043,Biotechnology,Healthcare,ATNM
2010Q4,2010,Q4,2010-12-31,2010-12-31,-8522.0,0.0,-7235.0,-0.02292,0.0,0.0,150.0,-94618.0,150.0,36061.0,94768.0,0.0,-270053.0,16732305.0,16732155.0,-0.2544664348396709,0.004159618424336541,0.0,0.0,,-0.2544664348396709,0.09006742903041705,0.0,-490.85616639286553,-176.840611722928,0.0,0.0,0.0,0.0,0.004159618424336541,-56.81333333333333,-3297.0059113300495,0.0,0.11947752593161742,-0.017673752089801688,0.0,-4.14116496413823,0.0,0.1195371422667631,0.10942885278188084,-0.8378261807202932,0.0,-1.8495964341645583,Biotechnology,Healthcare,ATNM
2010Q3,2010,Q3,2010-09-30,2010-09-30,-9679.0,0.0,-8124.0,-0.02603,0.0,0.0,150.0,-86096.0,150.0,32614.0,86246.0,0.0,-261531.0,16732305.0,16785787.0,-0.23154729727912562,0.0045992518550315815,357.5466666666667,-0.6229325404199962,,-0.23154729727912562,0.11242101839806727,0.0,-432.1806229982436,-194.34474307749488,0.0,0.0,0.0,0.0,0.0045992518550315815,-64.52666666666667,-1269.4260678248995,0.0,-1.3425,0.013554830819404808,0.0,0.0,0.0,-1.34358027759043,-0.954293961991821,-0.5235321895167637,0.0,-2.0138271432071972,Biotechnology,Healthcare,ATNM
2010Q2,2010,Q2,2010-06-30,2010-06-30,28171.0,0.0,-4157.0,0.076,0.0,0.0,35064.0,-76417.0,35064.0,36116.0,111481.0,0.0,-251852.0,16732305.0,16807496.0,-0.2055165143116863,0.9708716358400709,2.149355464293863,-0.9862334297342215,,-0.2055165143116863,-0.36864833741183245,0.0,148.48873841894147,-218.96050617009303,0.0,0.0,0.0,0.0,0.0048178092812050065,0.8034166096281086,530.9314612089481,0.0,4.406340887174542,9.346962962962962,0.0,-2.440037813991177,0.0,4.395732883317262,0.36408138289735353,9.346962962962962,0.0,-2.440037813991177,Biotechnology,Healthcare,ATNM
2010Q1,2010,Q1,2010-03-31,2010-03-31,-8296.0,0.0,-6537.0,-0.022311331284004206,0.0,0.0,1198.0,-104588.0,1198.0,32772.0,105786.0,0.0,-280023.0,16732305.0,16804121.0,-0.2812798356233645,0.036555596240693274,60.946577629382304,-0.6981106819137951,,-0.2812798356233645,0.07932076337629557,0.0,-504.2280918514947,-159.98302864573373,0.0,0.0,0.0,0.0,0.036555596240693274,-6.924874791318865,-3084.8644911504425,0.0,0.12641615959263094,-18.07126436781609,0.0,0.0,0.0,0.1264609876803201,0.1623526396719631,-18.07126436781609,0.0,0.0,Biotechnology,Healthcare,ATNM
2009Q4,2009,Q4,2009-12-31,2009-12-31,-9497.0,0.0,-7804.0,-0.02554,0.0,0.0,2122.0,-96292.0,2122.0,29900.0,98414.0,0.0,-271727.0,16732305.0,16798697.0,-0.2589685043393603,0.07096989966555184,32.28746465598492,-0.7115232833464877,,-0.2589685043393603,0.09862709259336186,0.0,-440.4629093397915,-173.76630457358866,0.0,0.0,0.0,0.0,0.07096989966555184,-4.475494816211121,-5315.217598475222,0.0,-1.4676328502415459,-0.13410556484356334,0.0,-4.232123451423604,0.0,-1.4673941283450247,-2.496415770609319,-0.13410556484356334,0.0,-4.232123451423604,Biotechnology,Healthcare,ATNM
2009Q3,2009,Q3,2009-09-30,2009-09-30,-3849.0,0.0,-2232.0,-0.01035,0.0,0.0,2146.0,-86794.0,2146.0,23551.0,88940.0,0.0,-262229.0,16732305.0,16795548.0,-0.2334245042748145,0.09112139611906077,30.47017707362535,-0.7533815701546189,,-0.2334245042748145,0.04434638339055695,0.0,-1086.7955962587685,-192.78181671544115,0.0,0.0,0.0,0.0,0.09112139611906077,-1.793569431500466,-3199.293499043977,0.0,-0.04757085020242914,0.6077252344068488,0.0,0.0,0.0,-0.04820261437908497,-0.05731880625296068,0.6077252344068488,0.0,0.0,Biotechnology,Healthcare,ATNM
2009Q2,2009,Q2,2009-06-30,2009-06-30,-3672.0,0.0,-2111.0,-0.00988,0.0,0.0,2170.0,-82945.0,2170.0,24932.0,85115.0,0.0,-258380.0,16732305.0,16790319.0,-0.22307297171549287,0.08703673993261672,27.734562211981565,-0.725589245885828,,-0.22307297171549287,0.04427029959611791,0.0,-1139.1819852941178,-201.7277111338839,0.0,0.0,0.0,0.0,0.08703673993261672,-1.6921658986175114,-107950.35483870968,0.0,0.3085506267645398,-0.08799999999999991,0.0,-2.733906545421806,0.0,0.30886504799548276,0.4556472408457968,-0.08799999999999991,0.0,-2.733906545421806,Biotechnology,Healthcare,ATNM
2009Q1,2009,Q1,2009-03-31,2009-03-31,-5313.0,0.0,-3878.0,-0.014288826315322366,0.0,0.0,2194.0,-79274.0,2194.0,21415.0,81468.0,0.0,-254709.0,16732305.0,16790164.0,-0.21320015383415494,0.10245155265001167,27.371467639015496,-0.7575371496329187,,-0.21320015383415494,0.06702071297020461,0.0,-787.3284867306606,-211.06926608976462,0.0,0.0,0.0,0.0,0.10245155265001167,-2.4216043755697356,-1632.42,0.0,0.30196256398034355,-11.213793103448277,0.0,0.0,0.0,0.3020231213872832,0.38600379987333755,-11.213793103448277,0.0,0.0,Biotechnology,Healthcare,ATNM
2008Q4,2008,Q4,2008-12-31,2008-12-31,-7612.0,0.0,-6316.0,-0.02047,0.0,0.0,2218.0,-73961.0,2218.0,26352.0,76179.0,0.0,-249396.0,16732305.0,16779914.0,-0.1989113275188326,0.08416818457802064,22.46483318304779,-0.6736928921999432,,-0.1989113275188326,0.1029191060153324,0.0,-549.5370796111403,-226.23145982342044,0.0,0.0,0.0,0.0,0.08416818457802064,-3.4319206492335437,-5533.169642857143,0.0,-1.2845982142857144,0.09099593981370911,0.0,-3.0187459247989565,0.0,-1.285885885885886,-2.0162368672397326,0.09099593981370911,0.0,-3.0187459247989565,Biotechnology,Healthcare,ATNM
2008Q3,2008,Q3,2008-09-30,2008-09-30,-3330.0,0.0,-2094.0,-0.00896,0.0,0.0,2242.0,-66349.0,2242.0,21764.0,68591.0,0.0,-241784.0,16732305.0,16776890.0,-0.17843955151427135,0.10301415181032898,20.886262265834077,-0.7057679844458846,,-0.17843955151427135,0.050189151305972964,0.0,-1256.179054054054,-252.18624244525162,0.0,0.0,0.0,0.0,0.10301415181032898,-1.4852809991079394,-3447.116810877627,0.0,0.6483516483516484,0.6606196494088871,0.0,0.0,0.0,0.6484746120553151,0.7478323699421965,0.6606196494088871,0.0,0.0,Biotechnology,Healthcare,ATNM
2008Q2,2008,Q2,2008-06-30,2008-06-30,-9473.0,0.0,-8304.0,-0.02548,0.0,0.0,2266.0,-63019.0,2266.0,23288.0,65285.0,0.0,-238454.0,16732305.0,16772036.0,-0.16948382186435162,0.09730333218825146,18.533539276257724,-0.6664180643932782,,-0.16948382186435162,0.15031974483885813,0.0,-441.5788293043387,-265.5120677890795,0.0,0.0,0.0,0.0,0.09730333218825146,-4.180494263018534,-5533.169642857143,0.0,0.12502743627632068,-1.8068148148148144,0.0,-1.8369046547222474,0.0,0.12513852973771702,0.14435857805255023,-1.8068148148148144,0.0,-1.8369046547222474,Biotechnology,Healthcare,ATNM
2008Q1,2008,Q1,2008-03-31,2008-03-31,-10828.0,0.0,-9705.0,-0.02912091310790713,0.0,0.0,2290.0,-53545.0,2290.0,16838.0,55835.0,0.0,-228980.0,16732305.0,16769012.0,-0.14400436759908453,0.1360019004632379,17.029257641921397,-0.7283032962928379,,-0.14400436759908453,0.2022224297320011,0.0,-386.3203038418914,-312.49052199084883,0.0,0.0,0.0,0.0,0.1360019004632379,-4.728384279475983,-5464.501959503593,0.0,-1.335277715148928,-23.891954022988504,0.0,0.0,0.0,-1.3351304722881172,-1.1566666666666667,-23.891954022988504,0.0,0.0,Biotechnology,Healthcare,ATNM
2007Q4,2007,Q4,2008-04-04,2007-12-31,-4637.0,0.0,-4500.0,-0.01247,0.0,0.0,6433.0,-33204.0,6433.0,3678.0,39637.0,0.0,-208639.0,16732305.0,16761831.0,-0.08929911330208241,1.7490483958673193,5.589771490750816,-1.0829719310926393,,-0.08929911330208241,0.13965184917479823,0.0,-902.1083135648048,-503.92437658113477,0.0,0.0,0.0,0.0,1.7490483958673193,-0.7208145499766827,-3719.116470326739,0.0,0.27033352837916913,0.44626224026749467,0.0,-0.8041730058682895,0.0,0.270108610105462,0.03288201160541586,0.44626224026749467,0.0,-0.8041730058682895,Biotechnology,Healthcare,ATNM
2007Q3,2007,Q3,2007-09-30,2007-09-30,-6353.0,0.0,-4653.0,-0.01709,0.0,0.0,6432.0,-28567.0,6432.0,3540.0,34999.0,0.0,-204002.0,16732305.0,16757332.0,-0.07682832699977678,1.8169491525423729,4.89101368159204,-1.1012356915321875,,-0.07682832699977678,0.22238947036790702,0.0,-658.4410908232331,-585.7214618265831,0.0,0.0,0.0,0.0,1.8169491525423729,-0.9877176616915423,-3596.0251450676983,0.0,-0.8821585903083703,0.35252751732572357,0.0,0.0,0.0,-0.8823703703703704,-0.6383802816901408,0.35252751732572357,0.0,0.0,Biotechnology,Healthcare,ATNM
2007Q2,2007,Q2,2007-06-30,2007-06-30,-3375.0,0.0,-2840.0,-0.00908,0.0,0.0,466.0,-22214.0,466.0,1840.0,22680.0,0.0,-197649.0,16732305.0,16752679.0,-0.05974251604904405,0.2532608695652174,44.72103004291846,-0.93814711443234,,-0.05974251604904405,0.15193121454938327,0.0,-1239.43,-753.2324209957684,0.0,0.0,0.0,0.0,0.2532608695652174,-7.242489270386266,-5891.656690140845,0.0,-6.761396137931033,0.0,0.0,0.0,0.0,-6.758620689655173,0.0,0.0,0.0,0.0,Biotechnology,Healthcare,ATNM
2007Q1,2007,Q1,2007-03-31,2007-03-31,-435.0,0.0,0.0,-0.0011698926119264501,0.0,0.0,,,,,,,,16732305.0,,,0.0,0.0,0.0,0.0,,0.0,0.0,-9616.26724137931,0.0,0.0,0.0,0.0,0.0,0.0,0.0,-4780.658571428571,0.0,0.9480509497368361,0.0,0.0,0.0,0.0,0.9480534989252448,1.0,0.0,0.0,0.0,Biotechnology,Healthcare,ATNM
