Quarters,Year,Quarter,FillingDate,Date,NetIncome,Revenue,OperatingIncome,EPSDiluted,GrossProfit,GrossProfitRatio,TotalAssets,CommonStockEquity,CurrentAssets,CurrentLiability,TotalLiability,Inventory,RetainedEarnings,MarketCap,EnterpriseValue,bookValuePerShare,currentRatio,debtToAssets,debtToEquity,roic,shareholdersEquityPerShare,roe,priceToSalesRatio,peRatio,pbRatio,payoutRatio,inventoryTurnover,dividendYield,assetTurnover,quickRatio,returnOnAssets,priceToFreeCashFlowsRatio,grossProfitMargin,epsdilutedGrowth,fiveYNetIncomeGrowthPerShare,fiveYRevenueGrowthPerShare,fiveYShareholdersEquityGrowthPerShare,grossProfitGrowth,netIncomeGrowth,operatingIncomeGrowth,threeYNetIncomeGrowthPerShare,threeYRevenueGrowthPerShare,threeYShareholdersEquityGrowthPerShare,Industry,Sector,Symbol
2023Q1,2023,Q1,2023-04-25,2023-03-31,990000000.0,4480000000.0,1222000000.0,3.0,1230000000.0,0.2745535714,64972000000.0,11749000000.0,12575000000.0,13434000000.0,53142000000.0,63000000.0,-210000000.0,106816700098.87462,141445700098.87463,37.01370422554042,0.9360577638826857,0.6709351720741242,3.71027321474168,0.011457861226458305,37.01370422554042,0.084262490424717,23.84301341492737,26.973914166382478,9.091556736647767,0.0,51.58730158730159,0.0,0.06895277965893,0.76812565133244,0.015237333004986763,65.85493224344921,0.27455357142857145,8.142857142857142,5.811716544023166,0.8944496435773855,0.6061938519700666,3.4565217391304346,8.615384615384615,10.32824427480916,1.4178167090154146,1.0053155792352924,1.0358512777513977,Lodging,Consumer Cyclical,HTHT
2022Q4,2022,Q4,2022-12-31,2022-12-31,-130000000.0,3706000000.0,-131000000.0,-0.42,276000000.0,0.0744738262,61507000000.0,8729000000.0,9178000000.0,13146000000.0,52704000000.0,70000000.0,-1200000000.0,90977012788.59943,131281012788.59943,28.071783625303144,0.6981591358588164,0.7135285414668249,5.027723679688395,0.0026944752972150234,28.071783625303144,-0.01489288578302211,24.548573337452623,-174.9557938242297,10.42238661800887,-3.2,49.0,0.0045725836367769826,0.06025330450192661,0.5169633348547087,-0.0021135805680654236,111.90284475842488,0.0744738262277388,0.8108108108108109,-1.5183798885298097,0.4989791069949599,0.2201534964783184,-0.7366412213740458,0.8115942028985508,-1.262,-1.1926608747210454,0.1682969702942752,0.08519505873983693,Lodging,Consumer Cyclical,HTHT
2022Q3,2022,Q3,2022-09-30,2022-09-30,-690000000.0,4093000000.0,500000000.0,-2.22,1048000000.0,0.2560469094,61387000000.0,8680000000.0,9563000000.0,13735000000.0,52624000000.0,83000000.0,-1076000000.0,74256380871.89212,114164380871.89212,27.92973527295949,0.6962504550418639,0.7344388877123821,5.1941244239631335,0.015335885224634712,27.92973527295949,-0.07949308755760369,18.142287044195484,-26.90448582314932,8.554882588927663,0.0,36.68674698795181,0.0,0.06667535471679671,0.6305788132508191,-0.011240164855751217,378.85908608108224,0.2560469093574395,-0.8347107438016531,-2.320770257721803,0.5519381287944497,0.2416646601532593,1.5560975609756098,-0.830238726790451,7.928571428571429,-2.4663635716546923,0.227157688073875,0.0764162969201302,Lodging,Consumer Cyclical,HTHT
2022Q2,2022,Q2,2022-06-30,2022-06-30,-377000000.0,3382000000.0,56000000.0,-1.21,410000000.0,0.1212300414,61821000000.0,9361000000.0,9457000000.0,15549000000.0,52384000000.0,88000000.0,-359000000.0,79355630461.65001,119300630461.65001,30.112324180384498,0.6082063155186829,0.7212274146325682,4.763059502189937,0.00035436355955577125,30.112324180384498,-0.04027347505608375,23.46411308741869,-52.62309712311008,8.477259957445787,-1.103448275862069,33.77272727272727,0.005242224119195163,0.05470632956438751,0.5368834008617918,-0.006098251403244852,93.80098163315604,0.12123004139562389,0.3888888888888889,-1.8703346576805044,0.5293491594547289,0.39663575662846096,4.106060606060606,0.387987012987013,1.07909604519774,-1.561909016228713,0.08079810096536923,0.22409923638485546,Lodging,Consumer Cyclical,HTHT
2022Q1,2022,Q1,2022-03-31,2022-03-31,-616000000.0,2681000000.0,-708000000.0,-1.98,-132000000.0,-0.0492353599,61871000000.0,9716000000.0,8518000000.0,15326000000.0,52065000000.0,84000000.0,-9000000.0,65460166595.60546,105715166595.60547,31.152031993406183,0.5557875505676628,0.7172988960902523,4.567723342939481,-0.006607058794442646,31.152031993406183,-0.06340057636887608,24.416324727939372,-26.56662605341131,6.737357615850707,0.0,33.48809523809524,0.0,0.04333209419598843,0.48929923006655357,-0.009956199188634416,-48.63311039792382,-0.04923535994032078,-0.46666666666666656,-4.71411986925651,0.5025625101464156,0.5546079109251799,-1.8627450980392157,-0.4597156398104265,-1.017094017094017,-6.2777154339312835,0.020036043658558964,0.3780822135281791,Lodging,Consumer Cyclical,HTHT
2021Q4,2021,Q4,2021-12-31,2021-12-31,-422000000.0,3350000000.0,-351000000.0,-1.35,153000000.0,0.0456716418,63269000000.0,10935000000.0,9553000000.0,15279000000.0,52225000000.0,88000000.0,1037000000.0,74119001211.56271,113165001211.56271,35.10315286984887,0.6252372537469729,0.6980037617158482,4.038591678097851,-0.0040780723918006625,35.10315286984887,-0.03859167809785094,22.125074988526183,-43.90936090732389,6.778143686471214,0.0,36.32954545454545,0.0,0.05294852139278319,0.5624059166175797,-0.006669933142613286,186.22864626020782,0.04567164179104478,-2.375,-3.986618098638329,0.7868842810448459,0.8038701267233823,-0.7601880877742947,-2.0802919708029197,-5.875,0.08663446603863431,0.13232299182748947,0.6061953106017501,Lodging,Consumer Cyclical,HTHT
2021Q3,2021,Q3,2021-09-30,2021-09-30,-137000000.0,3523000000.0,72000000.0,-0.4,638000000.0,0.18109565711041725,63873000000.0,11358000000.0,10127000000.0,9371000000.0,52409000000.0,85000000.0,1495000000.0,92082436208.92496,131254436208.92496,36.46105261049323,1.0806744210863302,0.6975873999968688,3.9229617890473674,0.000732596442427348,36.46105261049323,-0.012061982743440747,26.13750672975446,-168.03364271701636,8.107275595080557,0.0,33.94117647058823,0.0,0.055156325834076994,0.9796179703340092,-0.0021448812487279444,-597.9378974605517,0.18109565711041725,-1.3333333333333335,-1.4148000355798356,0.7671707581029721,0.9250727561264215,-0.24764150943396226,-1.3624338624338623,-0.8855325914149443,-1.1858280300785922,0.15297872738567325,0.42803296714405265,Lodging,Consumer Cyclical,HTHT
2021Q2,2021,Q2,2021-06-30,2021-06-30,378000000.0,3587000000.0,629000000.0,1.2,848000000.0,0.23640925564538612,64601000000.0,11492000000.0,10766000000.0,10008000000.0,53004000000.0,82000000.0,1632000000.0,106364523123.42468,144504523123.42468,36.90269976387988,1.0757394084732215,0.6863825637374035,3.8584232509571876,0.005208589368310504,36.90269976387988,0.03289244691959624,29.652780352223218,70.34690682766183,9.255527595146596,0.0,33.40243902439025,0.0,0.055525456262286964,0.9735211830535572,0.005851302611414684,114.74058589366201,0.23640925564538612,2.5,0.06376038187645476,0.9221243212720758,1.0700627227813806,7.235294117647059,2.524193548387097,2.0939130434782607,0.009624785043138823,0.2860075124428675,0.5582245038461432,Lodging,Consumer Cyclical,HTHT
2021Q1,2021,Q1,2021-03-31,2021-03-31,-248000000.0,2327000000.0,-575000000.0,-0.8,-136000000.0,-0.05844434894714224,62205000000.0,11060000000.0,10588000000.0,9176000000.0,51060000000.0,86000000.0,1254000000.0,112059456198.31332,149764456198.31332,35.569191827471975,1.1538796861377507,0.6984969053934571,3.9285714285714284,-0.004369613417730573,35.569191827471975,-0.022423146473779385,48.15619088883254,-112.96316149023521,10.131958064946955,0.0,28.63953488372093,0.0,0.0374085684430512,1.0454446381865736,-0.003986817779921228,-74.3592940931077,-0.05844434894714224,-1.3703703703703702,-4.09349847858482,0.4006338667822405,1.0581313205720337,-1.4210526315789473,-1.352773826458037,-3.291044776119403,-2.741928311726917,0.004520164986221396,0.5435098547474622,Lodging,Consumer Cyclical,HTHT
2020Q4,2020,Q4,2020-12-31,2020-12-31,703000000.0,3071000000.0,-134000000.0,2.16,323000000.0,0.10517746662324975,65155000000.0,11330000000.0,12882000000.0,10529000000.0,53723000000.0,89000000.0,1502000000.0,90972645869.76768,128926645869.76768,36.577594660086994,1.2234780131066578,0.6903537717749981,3.969991173874669,-0.001648218753446655,36.577594660086994,0.06204766107678729,29.623134441474335,32.351581034768024,8.029359741374023,0.0,30.876404494382022,0.0,0.04713375796178344,1.122138854592079,0.010789655437034763,-461.79008055719635,0.10517746662324975,3.9589041095890414,7.008036665492445,0.6433216152758421,1.6624443623110983,-0.5305232558139535,4.316037735849057,0.3333333333333333,1.8141020042851377,0.24695189599187867,0.5898626397591384,Lodging,Consumer Cyclical,HTHT
2020Q3,2020,Q3,2020-09-30,2020-09-30,-212000000.0,3158000000.0,-201000000.0,-0.73,688000000.0,0.21785940468651044,65736000000.0,9859000000.0,12776000000.0,14833000000.0,55793000000.0,93000000.0,799000000.0,85631995982.2047,125899995982.2047,33.801274071125285,0.8613227263534012,0.7126232201533407,4.751496094938635,-0.0017226567935292232,33.801274071125285,-0.02150319505020793,27.115894864536003,-100.98112733750554,8.685667510113063,0.0,26.559139784946236,0.0,0.0480406474382378,0.7188700869682465,-0.003225021297310454,124.64628236128777,0.21785940468651044,0.6178010471204188,-1.8123303326511928,0.6912470714347788,1.4200156568665459,4.78021978021978,0.6131386861313869,0.5931174089068826,-1.4323815563182087,0.2758449352159941,0.5026940668107429,Lodging,Consumer Cyclical,HTHT
2020Q2,2020,Q2,2020-07-16,2020-06-30,-548000000.0,1953000000.0,-494000000.0,-1.91,-182000000.0,-0.0931899641577061,61343000000.0,4736000000.0,8366000000.0,14351000000.0,56537000000.0,92000000.0,1011000000.0,70962990984.06528,115566990984.06528,16.532079159169516,0.5829558915755,0.7874248080465579,10.199113175675675,-0.005064472385988617,16.532079159169516,-0.11570945945945946,36.335376847959694,-32.373627273752405,14.983739650351623,0.0,23.206521739130434,0.0,0.03183737345744421,0.4217127726290851,-0.008933374631172261,410.19069932985707,-0.0931899641577061,0.7439678284182305,-4.222748582441995,0.1754128904697121,0.2132301324427116,0.5,0.7433255269320843,0.4235705950991832,-2.372837825239571,-0.04163920496192216,-0.23322780577166644,Lodging,Consumer Cyclical,HTHT
2020Q1,2020,Q1,2020-04-21,2020-03-31,-2135000000.0,2013000000.0,-857000000.0,-7.46,-364000000.0,-0.18082463984103328,59678000000.0,5200000000.0,6810000000.0,13688000000.0,54402000000.0,90000000.0,1559000000.0,58359189447.835434,103348189447.83543,18.180947022035,0.49751607247223845,0.784024263547706,8.997884615384615,-0.009904558097703641,18.180947022035,-0.41057692307692306,28.991152234394153,-6.833628740964337,11.22292104766066,-0.31709601873536297,26.41111111111111,0.011600572358962228,0.03373102315761252,0.3058153126826417,-0.03577532759140722,-31.89026745783357,-0.18082463984103328,-4.603864734299517,-266.97476268638667,0.45977246651554676,0.4064645192451217,-1.353055286129971,-4.449111470113086,-2.763374485596708,-15.037422347240655,0.23025118844629774,-0.09269982534205881,Lodging,Consumer Cyclical,HTHT
2019Q4,2019,Q4,2020-01-06,2019-12-31,619000000.0,2910000000.0,486000000.0,2.07,1031000000.0,0.35429553264604813,52983000000.0,7379000000.0,18256000000.0,17287000000.0,45483000000.0,57000000.0,3701000000.0,79620066556.07765,114547066556.07765,25.867961155205585,1.0560536819575403,0.7202498914746239,5.171567963138637,0.006015723930668761,25.867961155205585,0.08388670551565253,27.36084761377239,32.156731242357694,10.790088976294571,0.0,32.96491228070175,0.0,0.05492327727761735,0.3895991207265575,0.011682992658022385,153.11551260784165,0.35429553264604813,0.42758620689655163,10.565031869324923,0.9646759013980992,1.007398764396441,-0.15561015561015562,0.4361948955916473,-0.30867709815078237,3.78404484907129,0.6950478484841769,0.3292949080706643,Lodging,Consumer Cyclical,HTHT
2019Q3,2019,Q3,2019-10-16,2019-09-30,431000000.0,3055000000.0,703000000.0,1.45,1221000000.0,0.39967266775777416,43687000000.0,7386000000.0,5864000000.0,10359000000.0,36186000000.0,47000000.0,3760000000.0,67181222904.360405,93273222904.36041,25.946964341651796,0.5660778067381022,0.6891065992171584,4.075954508529651,0.008599932543405757,25.946964341651796,0.05835364202545356,21.990580328759542,38.96822674266845,9.095751814833523,0.0,39.02127659574468,0.0,0.06992926957676196,0.457573124818998,0.009865635085952344,108.88366759215624,0.39967266775777416,-0.2926829268292683,1.5257297874233717,0.9302618009476255,1.0337150404844546,0.09408602150537634,-0.2969004893964111,0.0700152207001522,0.42805653725470216,0.6769765959720577,0.3699493180271599,Lodging,Consumer Cyclical,HTHT
2019Q2,2019,Q2,2019-07-17,2019-06-30,613000000.0,2859000000.0,657000000.0,2.05,1116000000.0,0.39034627492130114,43689000000.0,6987000000.0,5489000000.0,10430000000.0,36552000000.0,37000000.0,3329000000.0,72806088299.37436,100038088299.37436,24.59957762028798,0.5262703739213807,0.6999015770560095,4.376413339058251,0.007729039906395208,24.59957762028798,0.08773436381852011,25.46557827889974,29.692531932860668,10.420221597162495,0.0,47.108108108108105,0.0,0.06543981322529699,0.39300095877277086,0.01403099178282863,84.65824220857483,0.39034627492130114,4.694444444444445,3.3138683235074473,1.0046549782971743,1.0502682069415725,0.7116564417177914,4.783018867924528,1.4886363636363635,0.8914151823264155,0.6797267447613398,0.37991715927971276,Lodging,Consumer Cyclical,HTHT
2019Q1,2019,Q1,2019-04-19,2019-03-31,106000000.0,2387000000.0,264000000.0,0.36,652000000.0,0.2731462086300796,42891000000.0,6403000000.0,5733000000.0,8181000000.0,36345000000.0,41000000.0,2716000000.0,85387475927.00417,112561475927.00417,22.60535089096786,0.7007700770077008,0.723088759879695,4.843667031079182,0.0036601224263057438,22.60535089096786,0.016554739965641104,35.77187931587942,201.38555643161357,13.335542078245222,6.2075471698113205,42.31707317073171,0.0077060481394544255,0.055652701032850714,0.5548221488815548,0.0024713809423888462,-360.2847085527602,0.2731462086300796,1.2432432432432432,7.958987167360512,1.0208055278922883,0.9871462976059118,-0.3107822410147992,1.2529832935560858,-0.5540540540540541,0.45148640162974113,0.5772100625305749,0.30800780931121186,Lodging,Consumer Cyclical,HTHT
2018Q4,2018,Q4,2019-01-04,2018-12-31,-419000000.0,2683000000.0,592000000.0,-1.48,946000000.0,0.35259038389862096,23993000000.0,6174000000.0,6974000000.0,5969000000.0,17674000000.0,41000000.0,2610000000.0,55627525848.87905,61125525848.87905,21.854847065079348,1.1683699112079076,0.4067853123827783,1.5808228053126012,0.05336002781019029,21.854847065079348,-0.0678652413346291,20.73333054374918,-33.190647881192746,9.009965314039366,0.0,42.36585365853659,0.0,0.11182428208227399,0.8068353157982912,-0.017463426832826243,212.20540874677292,0.35259038389862096,-1.663677130044843,-7.236823635178482,1.0869970493231307,0.9106195973986577,-0.1475619008828952,-1.627478465058884,-0.23590424021518588,-6.2333606481543775,0.5741979319733961,0.5907911632331861,Lodging,Consumer Cyclical,HTHT
2018Q3,2018,Q3,2018-10-17,2018-09-30,667752000.0,2767561000.0,774772000.0,2.23,1109758000.0,0.400987728906427,23391175000.0,7203930000.0,6110550000.0,4576847000.0,15988370000.0,39137000.0,3688062000.0,62473740815.304,67785947815.304,25.53236056126373,1.3351003430964592,0.3950108534522101,1.2826010247184523,0.034456254593108464,25.53236056126373,0.0926927385468765,22.573573198677103,23.389574578325487,8.672174884445573,0.0,42.35896977284922,0.0,0.11831645909194387,0.9750260386681049,0.028547176445817706,110.64741032075378,0.400987728906427,0.9561403508771932,3.645875990755471,1.0976893891994461,1.300255930867083,0.17288253820626096,0.9731049827584679,0.15459081181933607,1.645046355060306,0.5321927911239096,0.8279995063204764,Lodging,Consumer Cyclical,HTHT
2018Q2,2018,Q2,2018-07-16,2018-06-30,338427000.0,2521280000.0,671036000.0,1.14,946180000.0,0.3752776367559335,21468806000.0,6666514000.0,5990512000.0,4122396000.0,14762832000.0,30139000.0,3020310000.0,78335702646.37001,82463484646.37001,23.68253077319313,1.45316267529854,0.38540815916823695,1.2411663727099351,0.0306141092898906,23.68253077319313,0.050765212523366784,31.069814795012856,57.86750366132874,11.750624486256237,0.0,52.26118982049836,0.0,0.1174392278732222,1.140122394840282,0.015763661938162747,80.09474340094148,0.3752776367559335,1.5909090909090908,2.055275011780294,1.1189067014497753,1.2469623078398846,0.6168793330018165,1.6331813513429398,1.1887366024541237,1.025463419617839,0.5442685154464124,0.7379761898008631,Lodging,Consumer Cyclical,HTHT
2018Q1,2018,Q1,2018-04-16,2018-03-31,128524000.0,2091224000.0,306586000.0,0.44,585189000.0,0.2798308550399192,21140594000.0,6468574000.0,5531122000.0,3835930000.0,14636519000.0,27217000.0,2681883000.0,58126932836.07975,63107207836.07975,23.04435680670892,1.441924644088917,0.40338535426204203,1.3183440430611135,0.015214148102005989,23.04435680670892,0.019868985034414078,27.795651176573983,113.06630052768305,8.986050532324397,0.0,55.33434985487012,0.0,0.09891983167549596,1.0766598973391068,0.006079488589582677,1181.3937001764104,0.2798308550399192,-0.4358974358974359,1621.7239375705824,1.1014667159597353,1.2770073430825903,-0.027429270408663553,-0.4305689702533384,0.3262475775193798,17.437021816924275,0.5452004645077697,0.7826942775961693,Lodging,Consumer Cyclical,HTHT
2017Q4,2017,Q4,2018-01-16,2017-12-31,225706000.0,2225142000.0,231168000.0,0.78,601693000.0,0.2704065628171146,17427442000.0,6438696000.0,5761124000.0,3676501000.0,10953162000.0,24006000.0,2753715000.0,65861381554.41487,67439251554.41487,23.006764072164398,1.5670127656704025,0.28992143540055965,0.7847224034183319,0.01866812891177314,23.006764072164398,0.035054613542866445,29.598731925609634,72.95041066078755,10.228993814029248,1.3572656464604398,67.62680163292511,0.004651329698374129,0.12768035607291076,1.1605211041694263,0.012951183541451465,232.90596452525054,0.2704065628171146,-0.5185185185185185,9.831179164463782,1.1994456209357118,1.2801361618046574,-0.3075559790595679,-0.5198367871403924,-0.609080332260072,3.2982554019218604,0.5312587697203248,0.7853648957536562,Lodging,Consumer Cyclical,HTHT
2017Q3,2017,Q3,2017-10-17,2017-09-30,470061000.0,2373011000.0,591344000.0,1.62,868941000.0,0.36617655796791504,15779445000.0,6289959000.0,5094154000.0,3618727000.0,9468270000.0,27712000.0,2519957000.0,55362414968.575,55745970968.575,22.493782878150135,1.4077198970798295,0.2355383221653233,0.5908884302743468,0.0443181817167961,22.493782878150135,0.07473196566146138,23.33002879825462,29.444271577824473,8.801713169922888,0.0,54.27504330254042,0.0,0.1503862144707878,1.0466686213135172,0.029789450769656348,81.95258765343235,0.36617655796791504,0.2,3.2692308694250793,1.3102728325432282,1.2440394217365485,0.35579042956042256,0.2064013099304741,0.3357487813582829,1.8041501771164876,0.5263080177482613,0.7630557453401667,Lodging,Consumer Cyclical,HTHT
2017Q2,2017,Q2,2017-07-17,2017-06-30,389639000.0,1989181000.0,442706000.0,1.35,640911000.0,0.32219843242017693,15003483000.0,6029016000.0,4577596000.0,3079152000.0,8955759000.0,33239000.0,2349896000.0,38272415187.03901,39112802187.03901,21.56061380891246,1.4866417766969606,0.2546583350012794,0.6337289534477931,0.0336579861070317,21.56061380891246,0.06462729573117736,19.240287931082698,24.556329825196535,6.3480367587412285,0.0,40.562892987153646,0.0,0.1325812812931504,1.0828624244597214,0.025969903121828446,58.24070777250428,0.32219843242017693,1.5961538461538463,3.812238005981528,1.164589519205839,1.2562899467144428,0.6260833603962004,1.6312203291397391,1.6455005587326628,1.7851372853086092,0.4166989142014139,0.7969837408143742,Lodging,Consumer Cyclical,HTHT
2017Q1,2017,Q1,2017-04-17,2017-03-31,148083000.0,1593106000.0,167343000.0,0.52,394144000.0,0.24740601064838122,9953437000.0,5580165000.0,4123288000.0,2736705000.0,4361286000.0,23354000.0,1960257000.0,29759080844.1,27680258844.1,20.038513746444885,1.5066614779451932,0.029805784675183054,0.053165094580536594,0.021204019647706657,20.038513746444885,0.02653738733532073,18.67991260098198,50.24054220285245,5.333010913494493,0.0,51.338614370129314,0.0,0.16005586813881476,0.9874604679715205,0.014877574449911122,-3992.8996168120216,0.24740601064838122,0.18181818181818185,14.683611732511972,1.1372472984832567,1.1683685123147474,-0.02757567458878272,0.17658790064993882,-0.09894032888572998,10.888629142456953,0.3718527260963904,0.7615058749954325,Lodging,Consumer Cyclical,HTHT
2016Q4,2016,Q4,2017-01-17,2016-12-31,125858000.0,1669923000.0,185718000.0,0.44,405321000.0,0.24271837683533912,9993364000.0,5399600000.0,4174681000.0,2966081000.0,4577207000.0,21606000.0,1812174000.0,24975646620.624,22038930620.624,19.459911414804324,1.4074737001450737,0.029848907735173062,0.05524316616045633,0.019198623062148003,19.459911414804324,0.023308763612119417,14.956166614043882,49.610764950626894,4.6254623714023255,0.0,58.530130519300194,0.0,0.16710318967666943,1.1791717758213616,0.012594157482905656,75.74758924373867,0.24271837683533912,-0.5728155339805826,2.6322397723455073,1.2439521482038471,1.1021109742791524,-0.22664160807471787,-0.5717207327074308,-0.47094767248083547,0.9073412005253805,0.322500157336938,0.7012467761522627,Lodging,Consumer Cyclical,HTHT
2016Q3,2016,Q3,2016-10-18,2016-09-30,293869000.0,1773806000.0,351039000.0,1.03,524105000.0,0.29546917757635277,9690458000.0,5249606000.0,4003863000.0,2855789000.0,4437816000.0,21759000.0,1686316000.0,20835603271.35675,18120917271.35675,18.94009070278422,1.402016395468993,0.029631726384862306,0.054698390698273355,0.04774221409417917,18.94009070278422,0.05597924872838076,11.746269474427727,17.725247705063097,3.9689842002155498,0.0,57.43375155108231,0.0,0.1830466630163404,1.1497270981854752,0.030325604837253307,41.14902541025734,0.29546917757635277,-0.07207207207207213,3.415162388073865,1.474003760432129,1.0724941888072794,0.19248385122421258,-0.06856101426307448,0.33278281470682036,1.0813257215484327,0.36862339494906793,0.7063465740154635,Lodging,Consumer Cyclical,HTHT
2016Q2,2016,Q2,2016-06-30,2016-06-30,315500000.0,1656919000.0,263388000.0,1.11,439507000.0,0.26525557374862624,9523966000.0,4929053000.0,3788708000.0,3028954000.0,4585568000.0,21162000.0,1392447000.0,16772638463.592,14922988463.592,17.82685102135293,1.2508304847151854,0.06475264611402434,0.1251157169541492,0.03808440283274125,17.82685102135293,0.06400823849936287,10.122787211440027,13.290521761958797,3.4028115468817237,0.0,57.528210944145165,0.0,0.17397363661315043,0.9116229563076891,0.03312695572411745,30.313385065084905,0.26525557374862624,3.4400000000000004,5.844920050610897,1.6455709236927658,1.0011030310873383,0.8503532244891086,3.5468957168386464,2.722588122226305,1.89978967967864,0.4176658117652708,0.691384366648758,Lodging,Consumer Cyclical,HTHT
2016Q1,2016,Q1,2016-04-11,2016-03-31,69388000.0,1437985000.0,70754000.0,0.25,237526000.0,0.16517974805022306,8926210000.0,4651196000.0,3135126000.0,2716328000.0,4233453000.0,22627000.0,1076947000.0,16652835541.50625,15838967541.50625,17.28227517454325,1.1541779932320397,0.06731770818746143,0.12919085757727689,0.009394201927442017,17.28227517454325,0.01491831348324173,11.580674027549836,59.99897511639711,3.580334077838528,3.981408889145097,53.05427144561807,0.016589487076325984,0.16109692691523053,0.7482767176865238,0.007773511938437478,117.61556881285888,0.16517974805022306,-0.10714285714285723,5.455422314207054,2.035830449924539,0.9820662276436403,-0.22808739369083328,-0.019389485585076315,-0.45816421865188156,912.7450005355402,0.5071502569608525,0.7076574454945258,Lodging,Consumer Cyclical,HTHT
2015Q4,2015,Q4,2016-01-11,2015-12-31,70760000.0,1506315000.0,130582000.0,0.28,307711000.0,0.20428064515058272,7693521000.0,3430109000.0,2961978000.0,2790938000.0,4252773000.0,24529000.0,1007559000.0,12706034322.489,11792876322.489,13.73835080945553,1.0612840557547318,0.04220174351899475,0.09465588411330368,0.01713597773707687,13.73835080945553,0.02062908204957918,8.435177451256212,44.89130272219121,3.704265468674319,0.0,48.86477231032655,0.0,0.19579006803256924,0.6740264384232111,0.00919734930209458,27.760010317644362,0.20428064515058272,-0.6781609195402298,0.6120807114138725,1.6462180997321436,0.2888923382044819,-0.2900413224093895,-0.6836113731785074,-0.5364188567919029,2.806181748246855,0.6689386068207088,0.361569596921192,Lodging,Consumer Cyclical,HTHT
2015Q3,2015,Q3,2015-10-14,2015-09-30,223649000.0,1600180000.0,281681000.0,0.87,433421000.0,0.27085765351397967,7214340000.0,3491230000.0,2657122000.0,2319989000.0,3720893000.0,25818000.0,1213062000.0,9663695515.194,9459279515.194,13.96737825857351,1.1453166372771595,0.0824485677137479,0.17037319225602438,0.05305527372887969,13.96737825857351,0.0640602309214804,6.039130294838081,10.802301279229955,2.7679916577234955,0.0,45.19168796963359,0.0,0.22180545968168952,0.5933778134292879,0.03100061821316988,25.22229548702436,0.27085765351397967,0.5000000000000001,1.0025228400965198,1.5111152070964449,0.3336998700131012,0.1726758658008658,0.49912860456074964,0.41078923380513066,1.2723966019823396,0.742826309740076,0.3934226892974517,Lodging,Consumer Cyclical,HTHT
2015Q2,2015,Q2,2015-07-15,2015-06-30,149186000.0,1457759000.0,199662000.0,0.58,369600000.0,0.253539851237413,6561233000.0,3424857000.0,1949254000.0,1787776000.0,3134823000.0,27371000.0,989413000.0,9522447707.091,8728460707.091,13.626498977472567,1.0903233962196606,0.015163156071427429,0.02904909606444882,0.04123778940963902,13.626498977472567,0.043559774904470466,6.532251014804916,15.957341350882455,2.7803927892729536,0.0,39.75590953929341,0.0,0.2221775998505159,0.7135569556812487,0.022737494614198276,25.792810496197077,0.253539851237413,20.333333333333332,0.7949409827235288,2.1852834654193765,0.6412737918210374,1.435649045114863,22.333619333619335,19.540440152288976,1.0499341446179342,0.764875772060161,0.4259952394804669,Lodging,Consumer Cyclical,HTHT
2015Q1,2015,Q1,2015-04-15,2015-03-31,-6993000.0,1210370000.0,-10769000.0,-0.03,151746000.0,0.12537158059105893,6129457000.0,3245145000.0,1464365000.0,1582202000.0,2883581000.0,29087000.0,840227000.0,7660621942.599999,6997471942.599999,12.92670150811418,0.9255234160998406,0.0,0.0,-0.0029381920951153397,12.92670150811418,-0.0021549114138197214,6.329157152440989,-273.8675083154583,2.360640878173394,0.0,36.39509059029807,0.0,0.19746773653848945,0.5128428607725183,-0.0011408840946269792,-70.01756642537245,0.12537158059105893,-1.1666666666666667,-1.1534714895718245,-0.03016559946802366,-0.08064933182328639,-0.3864162936545483,-1.1492922866719326,-1.2204593842122502,0.2832062422619848,0.8012060709974096,0.398798976458982,Lodging,Consumer Cyclical,HTHT
2014Q4,2014,Q4,2014-12-31,2014-12-31,46841000.0,1296237000.0,48848000.0,0.18,247311000.0,0.19079149877684404,6182906000.0,3216964000.0,1596664000.0,1720761000.0,2964193000.0,29882000.0,847220000.0,10215497429.496,9406632429.496,12.886309194766906,0.9278824892009988,0.0,0.0,0.012815349389691597,12.886309194766906,0.014560622997335376,7.880887082760329,54.52219972618006,3.1755087807933196,0.0,35.10226892443612,0.0,0.20964850508806054,0.546860371661143,0.0075758874548634576,43.877421642975875,0.19079149877684404,-0.6949152542372882,0.06728592329889743,1.277455576473889,0.20895625823135253,-0.38821052735737505,-0.6868896182461113,-0.7583110271088659,0.5025291905655355,0.9359968014101779,0.3920131186037181,Lodging,Consumer Cyclical,HTHT
2014Q3,2014,Q3,2014-10-15,2014-09-30,149599000.0,1387501000.0,202111000.0,0.59,404242000.0,0.2913453756069365,6181912000.0,3183886000.0,1654838000.0,1844729000.0,2988462000.0,32758000.0,800380000.0,9869747473.763998,9320225473.763998,12.758407065461308,0.8970629290264315,0.04852867527069295,0.09422447914278338,0.04132939072719483,12.758407065461308,0.0469862928509375,7.113326385900982,16.49367220663908,3.099906049954049,0.0,30.015843458086575,0.0,0.2244452848892058,0.5568178306949151,0.02419947097273465,46.50715047480915,0.2913453756069365,0.20408163265306117,0.49541763623021146,-0.09473208606376267,0.0,0.2707576914976219,0.2040742410096262,0.27716271721958924,1.496348399074838,1.1493697914732313,0.39607169345389265,Lodging,Consumer Cyclical,HTHT
2014Q2,2014,Q2,2014-07-11,2014-06-30,124244000.0,1246971000.0,158250000.0,0.49,318111000.0,0.2551069752223588,5807396000.0,2979627000.0,1395377000.0,1739254000.0,2820219000.0,29386000.0,650782000.0,9680328721.7,9298056721.7,11.9982242015954,0.802284772666902,0.05165826473689757,0.10068374330075543,0.034601312005724146,11.9982242015954,0.04169783667553019,7.763074459389994,19.47846318876565,3.248839106941909,0.0,31.608929422173823,0.0,0.21472119345744634,0.45530842533637983,0.02139409814657034,35.48637677957404,0.2551069752223588,10.8,-0.00575513222138996,-0.115513883648727,0.0,1.7180378854550271,10.317834108294585,8.974300831443689,2.0011545867050375,1.216758636174118,0.3468269179295499,Lodging,Consumer Cyclical,HTHT
2014Q1,2014,Q1,2014-04-14,2014-03-31,-13334000.0,1034019000.0,-19845000.0,-0.05,117037000.0,0.11318650817828299,5379549000.0,2820683000.0,1139007000.0,1532541000.0,2547425000.0,30970000.0,526538000.0,9448324965.05625,9271613965.05625,11.375785928898388,0.7432147002918682,0.05576675665562299,0.10635721915578603,-0.005243278836259858,11.375785928898388,-0.004727223867410836,9.137477130552002,-177.14723573301802,3.3496585632119067,0.0,29.608718114304164,0.0,0.19221295316763543,0.3753008891768638,-0.00247864644415359,-46.05389487641842,0.11318650817828299,-1.2173913043478262,0.8942917812681743,-0.11063421816777028,0.0,-0.5193572100319916,-1.2277758797403484,-1.2329170676744676,0.07070026901024945,1.3694226226468047,0.3046639331252944,Lodging,Consumer Cyclical,HTHT
2013Q4,2013,Q4,2013-12-31,2013-12-31,58540000.0,1120214000.0,85202000.0,0.23,243501000.0,0.21737007393230223,5185052000.0,2815753000.0,1042388000.0,1402809000.0,2357261000.0,34013000.0,539872000.0,11348366056.02,10950931056.02,11.438617658290068,0.7430719363790794,0.0,0.0,0.020780609461151785,11.438617658290068,0.020790175842838488,10.130534037264308,48.46415295532969,4.0303130480621,0.0,25.77582100961397,0.0,0.21604682074548143,0.336994558774573,0.011290147138350783,200.95206658084396,0.21737007393230223,-0.54,0.35270776444212226,0.9960119548323989,0.07313802536425787,-0.24718041625959958,-0.5313763318630472,-0.5019553056297604,0.35270776444212226,0.9960119548323989,0.07313802536425787,Lodging,Consumer Cyclical,HTHT
2013Q3,2013,Q3,2013-10-15,2013-09-30,124919000.0,1146666000.0,171073000.0,0.5,323452000.0,0.2820803965583701,4856016000.0,2721913000.0,981302000.0,1235005000.0,2109361000.0,31195000.0,481332000.0,7127180026.29,6774607026.29,11.099791209597834,0.7945733013226667,0.00025329405833918173,0.000451888065489235,0.045941912021207225,11.099791209597834,0.04589382540882093,6.215567590117785,14.263602867237969,2.6184451987591078,0.0,26.38929315595448,0.0,0.2361330769915091,0.3582957154019619,0.025724585750953044,85.32785837262203,0.2820803965583701,0.282051282051282,0.27076115679386165,-0.2386534522111816,0.0,0.12211147845816002,0.2967684338374978,0.32417641959254445,0.14010054286037868,0.8341669828740209,0.05988323788154555,Lodging,Consumer Cyclical,HTHT
2013Q2,2013,Q2,2013-07-15,2013-06-30,96331000.0,1034810000.0,129192000.0,0.39,288253000.0,0.27855644997632417,4566306000.0,2580206000.0,908953000.0,1162772000.0,1963004000.0,34411000.0,356414000.0,6021990750.195001,5725242750.195001,10.539798861139024,0.781712149931371,0.00027067831196595236,0.00047903151918877795,0.03655371921839357,10.539798861139024,0.03733461591826389,5.819416849658392,15.628382219106522,2.3339185902966664,0.0,21.695300921217054,0.0,0.22661862783615466,0.33966332178621433,0.02109604568769592,46.67703311419692,0.27855644997632417,1406.942238267148,-0.21799978623751226,-0.25540836337082995,0.0,1.187778924678952,1395.1014492753623,27.237205523964256,0.18993782453677183,1.32144858716696,0.26948937290870056,Lodging,Consumer Cyclical,HTHT
2013Q1,2013,Q1,2013-04-16,2013-03-31,69000.0,866937000.0,-4924000.0,0.000277,131756000.0,0.15197874816739856,4211415000.0,2474877000.0,766199000.0,966229000.0,1710432000.0,32466000.0,260083000.0,6051107606.4165,5878223606.4165,10.120457835463847,0.7929786831072138,0.00029776215357546097,0.0005066918477160683,0.0005197441272107759,10.120457835463847,2.7880173438922418e-05,6.97987005562861,21924.302921798913,2.4450134719489087,0.0,22.644643627179203,0.0,0.20585408942125152,0.28408689865445974,1.6384041943147375e-05,-21.941792756604904,0.15197874816739856,-0.9960428571428571,1.0005546471746878,-0.24393550117749657,0.0,-0.3033280104905828,-0.9962071240105541,-1.1681464280835951,-0.9984454446231041,-0.2868844627342946,-0.28023017569891256,Lodging,Consumer Cyclical,HTHT
2012Q4,2012,Q4,2013-01-11,2012-12-31,18192000.0,883197000.0,29284000.0,0.07,189122000.0,0.2141334266307517,4330187000.0,2465189000.0,996906000.0,1154642000.0,1839622000.0,37971000.0,260014000.0,6492330012.245001,6042486012.245001,10.09008341587603,0.8633896913502194,0.0,0.0,0.007104953040826004,10.09008341587603,0.007379555888006964,7.350942102662261,89.2195747065331,2.6336033514042945,0.0,18.279081404229544,0.0,0.20396278497903209,0.4404404135654168,0.00420120424360426,-87.3352795642202,0.2141334266307517,-0.8205128205128205,-0.5764572429689139,0.5855694684738167,-0.053377556961501864,-0.2825743896332489,-0.8100885251377986,-0.7566399627696706,-0.5764572429689139,0.5855694684738167,-0.053377556961501864,Lodging,Consumer Cyclical,HTHT
2012Q3,2012,Q3,2012-10-10,2012-09-30,95792000.0,893637000.0,120332000.0,0.39,263612000.0,0.2949877858683112,4017229000.0,2438608000.0,990536000.0,926006000.0,1552476000.0,32980000.0,241822000.0,6253622440.962,5788807440.962,10.023791320360735,1.0696863735224178,0.00021905646902379726,0.0003608616062934264,0.038885328012723736,10.023791320360735,0.03928142612506807,6.997944848928592,16.320836919998538,2.564422999088824,0.0,19.10324439053972,0.0,0.22245109751024897,0.5548776141839253,0.023845292364463165,-174.0453213370627,0.2949877858683112,0.3448275862068967,-0.017767893619964337,-0.4019244585367524,0.0,0.21035087558196128,0.3620167493708322,0.46026891898451533,-0.017767893619964337,-0.4019244585367524,0.0,Lodging,Consumer Cyclical,HTHT
2012Q2,2012,Q2,2012-07-13,2012-06-30,70331000.0,798234000.0,82404000.0,0.29,217798000.0,0.272849815968751,3799891000.0,2321042000.0,1000525000.0,889990000.0,1454842000.0,31783000.0,146029000.0,4532151616.286,3991978616.2860003,9.555781534331848,1.1241980246969068,0.00025527048012692995,0.00041791574646214935,0.02907899475133287,9.555781534331848,0.03030147666436023,5.677723094087699,16.110078117352234,1.952636624535877,0.0,18.26246735676305,0.0,0.21006760457076268,0.6688794256115237,0.018508688801863002,-172.41037837280786,0.272849815968751,8.249999999999998,-0.4245695145304572,-0.4211140220614195,0.0,1.1760215805774803,8.459009438964895,7.7060546875,-0.4245695145304572,-0.4211140220614195,0.0,Lodging,Consumer Cyclical,HTHT
2012Q1,2012,Q1,2012-05-10,2012-03-31,-9429000.0,649458000.0,-12288000.0,-0.04,100090000.0,0.15411312201866786,3476965000.0,2242204000.0,1021289000.0,714906000.0,1225041000.0,27662000.0,75698000.0,4471478990.265,3855796990.2650003,9.24128607874574,1.428564034992013,0.0,0.0,-0.004932119763155122,9.24128607874574,-0.00420523734682482,6.884939426822059,-118.55655398942093,1.9942337941886643,-0.08526885141584474,19.86002458245969,0.00017980627925355663,0.18678876548944265,0.9208889000791712,-0.0027118478328082107,-29.94822071480239,0.15411312201866786,-1.3333333333333335,0.923608664672565,-0.42913537746930497,0.0,-0.3621509323340853,-1.3111983893857884,-1.3576251455180441,0.923608664672565,-0.42913537746930497,0.0,Lodging,Consumer Cyclical,HTHT
2011Q4,2011,Q4,2012-01-04,2011-12-31,30299000.0,650736000.0,34360000.0,0.12,156918000.0,0.24113926384893414,3524950000.0,2246094000.0,1173817000.0,793343000.0,1269066000.0,31232000.0,85127000.0,5434149581.55,4652548581.55,9.257318787119429,1.4795832319690223,0.0,0.0,0.011300387821492036,9.257318787119429,0.013489640237674825,8.35077447928192,44.83769746154989,2.419377631368055,0.0,15.811283299180328,0.0,0.18460857600817032,1.032361790549611,0.008595582916069731,-62.564325057853715,0.24113926384893414,-0.5,-0.2896737514316226,0.17637362562530728,-0.13150512586834226,-0.09872664510904214,-0.4791928081544253,-0.3850669339251199,-0.2896737514316226,0.17637362562530728,-0.13150512586834226,Lodging,Consumer Cyclical,HTHT
2011Q3,2011,Q3,2011-10-25,2011-09-30,58177000.0,626686000.0,55876000.0,0.24,174107000.0,0.2778217480524537,3241000000.0,2214000000.0,1201000000.0,581000000.0,1027000000.0,26000000.0,55000000.0,5296186299.25,4459186299.25,9.138790740679589,2.0671256454388987,0.0,0.0,0.022508801468220662,9.138790740679589,0.026276874435411022,8.451100390386893,22.758935228913487,2.3921347331752485,0.0,17.406884615384616,0.0,0.19336192533168775,1.5834767641996557,0.017950323974082073,-53.58993705478205,0.2778217480524537,0.4999999999999999,-0.4009579605216875,-0.5788217004223623,0.0,0.14493611368673018,0.4432040882141351,0.38084764611392563,-0.4009579605216875,-0.5788217004223623,0.0,Lodging,Consumer Cyclical,HTHT
2011Q2,2011,Q2,2011-08-16,2011-06-30,40311000.0,547740000.0,40465000.0,0.16,152067000.0,0.27762624602913794,3093933000.0,2154203000.0,1268532000.0,532331000.0,932194000.0,21710000.0,-3350000.0,6954655274.900001,5979954274.900001,8.908512327656794,2.3829760055303937,0.0,0.0,0.015424373432275016,8.908512327656794,0.018712721131666794,12.697000903530874,43.131249999379826,3.228412213194393,0.0,18.225380009212344,0.0,0.17703680073227185,1.9182933175035832,0.013029047493917936,-339.66570329181934,0.27762624602913794,3.666666666666667,-0.6687125441045043,-0.6010002614096955,0.0,1.4073423252279635,3.888642063776424,2.717894289959669,-0.6687125441045043,-0.6010002614096955,0.0,Lodging,Consumer Cyclical,HTHT
2011Q1,2011,Q1,2011-04-07,2011-03-31,-13955000.0,424435000.0,-23555000.0,-0.06,63168000.0,0.1488284425177,2965899000.0,2102717000.0,1273028000.0,489111000.0,853174000.0,20804000.0,-43661000.0,6885461031.776001,5983459031.776001,8.719322762029558,2.602738437696147,0.0,0.0,-0.009489535299710528,8.719322762029558,-0.006636651532279427,16.22265136422774,-123.35114711171624,3.2745543179495864,0.0,17.36526629494328,0.0,0.14310500795880102,2.12538667091928,-0.004705150107943663,-58.09044994327176,0.1488284425177,-1500.9999999999998,0.8862495971894437,-0.6246487336907638,0.0,-0.511461716937355,-1.3998567335243552,-1.7622977346278317,0.8862495971894437,-0.6246487336907638,0.0,Lodging,Consumer Cyclical,HTHT
2010Q4,2010,Q4,2010-12-31,2010-12-31,34900000.0,452600000.0,30900000.0,4e-05,129300000.0,0.2856827220503756,3044000000.0,2116000000.0,1415000000.0,574000000.0,928000000.0,18000000.0,-30000000.0,7147508899.806001,6087508899.806001,10.659036757557287,2.465156794425087,0.0,0.0,0.011920836387485052,10.659036757557287,0.016493383742911153,15.79210980955811,51.19992048571633,3.3778397447098305,0.0,17.961111111111112,0.0,0.14868593955321946,2.0644599303135887,0.011465177398160315,111.33191432719627,0.2856827220503756,-0.9995535215983927,0.0,0.0,0.0,-0.33692307692307694,-0.6065388951521984,-0.7020250723240116,0.0,0.0,0.0,Lodging,Consumer Cyclical,HTHT
2010Q3,2010,Q3,2010-11-09,2010-09-30,88700000.0,506100000.0,103700000.0,0.08959,195000000.0,0.38529934795494963,2871000000.0,2079000000.0,1489000000.0,466000000.0,792000000.0,11000000.0,-65000000.0,7778990285.7039995,6530990285.7039995,10.47265473485898,3.1952789699570814,0.0,0.0,0.03970110834068431,10.47265473485898,0.04266474266474266,15.370460947844299,21.925000805253664,3.741698069121693,,28.28181818181818,,0.17628004179728318,2.7854077253218885,0.030895158481365377,0.0,0.38529934795494963,-0.72003125,0.11460446602864585,-0.5849088142477422,0.0,0.18017309205350118,0.11289553587111992,-0.008016223765520672,0.11460446602864585,-0.5849088142477422,0.0,Lodging,Consumer Cyclical,HTHT
2010Q2,2010,Q2,2010-07-15,2010-06-30,79702000.0,438863000.0,104538000.0,0.32,165230000.0,0.3764956261976972,2720611000.0,2001026000.0,1469321000.0,375358000.0,712496000.0,7864000.0,-153307000.0,6230823847.98,5014393847.98,8.302392352438407,3.9144523361697368,0.025361949944332357,0.03448231057467519,0.039290599722598255,8.302392352438407,0.03983056691917047,14.19765131255084,19.54412639576171,3.113814537132451,,34.7956510681587,,0.16131045562926857,3.4889465523580157,0.0292956251371475,0.0,0.3764956261976972,4.333333333333334,-0.3428226268318592,-0.6792555989629511,0.0,1.4035901837277978,5.4027956298200515,5.074965132496513,-0.3428226268318592,-0.6792555989629511,0.0,Lodging,Consumer Cyclical,HTHT
2010Q1,2010,Q1,2010-05-11,2010-03-31,12448000.0,340945000.0,17208000.0,0.06,68743000.0,0.20162489551100618,1597994000.0,964310000.0,410648000.0,319083000.0,625812000.0,7818000.0,-233010000.0,1750592961.481,1561718961.481,14.060686477501385,1.2869629532128004,0.043492028130268326,0.07207225892088644,0.01396311408344675,14.060686477501385,0.01290871192873661,5.134531849656103,35.158116996324715,1.8153840170494966,,34.81734458940905,,0.2133581227463933,0.8881889665071471,0.0077897664196486345,0.0,0.20162489551100618,0.0,1.3567883029007204,0.06022721328086186,0.0,0.0,0.0,0.0,1.3567883029007204,0.06022721328086186,0.0,Lodging,Consumer Cyclical,HTHT
2009Q3,2009,Q3,2009-09-30,2009-09-30,22264000.0,341109000.0,37053000.0,0.12,84841000.0,0.24872108329009202,,,,,,,,1317444617.808,,,0.0,0.0,0.0,0.0,,0.0,3.8622393950555396,14.793440282608696,0.0,,0.0,,0.0,0.0,0.0,0.0,0.24872108329009202,-0.2,0.0,0.0,0.0,0.11331128782510563,-0.2033491966937417,-0.02384214131408399,0.0,0.0,0.0,Lodging,Consumer Cyclical,HTHT
2009Q2,2009,Q2,2009-06-30,2009-06-30,27947000.0,315296000.0,37958000.0,0.15,76206000.0,0.24169669136303665,,,,,,,,1318237048.26,,,0.0,0.0,0.0,0.0,,0.0,4.1809507518649145,11.792294774573302,0.0,,0.0,,0.0,0.0,0.0,0.0,0.24169669136303665,1.2941176470588236,0.0,0.0,0.0,5.411408379606259,2.0159959283091577,2.195979582834457,0.0,0.0,0.0,Lodging,Consumer Cyclical,HTHT
2009Q1,2009,Q1,2009-03-31,2009-03-31,-27507000.0,253536000.0,-31738000.0,-0.51,11886000.0,0.046880916319575916,,,,,,,,1284484938.2039998,,,0.0,0.0,0.0,0.0,,0.0,5.066282256578947,-11.674164196422728,0.0,,0.0,,0.0,0.0,0.0,0.0,0.046880916319575916,0.0,0.0,0.0,0.0,0.0,0.0,0.0,0.0,0.0,0.0,Lodging,Consumer Cyclical,HTHT
