Quarters,Year,Quarter,FillingDate,Date,NetIncome,Revenue,OperatingIncome,EPSDiluted,GrossProfit,GrossProfitRatio,TotalAssets,CommonStockEquity,CurrentAssets,CurrentLiability,TotalLiability,Inventory,RetainedEarnings,MarketCap,EnterpriseValue,bookValuePerShare,currentRatio,debtToAssets,debtToEquity,roic,shareholdersEquityPerShare,roe,priceToSalesRatio,peRatio,pbRatio,payoutRatio,inventoryTurnover,dividendYield,assetTurnover,quickRatio,returnOnAssets,priceToFreeCashFlowsRatio,grossProfitMargin,epsdilutedGrowth,fiveYNetIncomeGrowthPerShare,fiveYRevenueGrowthPerShare,fiveYShareholdersEquityGrowthPerShare,grossProfitGrowth,netIncomeGrowth,operatingIncomeGrowth,threeYNetIncomeGrowthPerShare,threeYRevenueGrowthPerShare,threeYShareholdersEquityGrowthPerShare,Industry,Sector,Symbol
2023Q1,2023,Q1,2023-04-27,2023-03-31,88500000.0,2268100000.0,130800000.0,1.34,333800000.0,0.1471716415,7916400000.0,3247200000.0,4413600000.0,2458600000.0,4669200000.0,1905900000.0,3376700000.0,5442462159.660001,5501062159.660001,49.62865851452677,1.7951679817782478,0.07545096255873882,0.1839430894308943,0.025030559121875264,49.62865851452677,0.027254249815225427,2.399568872474759,15.374186891694917,1.6760477210088693,0.30282485875706217,1.0149010965947847,0.004924241862193166,0.2865064928502855,0.9845440494590417,0.011179323935122025,-165.4243817525836,0.14717164146201667,0.17543859649122825,-0.09029968525736208,0.3693776820138063,0.57401888775961,0.059682539682539684,0.17842876165113183,-0.11020408163265306,0.34630630758142267,0.3173808810506904,0.2602101163758519,Farm & Heavy Construction Machinery,Industrials,OSK
2022Q4,2022,Q4,2023-02-21,2022-12-31,75100000.0,2203600000.0,147000000.0,1.14,315000000.0,0.1429479034,7729000000.0,3185700000.0,4532100000.0,2428600000.0,4543300000.0,1865600000.0,3315000000.0,5770266144.03,5569066144.03,48.688721800236486,1.866136868978012,0.07823780566696856,0.18981699469504348,0.028084919947425173,48.688721800236486,0.02357409674482845,2.618563325481031,19.208609001431427,1.8113024277333083,0.322237017310253,1.012328473413379,0.004193914006035522,0.28510803467460216,1.0606110516346867,0.009716651572001552,16.528977782956172,0.14294790343074967,0.26666666666666655,0.5232028246700432,0.5890748084617341,0.5889929514305714,0.1302475780409042,0.26644182124789206,0.3699906803355079,0.03253151365613665,0.352996576977807,0.2366622985607775,Farm & Heavy Construction Machinery,Industrials,OSK
2022Q3,2022,Q3,2022-10-27,2022-09-30,59300000.0,2066700000.0,107300000.0,0.9,278700000.0,0.1348526637,6964400000.0,2891300000.0,4116900000.0,2272900000.0,4073100000.0,1669700000.0,3121500000.0,4595238552.96,4724638552.96,44.226099397841,1.8112983413260593,0.08675549939693297,0.20897174281465086,0.02045298674826818,44.226099397841,0.020509805277902672,2.22346666326027,19.372843815177067,1.5893330173140112,0.40809443507588533,1.0708510510870217,0.005266320718956296,0.29675205329963816,1.0330854855031018,0.008514732065935329,41.661274278875794,0.13485266366671506,1.1951219512195124,-0.27323307162063515,0.20644968354209456,0.4358938714239776,0.16076634735526865,1.204460966542751,0.5461095100864554,-0.5876068030192304,-0.018133380351312976,0.1601156215841669,Farm & Heavy Construction Machinery,Industrials,OSK
2022Q2,2022,Q2,2022-07-28,2022-06-30,26900000.0,2066000000.0,69400000.0,0.41,240100000.0,0.116214908,6859900000.0,2877000000.0,4053300000.0,2338800000.0,3982900000.0,1584300000.0,3086400000.0,5389495107.78,5596695107.78,43.84766574124266,1.73306824012314,0.08813539555970204,0.21014946124435174,0.013492630800846282,43.84766574124266,0.009350017379214459,2.6086617172216844,50.08824449609666,1.8733038261313868,0.9070631970260223,1.1524963706368743,0.004527325753534391,0.3011705709995773,1.0249700701214297,0.0039213399612239245,-12.285149550444494,0.11621490803484995,20.43127962085308,-0.7615162126212253,0.15640019899721835,0.505255594227134,0.1927471435668157,20.214285714285715,1.3686006825938566,-0.8513524356086374,-0.08436463146271633,0.174803219115315,Farm & Heavy Construction Machinery,Industrials,OSK
2022Q1,2022,Q1,2022-04-27,2022-03-31,-1400000.0,1945700000.0,29300000.0,-0.0211,201300000.0,0.1034589094,6974500000.0,2968000000.0,4293800000.0,2446300000.0,4006500000.0,1527900000.0,3084000000.0,6682560226.650001,6332460226.650001,44.70280698835608,1.755222172260148,0.08522474729371281,0.20026954177897574,-0.0006124845311074059,44.70280698835608,-0.0004716981132075472,3.4345275359253744,-1193.3143261875,2.251536464504717,-17.5,1.1416977550886838,0.0036662595126781172,0.2789734031113342,1.1042799329599804,-0.00020073123521399384,22.208575030408774,0.10345890938993678,-1.2866847826086958,-1.0355546276218255,0.35266006925066956,0.6422310567704473,0.17239370995923123,-1.28,1.2366412213740459,-1.01149367897333,0.031367190815512945,0.2525935215884126,Farm & Heavy Construction Machinery,Industrials,OSK
2021Q4,2021,Q4,2021-12-31,2021-12-31,5000000.0,1791700000.0,13100000.0,0.0736,171700000.0,0.0958307752,6721800000.0,3076400000.0,4114600000.0,2143000000.0,3645400000.0,1382700000.0,3110600000.0,7591147552.95,7414447552.95,45.67702598077583,1.9200186654223053,0.12184236365259306,0.26622025744376543,0.02802450753880645,45.67702598077583,0.001625276296970485,4.236840739493219,379.5573776475,2.4675424369230265,4.98,1.17162074202647,0.0032801364782224,0.2665506263203309,1.0388707419505365,0.0007438483739474546,-36.79664349466796,0.09583077524139086,-0.9433846153846153,-0.7127911013675664,0.631198601065022,0.7133296521187819,-0.38348294434470376,-0.9442586399108138,-0.8742802303262955,-0.9513269214828146,0.054189139507295134,0.35380114497174364,Farm & Heavy Construction Machinery,Industrials,OSK
2021Q3,2021,Q3,2021-11-16,2021-09-30,89700000.0,2063000000.0,104200000.0,1.3,278500000.0,0.1349975763,6891600000.0,3247800000.0,4417900000.0,2151700000.0,3643800000.0,1267400000.0,3129300000.0,7001886676.06,6444886676.06,47.48395702215032,2.053213737974625,0.11881130651807999,0.25210912001970565,0.025423411458963006,47.48395702215032,0.027618695732495844,3.3940313504895783,19.514734325696768,2.1558860385676457,0.2508361204013378,1.408000631213508,0.0032134196168768715,0.299349933252075,1.4371427243574848,0.013015845376980672,19.547422322892242,0.13499757634512846,-0.5765472312703582,0.5716203519366839,0.26634911392252913,0.7706094413693546,-0.27587103484139364,-0.5806451612903226,-0.4887144259077527,-0.36828646216277744,0.06864044097108755,0.376819654245242,Farm & Heavy Construction Machinery,Industrials,OSK
2021Q2,2021,Q2,2021-07-29,2021-06-30,213900000.0,2208800000.0,203800000.0,3.07,384600000.0,0.174121695,6706300000.0,3228700000.0,4292100000.0,2047500000.0,3477600000.0,1273200000.0,3062100000.0,8572963676.64,8225263676.64,46.94119597130061,2.096263736263736,0.12206432757258101,0.25353857589742,0.0560832057029522,46.94119597130061,0.0662495741320036,3.881276564940239,10.019826644039272,2.655236992176418,0.10612435717625059,1.4327678290920516,0.0026478591133955215,0.32936194324739426,1.4494749694749696,0.03189538195428179,89.2087791533819,0.1741216950380297,1.1319444444444444,1.7106018477709017,0.34867170512394624,0.7717772390660551,0.22056490003173596,1.1475903614457832,0.4474431818181818,0.49548506680369914,0.08876481353172987,0.4306625378184616,Farm & Heavy Construction Machinery,Industrials,OSK
2021Q1,2021,Q1,2021-04-28,2021-03-31,99600000.0,1889000000.0,140800000.0,1.44,315100000.0,0.1668078348,6343800000.0,3018200000.0,3981100000.0,1902500000.0,3325600000.0,1397200000.0,2871000000.0,8129802298.54,7854902298.54,44.0526840442746,2.092562417871222,0.12899208676187773,0.2711218607116825,0.02751817385677236,44.0526840442746,0.03299980120601683,4.303759819237692,20.40613026741968,2.6935929688357296,0.22791164658634538,1.1264672201545949,0.002792195820564616,0.29777105205082127,1.277634691195795,0.01570036886408777,26.40403474680091,0.1668078348332451,0.4257425742574257,0.8947280844995492,0.3225494632592055,0.7184470483840498,0.298845836768343,0.4330935251798561,0.4681960375391032,-0.022278254727326204,0.08916547525803481,0.3971716910683417,Farm & Heavy Construction Machinery,Industrials,OSK
2020Q4,2020,Q4,2021-01-27,2020-12-31,69500000.0,1576500000.0,95900000.0,1.01,242600000.0,0.1538851887,6016400000.0,2932600000.0,3749400000.0,1711500000.0,3083800000.0,1502800000.0,2793500000.0,5873444514.54,5792944514.54,42.97459206010194,2.1907099035933393,0.13597832590918157,0.2789674691400123,0.02150223524540479,42.97459206010194,0.023699106594830526,3.7256229080494765,21.127498253741006,2.002811332790016,0.3237410071942446,0.8876097950492414,0.003830801490386118,0.2620337743501097,1.3755185509786736,0.011551758526693703,17.04423828943703,0.15388518870916587,-0.30344827586206896,4.1664785671350915,0.36663434081747415,0.7619824928735668,-0.13634745461018155,-0.305,-0.24725274725274726,0.351568429202749,0.09003637037085742,0.40250804188855316,Farm & Heavy Construction Machinery,Industrials,OSK
2020Q3,2020,Q3,2020-11-18,2020-09-30,100000000.0,1784200000.0,127400000.0,1.45,280900000.0,0.157437507,5815900000.0,2850700000.0,3535800000.0,1585100000.0,2965200000.0,1505400000.0,2747700000.0,5007647610.0,5247847610.0,41.841292822120124,2.2306479086492965,0.14152581715641604,0.2887360999052864,0.027616489347143534,41.841292822120124,0.035079103378117656,2.806662711579419,12.519119025,1.756637881923738,0.204,0.9986050219210841,0.004073769080568351,0.3067796901597345,1.2138666330199988,0.01719424336732062,20.14339344328238,0.15743750700594103,0.23931623931623935,1.2465344201170554,0.27742390947446205,0.6855792071205734,0.09087378640776698,0.24688279301745636,0.07419898819561552,0.1760033554983653,-0.0005906521991996526,0.3584660811998103,Farm & Heavy Construction Machinery,Industrials,OSK
2020Q2,2020,Q2,2020-07-30,2020-06-30,80200000.0,1580800000.0,118600000.0,1.17,257500000.0,0.1628922065,5760300000.0,2768900000.0,3453400000.0,1629300000.0,2991400000.0,1714400000.0,2668100000.0,4876416938.06,5367316938.06,40.66687088468972,2.1195605474743755,0.1427877020294082,0.2970493697858355,0.024493321170890606,40.66687088468972,0.028964570768175088,3.084777921343624,15.200800929114715,1.761138696977139,0.25561097256857856,0.7718735417638825,0.004203906323103614,0.2744301512074024,1.0101884244767692,0.013922885960800652,-101.80411144175366,0.16289220647773278,0.16999999999999993,0.023525314931011544,0.12490276761176962,0.5903131643363045,-0.11935704514363885,0.16909620991253643,-0.1122754491017964,-0.3148150463093328,-0.14732871660914124,0.39606142913360326,Farm & Heavy Construction Machinery,Industrials,OSK
2020Q1,2020,Q1,2020-04-29,2020-03-31,68600000.0,1796700000.0,133600000.0,1.0,292400000.0,0.1627428063,5861900000.0,2689000000.0,3533600000.0,1805000000.0,3172900000.0,1655900000.0,2608400000.0,4392530432.29,4810930432.29,39.381257037715486,1.9576731301939059,0.14027874921100666,0.30580141316474524,0.02444204216968117,39.381257037715486,0.025511342506507995,2.444776775360383,16.00776396607143,1.6335181972071402,0.2988338192419825,0.9084485778126699,0.00466701376712205,0.3065047169006636,0.9882548476454294,0.011702690254013205,23.426828972213332,0.1627428062559136,-0.09090909090909098,0.4353786698591264,0.3206984811307847,0.6185630038794483,0.01001727115716753,-0.09379128137384413,0.22456461961503207,0.6940260683285907,0.2145523351592624,0.44673517658168055,Farm & Heavy Construction Machinery,Industrials,OSK
2019Q4,2019,Q4,2020-01-29,2019-12-31,75700000.0,1695100000.0,109100000.0,1.1,289500000.0,0.1707863843,5556200000.0,2681100000.0,3230600000.0,1509200000.0,2875100000.0,1430700000.0,2560300000.0,6445496523.0,7000696523.0,39.37107313524494,2.1406042936655183,0.1474388970879378,0.30554623102457945,0.02451041569280793,39.37107313524494,0.02823467979560628,3.802428483865259,21.286316126155878,2.4040492794002466,0.26948480845442535,0.9824561403508771,0.003165000543744766,0.3050826104171916,1.1125099390405513,0.01362441956733019,-33.728396248037676,0.17078638428411302,-0.49308755760368655,1.52597301698611,0.4503190262145295,0.6324252678160563,-0.2713314875409011,-0.49533333333333335,-0.46282619399310687,3.3006390093755997,0.5263217525539249,0.4767955134982409,Farm & Heavy Construction Machinery,Industrials,OSK
2019Q3,2019,Q3,2019-11-19,2019-09-30,150000000.0,2195700000.0,203100000.0,2.17,397300000.0,0.1809445735,5566300000.0,2599800000.0,3408300000.0,1741900000.0,2966500000.0,1249200000.0,2505000000.0,5169300536.599999,5539900536.599999,38.12214797818958,1.956656524484758,0.14713544005892604,0.3150242326332795,0.046497669478388605,38.12214797818958,0.05769674590353104,2.354283616432117,8.615500894333332,1.988345463727979,0.12266666666666666,1.4396413704771054,0.003559475768476448,0.3944631083484541,1.194213215454389,0.0269478827946751,13.603422464736841,0.18094457348453796,-0.20512820512820515,1.3328215350856991,0.5930335665044498,0.5847081155803502,-0.08435123300299609,-0.21834288692027098,-0.2121799844840962,1.6358837807872997,0.35178313043444015,0.4215208539586324,Farm & Heavy Construction Machinery,Industrials,OSK
2019Q2,2019,Q2,2019-08-01,2019-06-30,191900000.0,2392700000.0,257800000.0,2.73,433900000.0,0.1813432524,5446400000.0,2596900000.0,3361200000.0,1687500000.0,2849500000.0,1361400000.0,2373400000.0,5810484668.1,6476984668.1,37.32341300040199,1.9918222222222222,0.15031947708578144,0.31526050290731256,0.058994396496975986,37.32341300040199,0.07389579883707498,2.4284217277970495,7.569677785435123,2.237469547575956,0.0979676915059927,1.4388129866314088,0.003235530437454455,0.43931771445358403,1.1361185185185185,0.03523428319623972,-76.35328078975033,0.18134325239269444,0.49999999999999994,1.221020533660871,0.5061614779294653,0.42228615601865993,0.21234981838502376,0.4933852140077821,0.46810933940774485,1.4039730111499575,0.44423468065270033,0.4087577504161769,Farm & Heavy Construction Machinery,Industrials,OSK
2019Q1,2019,Q1,2019-04-30,2019-03-31,128500000.0,1990200000.0,175600000.0,1.82,357900000.0,0.1798311727,5469400000.0,2499700000.0,3369700000.0,1810100000.0,2969700000.0,1503500000.0,2200300000.0,5398896017.88,5895496017.88,35.68819909883335,1.8616098558090712,0.1496507843639156,0.32743929271512584,0.04131690643541058,35.68819909883335,0.05140616874024883,2.7127404370817003,10.503688750739299,2.1598175852622314,0.14785992217898833,1.085666777519122,0.003519237995522793,0.36387903609171024,0.9856913982652892,0.02349435038578272,27.658278780122952,0.17983117274645763,0.20529801324503313,1.1562607810172068,0.4230981229603607,0.4194944537172454,0.09016143770941212,0.17889908256880735,0.0940809968847352,1.3911293216857985,0.36297870638162494,0.3921576342974984,Farm & Heavy Construction Machinery,Industrials,OSK
2018Q4,2018,Q4,2019-01-31,2018-12-31,109000000.0,1803400000.0,160500000.0,1.51,328300000.0,0.1820450261,5030100000.0,2411200000.0,2944200000.0,1478200000.0,2618900000.0,1291600000.0,2090800000.0,4381487820.59,5039887820.59,33.73983405940257,1.9917467189825464,0.16268066241227808,0.33937458526874587,0.03634887782852639,33.73983405940257,0.04520570670205707,2.4295707112066096,10.0492839921789,1.8171399388644658,0.17706422018348625,1.142071848869619,0.004404896416533028,0.35852169936979383,0.9398592883236369,0.021669549313134927,-41.72845543419048,0.1820450260618831,-0.2634146341463414,1.3701489719826028,0.40690689481396025,0.4159896312778705,-0.125,-0.2795769993390615,-0.20307845084409137,6.737258382626124,0.49279851541407593,0.38335221058025304,Farm & Heavy Construction Machinery,Industrials,OSK
2018Q3,2018,Q3,2018-11-20,2018-09-30,151300000.0,2057000000.0,201400000.0,2.05,375200000.0,0.1824015557,5294200000.0,2513500000.0,3269900000.0,1690100000.0,2780700000.0,1227700000.0,2007900000.0,5181776105.4,5545176105.4,34.48814583358089,1.934737589491746,0.15450870764232558,0.32544260990650486,0.048254305937812686,34.48814583358089,0.06019494728466282,2.5190938771998055,8.562088739920686,2.061577921384523,0.1163251817580965,1.3698786348456464,0.0033965188078386483,0.3885384005137698,1.1692799242648364,0.02857844433531034,29.525789774358973,0.18240155566358776,0.0,3.942029092426816,0.41266993903144356,0.4139123374831461,-0.06875155125341276,-0.013689700130378096,-0.09442446043165467,2.1775279726195786,0.3767756446635116,0.38935720166115956,Farm & Heavy Construction Machinery,Industrials,OSK
2018Q2,2018,Q2,2018-07-31,2018-06-30,153400000.0,2175800000.0,222400000.0,2.05,402900000.0,0.1851732696,5273900000.0,2420400000.0,3265700000.0,1737400000.0,2853500000.0,1246800000.0,2666800000.0,5187391919.04,5633291919.04,32.81080948892298,1.8796477495107633,0.15506551129145416,0.3378780366881507,0.05313911703644542,32.81080948892298,0.06337795405718064,2.3841308571743727,8.45402855123859,2.143196132473971,0.11538461538461539,1.4219602181584858,0.003412119283880065,0.412559965111208,1.1160930125474848,0.029086634179639356,32.91492334416244,0.18517326960198546,0.3945578231292516,0.2181901327708358,0.16554556560184716,0.4300137657509111,0.20125223613595708,0.3844765342960289,0.42655548428479795,0.8069490008246937,0.4290694849668697,0.2830950876628497,Farm & Heavy Construction Machinery,Industrials,OSK
2018Q1,2018,Q1,2018-04-26,2018-03-31,110800000.0,1886400000.0,155900000.0,1.47,335400000.0,0.1777989822,5194500000.0,2349600000.0,3153600000.0,1739800000.0,2844900000.0,1321800000.0,2531100000.0,5758140387.07,6297740387.07,31.529900244822375,1.8126221404759169,0.15930310905765713,0.35218760640108954,0.03699423951668403,31.529900244822375,0.047156962887299966,3.0524493146045377,12.99219401414711,2.4506896437989445,0.1615523465703971,1.1733999092147072,0.0031086425124671755,0.36315333525844645,1.0031038050350616,0.0213302531523727,-928.7323204951613,0.17779898218829515,0.9864864864864865,0.4973770186823475,0.11125078271012952,0.4550183423211893,0.38480594549958713,0.9645390070921985,1.1124661246612466,1.1242812887735274,0.2705500838276698,0.29587356755536154,Farm & Heavy Construction Machinery,Industrials,OSK
2017Q4,2017,Q4,2018-01-25,2017-12-31,56400000.0,1586300000.0,73800000.0,0.74,242200000.0,0.1526823426,4962100000.0,2293400000.0,2916600000.0,1565400000.0,2668700000.0,1219900000.0,2438200000.0,6802828287.81,7256828287.81,30.641244667826875,1.86316596397087,0.1678926261058826,0.36325978895962324,0.021773944546221776,30.641244667826875,0.02459230836312898,4.2884878571581675,30.154380708377662,2.9662633155184444,0.3191489361702128,1.1018116239035987,0.0026459583041739025,0.3196831986457347,0.6887057621055321,0.011366155458374478,731.486912667742,0.1526823425581542,-0.3983739837398374,0.4633757118089283,0.0868150899651671,0.5476269196915386,-0.25819295558958655,-0.3967914438502674,-0.4513011152416357,0.7122780370685067,0.23485481460346083,0.2704642787172889,Farm & Heavy Construction Machinery,Industrials,OSK
2017Q3,2017,Q3,2017-11-21,2017-09-30,93500000.0,1963000000.0,134500000.0,1.23,326500000.0,0.1663270504,5098900000.0,2307400000.0,3039800000.0,1683100000.0,2791500000.0,1198400000.0,2399800000.0,6183452899.88,6567352899.88,30.80039568243433,1.806072128809934,0.1629567161544647,0.36010227962208546,0.032883337987210645,30.80039568243433,0.04052179942792754,3.1500014772694858,16.533296523743317,2.679835702470313,0.1679144385026738,1.3655707610146863,0.0025390344608761687,0.38498499676400794,1.0417087517081576,0.01833728843476044,76.43328677231149,0.1663270504330107,-0.27218934911242604,0.44392772205443626,0.16635032587644671,0.5168447920382871,-0.15611269061773067,-0.2729393468118196,-0.3652666352052855,0.3237252457054612,0.2964871260427007,0.28034855299771155,Farm & Heavy Construction Machinery,Industrials,OSK
2017Q2,2017,Q2,2017-08-02,2017-06-30,128600000.0,2036900000.0,211900000.0,1.69,386900000.0,0.1899455054,5092600000.0,2179100000.0,3050200000.0,1773100000.0,2913500000.0,1410700000.0,2322000000.0,5152690662.0,5609990662.0,29.129714521178062,1.720263944503976,0.1630797627930723,0.381120646138314,0.04555605011261713,29.129714521178062,0.059015189757239225,2.5296728666110266,10.016894755054432,2.3645957789913266,0.12286158631415241,1.1696320975402283,0.0030663591192309774,0.3999725091308958,0.8772770853307766,0.025252326905706318,-119.55198751740139,0.1899455054249104,1.9137931034482758,1.076039313132258,0.14377718751029697,0.5237045299107633,0.480673555300421,1.9029345372460496,1.6355721393034826,0.3843678701207866,0.19257565081405106,0.11004826090800043,Farm & Heavy Construction Machinery,Industrials,OSK
2017Q1,2017,Q1,2017-04-26,2017-03-31,44300000.0,1618300000.0,80400000.0,0.58,261300000.0,0.1614657356,4988800000.0,2033300000.0,2903700000.0,1793300000.0,2955500000.0,1455100000.0,2209200000.0,5123440891.440001,5537140891.440001,27.220777980089487,1.619193665309764,0.16579137267479152,0.4067771602813161,0.01828058235833372,27.220777980089487,0.02178724241381006,3.1659401170611137,28.913323315124156,2.519766336221905,0.3544018058690745,0.9325819531303691,0.0030643468584229806,0.3243866260423348,0.7575419617465009,0.00887989095574086,132.04744565567012,0.16146573564852004,1.3199999999999998,0.45260668237338647,-0.04625715839973792,0.47143879500049335,0.3084626940410616,1.3072916666666667,1.2209944751381216,-0.3029495495382383,0.08507432628327369,0.0827036483852357,Farm & Heavy Construction Machinery,Industrials,OSK
2016Q4,2016,Q4,2017-01-26,2016-12-31,19200000.0,1211400000.0,36200000.0,0.25,199700000.0,0.1648505861,4491000000.0,1980300000.0,2396000000.0,1338000000.0,2510700000.0,1208700000.0,2180600000.0,4799255157.97,5256255157.97,26.65980007075085,1.7907324364723467,0.18405700289467825,0.41741150330757965,0.010055124448166777,26.65980007075085,0.009695500681714892,3.961742742256893,62.490301536067705,2.4234990445740547,0.8125,0.8370149747662778,0.0032505043983947135,0.26973947895791583,0.865695067264574,0.0042752171008684035,84.64294811234568,0.16485058609872874,-0.6951219512195121,-0.3940910801746749,-0.20839419572665166,0.48885949301942155,-0.3323303243062521,-0.6878048780487804,-0.6209424083769634,-0.5983326158763104,-0.09076309417967131,0.11885554640432879,Farm & Heavy Construction Machinery,Industrials,OSK
2016Q3,2016,Q3,2016-11-22,2016-09-30,61500000.0,1755400000.0,95500000.0,0.82,299100000.0,0.1703885154,4513800000.0,1976500000.0,2417500000.0,1367600000.0,2537300000.0,979800000.0,2177000000.0,4127249448.0,4651549448.0,26.817860513285844,1.76769523252413,0.18746953786166867,0.42813053377181887,0.024886667429711327,26.817860513285844,0.031115608398684543,2.3511732072462115,16.777436780487804,2.0881606111813813,0.22764227642276422,1.4863237395386815,0.0033920896171623885,0.3888962736496965,0.9825972506580871,0.01362488369001728,10.858325303867403,0.1703885154380768,-0.2743362831858407,1.0290884314099735,0.026693283083481793,0.5317398901109184,-0.04926891290527654,-0.2695961995249406,-0.34945504087193463,0.9864509124129723,0.19211693678771388,0.09945324482235099,Farm & Heavy Construction Machinery,Industrials,OSK
2016Q2,2016,Q2,2016-07-28,2016-06-30,84200000.0,1747500000.0,146800000.0,1.13,314600000.0,0.1800286123,4792700000.0,1944400000.0,2644400000.0,1617400000.0,2848300000.0,1254900000.0,2129500000.0,3501466671.04,4422966671.04,26.493847497467797,1.6349697044639544,0.2017651845515054,0.4973256531577865,0.03197615898427486,26.493847497467797,0.04330384694507303,2.0037005270615165,10.396278714489311,1.8007954490022628,0.16508313539192399,1.1418439716312057,0.003969765045877602,0.3646170217205333,0.7690738221837518,0.01756838525257162,90.24398636701031,0.18002861230329043,0.48684210526315774,0.5268767889596563,0.0714965410160477,0.4782454048319484,0.21326648669494794,0.5008912655971479,0.6061269146608315,-0.32790381826657095,-0.05907049464005396,0.1546977114927594,Farm & Heavy Construction Machinery,Industrials,OSK
2016Q1,2016,Q1,2016-04-28,2016-03-31,56100000.0,1524300000.0,91400000.0,0.76,259300000.0,0.1701108706,4751200000.0,1874400000.0,2590200000.0,1644500000.0,2876800000.0,1373400000.0,2059200000.0,2988344716.6499996,3950644716.6499996,25.635171060813168,1.5750684098510186,0.21062047482741203,0.5338775074690567,0.023219932577667027,25.635171060813168,0.02992957746478873,1.9604701939578821,13.31704419184492,1.5942940229673495,0.24777183600713013,0.9210717926314257,0.004651404479059633,0.3208242128304428,0.659410155062329,0.011807543357467587,-747.0861791624999,0.17011087056353735,2.8000000000000003,0.026462201464341428,0.08486473204125639,0.5094914956709036,0.41849015317286653,2.8424657534246576,2.0165016501650164,-0.22732022393388124,-0.08484633618264266,0.18299277233360714,Farm & Heavy Construction Machinery,Industrials,OSK
2015Q4,2015,Q4,2016-01-28,2015-12-31,14600000.0,1252000000.0,30300000.0,0.2,182800000.0,0.1460063898,4409900000.0,1806400000.0,2248600000.0,1364900000.0,2603500000.0,1295400000.0,2017000000.0,2891435838.72,3842935838.72,24.389908659089972,1.6474466993918968,0.22340642644957937,0.5453941541186891,0.009714991535452919,24.389908659089972,0.008082373782108061,2.3094535453035143,49.510887649315066,1.6006620010628874,0.9657534246575342,0.825382121352478,0.0048764699569615495,0.28390666455021657,0.6104476518426258,0.003310732669675049,81.44889686535211,0.14600638977635783,-0.6923076923076923,-0.8206939829327364,-0.09956487505178448,0.5421609363091313,-0.2679215058069684,-0.709741550695825,-0.6501154734411085,-0.6171759184825567,-0.1331492700371633,0.2318846580425951,Farm & Heavy Construction Machinery,Industrials,OSK
2015Q3,2015,Q3,2015-11-13,2015-09-30,50300000.0,1578300000.0,86600000.0,0.65,249700000.0,0.1582081987,4613000000.0,1911100000.0,2429300000.0,1458100000.0,2701900000.0,1301700000.0,2016500000.0,2797002668.04,3692602668.04,24.82309502001772,1.6660722858514505,0.20344678083676565,0.4910784365025378,0.02211807147579946,24.82309502001772,0.026319920464653864,1.7721616093518342,13.901603717892643,1.4635564167442832,0.26043737574552683,1.0206652838595682,0.004683585092601941,0.3421417732495122,0.6909676976887731,0.010903967049642315,34.57358056909765,0.1582081986947982,-0.4298245614035087,-0.4923702703891636,-0.11774436784601684,0.6952003515141746,-0.12077464788732395,-0.44048943270300334,-0.36603221083455345,-0.24414073916363563,-0.0874905269535867,0.22247723021490443,Farm & Heavy Construction Machinery,Industrials,OSK
2015Q2,2015,Q2,2015-07-30,2015-06-30,89900000.0,1612300000.0,136600000.0,1.14,284000000.0,0.1761458786,4729200000.0,1997600000.0,2544000000.0,1465400000.0,2731600000.0,1352200000.0,1979300000.0,3310635584.88,4164435584.88,25.571611803679865,1.736044765934216,0.19030702867292565,0.4505406487785342,0.03389078499815791,25.571611803679865,0.04500400480576692,2.053362020021088,9.206439335038933,1.6573065603123749,0.14794215795328142,0.9823250998373022,0.004017355477220873,0.34092446925484227,0.7221236522451208,0.019009557641884462,-8276.5889622,0.1761458785585809,0.6521739130434783,-0.5086430532388546,-0.23692824895620213,0.9893854904181203,0.02973168963016679,0.6465201465201466,0.24521422060164083,0.38977598294616606,-0.13302199046222007,0.33758882923686107,Farm & Heavy Construction Machinery,Industrials,OSK
2015Q1,2015,Q1,2015-04-28,2015-03-31,54600000.0,1554200000.0,109700000.0,0.69,275800000.0,0.177454639,4555900000.0,1898000000.0,2376400000.0,1381700000.0,2657900000.0,1196500000.0,1902700000.0,3805984900.41,4651284900.41,24.33100036472144,1.7199102554823769,0.1972606949230668,0.47349841938883036,0.025249781099843518,24.33100036472144,0.028767123287671233,2.4488385667288637,17.426670789423078,2.0052607483719704,0.24358974358974358,1.0684496447973255,0.0034944962599739314,0.34114006014179415,0.7579069262502715,0.011984459711582783,-73.9026194254369,0.17745463904259426,0.6046511627906975,-0.785674658158472,-0.37675504974198304,1.2597434369760494,0.20069656073138878,0.5734870317002881,0.669710806697108,0.7143584746249112,-0.12291063255011124,0.3152297808684667,Farm & Heavy Construction Machinery,Industrials,OSK
2014Q4,2014,Q4,2015-01-27,2014-12-31,34700000.0,1353300000.0,65700000.0,0.43,229700000.0,0.1697332447,4364700000.0,1901700000.0,2159900000.0,1180900000.0,2463000000.0,1114500000.0,1861400000.0,3836020391.0,4615020391.0,24.118147342767866,1.829028706918452,0.20390863060462347,0.4680023137193038,0.016029095245495718,24.118147342767866,0.01824683178208971,2.8345676427990836,27.637034517291063,2.017153279171268,0.3861671469740634,1.0081650964558098,0.0034932035375616964,0.3100556739294797,0.6812600558895757,0.007950145485371275,-36.708329100478466,0.16973324466119855,-0.5376344086021505,-0.7678218702896645,-0.3690813766254293,2.1439991013640296,-0.2065630397236615,-0.5539845758354756,-0.41909814323607425,0.031600701672798034,-0.16691077158107004,0.34691680095220384,Farm & Heavy Construction Machinery,Industrials,OSK
2014Q3,2014,Q3,2014-11-13,2014-09-30,77800000.0,1667700000.0,113100000.0,0.93,289500000.0,0.1735923727,4586700000.0,1985000000.0,2384300000.0,1311600000.0,2601700000.0,960900000.0,1840100000.0,3643033276.5,4224233276.5,24.056258438626426,1.8178560536749009,0.1951293958619487,0.4508816120906801,0.030695365646258504,24.056258438626426,0.03919395465994962,2.1844655972297176,11.706405130141388,1.8352812476070528,0.16195372750642673,1.4342803621604745,0.003458656301955413,0.3635947413172869,0.9825404086611772,0.016962086031351516,78.17667975321888,0.17359237272890807,-0.23770491803278682,0.5858104610873865,0.21624055601290806,3.1869350213878698,-0.16546555203228597,-0.2597526165556613,-0.35111876075731496,1.2926920065234269,-0.12879007110442758,0.37400709646493424,Farm & Heavy Construction Machinery,Industrials,OSK
2014Q2,2014,Q2,2014-07-29,2014-06-30,105100000.0,1932400000.0,174300000.0,1.22,346900000.0,0.1795176982,4811300000.0,2221000000.0,2613900000.0,1337900000.0,2590300000.0,929200000.0,1774900000.0,4699826918.01,5074126918.01,26.241845104419564,1.953733462889603,0.18705963045330784,0.40522287257991896,0.03647041447253228,26.241845104419564,0.047321026564610534,2.4321190840457465,11.179417026665082,2.1160859603827102,0.120837297811608,1.7063065002152389,0.002702227171671554,0.40163781098663565,1.1660064279841542,0.021844407956269615,46.71796141163022,0.1795176981991306,0.4523809523809524,4.4744288848116875,0.38579204672351725,19.072342819810995,0.19127747252747251,0.4699300699300699,0.45979899497487436,0.6526504534202494,0.02744127200898634,0.46418472981803016,Farm & Heavy Construction Machinery,Industrials,OSK
2014Q1,2014,Q1,2014-04-30,2014-03-31,71500000.0,1677900000.0,119400000.0,0.84,291200000.0,0.1735502712,4684000000.0,2112800000.0,2477700000.0,1314400000.0,2571200000.0,913100000.0,1682500000.0,4947223044.61,5427223044.61,25.14148541079275,1.8850426049908704,0.19214346712211786,0.42597500946611133,0.029914122300170237,25.14148541079275,0.03384134797425218,2.9484611982895284,17.29798267346154,2.3415482036207873,0.17622377622377622,1.5186726535976345,0.0025468833497870494,0.3582194705380017,1.0699178332318928,0.015264730999146029,-59.89374146016949,0.1735502711722987,0.33333333333333326,1.0531004395251604,0.14639893975223625,24.766946696566446,0.14151313210505684,0.302367941712204,0.23730569948186528,0.1382685661822813,0.039034136311503244,0.4804215008394767,Farm & Heavy Construction Machinery,Industrials,OSK
2013Q4,2013,Q4,2014-01-28,2013-12-31,54900000.0,1530200000.0,96500000.0,0.63,255100000.0,0.166710234,4469700000.0,2032800000.0,2265900000.0,1178500000.0,2436900000.0,823500000.0,1623600000.0,4298034983.88,4678134983.88,23.827740905810025,1.9226983453542639,0.21003646777188625,0.46182605273514366,0.022333633236612114,23.827740905810025,0.02700708382526564,2.808806027891779,19.572108305464482,2.1143422785714288,0.2331511839708561,1.5483910139647845,0.0029781051219934353,0.3423495984070519,1.02240135765804,0.012282703537150145,-225.02800962722515,0.16671023395634557,0.5365853658536587,3.2470692776629178,-0.03755182104183658,0.34708347398247424,-0.0070066173608407945,0.512396694214876,0.48006134969325154,-0.41466253808995984,-0.04459333968426692,0.5066153686369089,Farm & Heavy Construction Machinery,Industrials,OSK
2013Q3,2013,Q3,2013-11-13,2013-09-30,36300000.0,1726500000.0,65200000.0,0.41,256900000.0,0.1487981465,4765700000.0,2107800000.0,2553400000.0,1380700000.0,2657900000.0,822000000.0,1581500000.0,4232537540.24,4454037540.24,24.39199724006368,1.8493517780835809,0.20039028893971506,0.4530790397570927,0.014596092330989815,24.39199724006368,0.01722174779390834,2.4515132002548508,29.149707577410464,2.008035648657368,0.0,1.7878345498783454,0.0,0.3622762658161445,1.106540160788006,0.007616929307342048,25.059428894256957,0.14879814653924123,-0.7573964497041421,-0.4181838055815814,-0.2164491218937516,0.30648884275220134,-0.33359273670557715,-0.7558843308675185,-0.7109929078014184,-0.6736142917403046,-0.14016145374367042,0.6657601424054497,Farm & Heavy Construction Machinery,Industrials,OSK
2013Q2,2013,Q2,2013-07-30,2013-06-30,148700000.0,2204400000.0,225600000.0,1.69,385500000.0,0.1748775177,4730600000.0,1998700000.0,2520900000.0,1380100000.0,2731900000.0,878700000.0,1545200000.0,3362468233.6,3731668233.6,22.944401148260116,1.8266067676255344,0.20187714032046675,0.47781057687496875,0.05431952712563021,22.944401148260116,0.07439835893330665,1.5253439637089456,5.6531073194351045,1.6823276297593435,0.0,2.069989757596449,0.0,0.4659874011753266,1.1012245489457286,0.03143364478078891,17.669302331056226,0.17487751769188895,0.7244897959183674,2.4613353636324975,-0.047345684617240646,0.13256572092704472,0.27059986816084375,0.7190751445086705,0.6760772659732541,-0.2711671847326101,-0.06440161033615156,0.7849973275487072,Farm & Heavy Construction Machinery,Industrials,OSK
2013Q1,2013,Q1,2013-04-30,2013-03-31,86500000.0,1984400000.0,134600000.0,0.98,303400000.0,0.152892562,4874600000.0,1887700000.0,2659000000.0,1614600000.0,2986900000.0,1060700000.0,1396600000.0,3629093127.18,4131793127.18,21.669761354707568,1.6468475164127339,0.19591351085217248,0.5059066588970705,0.033618039188095826,21.669761354707568,0.04582295915664565,1.8288112916649868,10.488708460057802,1.9224946374847698,0.0,1.5848024889224097,0.0,0.4070898124974357,0.8810850984764028,0.017745045747343372,-216.01744804642857,0.15289256198347106,0.9215686274509803,0.01323734096051852,-0.047971010060079346,0.023677660934210528,0.23183110028420625,0.8602150537634409,0.6658415841584159,-0.6959434346170287,-0.28741204405337767,1.0125806694384254,Farm & Heavy Construction Machinery,Industrials,OSK
2012Q4,2012,Q4,2013-01-25,2012-12-31,46500000.0,1761000000.0,80800000.0,0.51,246300000.0,0.1398637138,4603900000.0,1787900000.0,2370200000.0,1436900000.0,2816000000.0,1056900000.0,1310000000.0,2677489613.15,3176789613.15,19.798857384784995,1.649523279281787,0.20743282868872043,0.5341462050450249,0.020211007072969644,19.798857384784995,0.026008166004810113,1.5204370318852924,14.395105447043012,1.4975611684937638,0.0,1.433153562304854,0.0,0.3825017919589913,0.9641589533022479,0.010100132496361781,74.99970905182073,0.13986371379897786,-0.4069767441860465,0.009670529920208025,-0.04910489862094252,0.012257309513913503,-0.037890625,-0.41064638783269963,-0.10520487264673312,-0.7283312077803855,-0.28314125660323086,1.5809440891596651,Farm & Heavy Construction Machinery,Industrials,OSK
2012Q3,2012,Q3,2012-11-19,2012-09-30,78900000.0,2050700000.0,90300000.0,0.86,256000000.0,0.1248354221,4947800000.0,1853500000.0,2694500000.0,1704500000.0,3094300000.0,937500000.0,1263500000.0,2495605589.2,2909905589.2,20.30556840363723,1.5808154884130243,0.193015077408141,0.5152414351227408,0.035018346117015445,20.30556840363723,0.042568114378203396,1.216953035158726,7.907495529784538,1.3464286966280012,0.0,1.9143466666666666,0.0,0.4144670358543191,0.9148137283660898,0.01594648126440034,14.723336809439527,0.12483542205100698,0.04878048780487809,-0.2597467045834654,-0.08329750560263942,0.0656526508731049,-0.06261442694983523,0.04227212681638045,-0.2746987951807229,0.45379668953128677,0.35194391261205743,2.5341362704128856,Farm & Heavy Construction Machinery,Industrials,OSK
2012Q2,2012,Q2,2012-07-26,2012-06-30,75700000.0,2176300000.0,124500000.0,0.82,273100000.0,0.1254882139,4937500000.0,1747700000.0,2679700000.0,1724700000.0,3189800000.0,901600000.0,1184700000.0,1915205780.1499999,2479505780.1499996,19.117692406469423,1.5537194874470923,0.19341772151898734,0.5464324540825084,0.0324985410212683,19.117692406469423,0.0433140699204669,0.8800283876993061,6.324986063903567,1.0958435544715912,0.0,2.110913930789707,0.0,0.4407696202531646,0.9620803618020526,0.015331645569620253,129.40579595608108,0.1254882139410927,1.0,-0.3267763656316349,-0.05076661529069347,0.08840721400258691,0.14076858813700918,1.029490616621984,0.6403162055335968,3.3168577226487583,0.4449159067524733,13.623090502188964,Farm & Heavy Construction Machinery,Industrials,OSK
2012Q1,2012,Q1,2012-04-26,2012-03-31,37300000.0,2075300000.0,75900000.0,0.41,239400000.0,0.1153568159,4793200000.0,1690100000.0,2480400000.0,1588200000.0,3101900000.0,849300000.0,1108900000.0,2116801352.7500002,2716201352.75,18.49942931542753,1.561768039289762,0.20608361845948428,0.5844624578427312,0.018071107005364066,18.49942931542753,0.022069700017750427,1.0199977606852022,14.187676627010726,1.2524710684279037,0.0,2.1616625456258096,0.0,0.4329675373445715,0.9467951139654955,0.00778185763164483,-86.40005521428573,0.11535681588204115,-0.023809523809523832,-0.40829441186679716,0.009030564794446898,0.16648264610159724,0.07595505617977528,-0.04113110539845758,0.00796812749003984,1.0254808722415174,0.30425939042054584,17.959651798572455,Farm & Heavy Construction Machinery,Industrials,OSK
2011Q4,2011,Q4,2012-01-31,2011-12-31,38900000.0,1878600000.0,75300000.0,0.42,222500000.0,0.1184392633,4597100000.0,1632800000.0,2267000000.0,1444100000.0,2963800000.0,763600000.0,1071700000.0,1949564098.86,2529464098.8599997,17.906189399165207,1.5698358839415554,0.22192251636901525,0.6248162665360117,0.02204391065579303,17.906189399165207,0.023824105830475256,1.0377749914084957,12.529332254884318,1.1940005505022047,0.0,2.168805657412258,0.0,0.4086489308477083,0.790042240842047,0.008461856387722694,44.107785042081446,0.11843926328116683,0.024390243902439046,-0.23821615401555624,0.5054643815967791,0.18854559909891347,0.022518382352941176,0.037333333333333336,0.02032520325203252,2.489620649525629,0.10546612913180858,0.012312997567220327,Farm & Heavy Construction Machinery,Industrials,OSK
2011Q3,2011,Q3,2011-11-16,2011-09-30,37500000.0,2115400000.0,73800000.0,0.41,217600000.0,0.1028647064,4826900000.0,1596500000.0,2454600000.0,1691800000.0,3230300000.0,786800000.0,1032700000.0,1435273101.78,2066873101.78,17.50810348834349,1.4508807187610828,0.21962336074913505,0.6640150328844348,0.018552633364094337,17.50810348834349,0.02348888192922017,0.6784878045665123,9.5684873452,0.8990122779705606,0.0,2.4120488052872395,0.0,0.4382522944332802,0.8970327461874926,0.007768961445234001,17.985878468421053,0.10286470643849863,-0.45333333333333337,-0.38516684852235206,0.8872693641640236,0.21300511130215546,-0.2,-0.4517543859649123,-0.4142857142857143,-0.4304095906475582,-0.09020124314050605,-0.062227597020999524,Farm & Heavy Construction Machinery,Industrials,OSK
2011Q2,2011,Q2,2011-07-28,2011-06-30,68400000.0,2022900000.0,126000000.0,0.75,272000000.0,0.1344604281,4732600000.0,1631500000.0,2302600000.0,1576100000.0,3101400000.0,810100000.0,995200000.0,2634432712.1800003,3352332712.1800003,17.9224960962958,1.4609479093966118,0.23490259054219667,0.6813974869751762,0.029936493428330976,17.9224960962958,0.041924609255286543,1.3023049642493452,9.628774532821637,1.6147304395832056,0.0,2.1613381064066166,0.0,0.42743946245192915,0.8734851849501936,0.01445294341376833,-3293.0408902250006,0.13446042809827474,0.013513513513513526,0.029306363802638707,0.83123771135254,0.3364081538485039,-0.03237282106012095,0.007363770250368188,-0.04833836858006042,1.6432463478592996,-0.16343122031721727,-0.11532209618586481,Farm & Heavy Construction Machinery,Industrials,OSK
2011Q1,2011,Q1,2011-04-28,2011-03-31,67900000.0,1745600000.0,132400000.0,0.74,281100000.0,0.1610334555,4547200000.0,1542700000.0,2102000000.0,1463800000.0,3005000000.0,773600000.0,926700000.0,3213910355.0,3934110355.0,16.982653518971595,1.4359885230222709,0.2500219915552428,0.7369546898295197,0.029928308897209818,16.982653518971595,0.04401374214040319,1.8411493784372135,11.833248729749634,2.0833022330978155,0.0,1.8930972078593589,0.0,0.38388458831808586,0.8133624812132805,0.014932266009852218,70.01983344226579,0.1610334555453712,-0.32110091743119273,0.09922078535836812,0.6671249800202824,0.3449303451060561,-0.09029126213592233,-0.31827309236947793,-0.2151748666271488,-0.23727537107716795,-0.19690188788372973,-0.19774090973178654,Farm & Heavy Construction Machinery,Industrials,OSK
2010Q4,2010,Q4,2011-01-28,2010-12-31,99600000.0,1700800000.0,168700000.0,1.09,309000000.0,0.1816792098,4460200000.0,1432800000.0,2019400000.0,1470000000.0,3027800000.0,787600000.0,858800000.0,3192574178.44,3980774178.44,15.815410755678053,1.3737414965986394,0.2661315636070131,0.8284477945281965,0.044525041631926554,15.815410755678053,0.0695142378559464,1.877101468979304,8.01348940371486,2.2282064338637633,0.0,1.7671406805485017,0.0,0.3813281915609166,0.6848299319727891,0.022330837182189138,18.077996480407702,0.18167920978363122,-0.15503875968992245,0.5060222175954433,0.7268167135113935,0.3143614801311813,-0.18982695332983743,-0.1457975986277873,-0.2778253424657534,1.1556788755557228,-0.08457134788480561,-0.1914045932416858,Farm & Heavy Construction Machinery,Industrials,OSK
2010Q3,2010,Q3,2010-11-18,2010-09-30,116600000.0,2105100000.0,233600000.0,1.29,381400000.0,0.1811790414,4708600000.0,1326600000.0,2215900000.0,1812000000.0,3381800000.0,848600000.0,759200000.0,2491367477.5,3454667477.5,14.643162973536088,1.2229028697571744,0.27657902561270864,0.9816824966078698,0.05738775406697351,14.643162973536088,0.087893864013267,1.18349127238611,5.341696992924528,1.8780095563847428,0.0,2.031227904784351,0.0,0.44707556386186975,0.6779801324503312,0.02476319925243172,38.2698537250384,0.18117904137570662,-0.44155844155844154,1.1885016321966364,1.0506898896491448,0.30027699167705224,-0.2080564784053156,-0.4479166666666667,-0.31395007342143905,0.1022351057613873,-0.05186243123141555,-0.2315149652683216,Farm & Heavy Construction Machinery,Industrials,OSK
2010Q2,2010,Q2,2010-08-02,2010-06-30,211200000.0,2439000000.0,340500000.0,2.31,481600000.0,0.1974579746,4740100000.0,1159100000.0,2261800000.0,1628700000.0,3581000000.0,862600000.0,642600000.0,2809824519.76,3826424519.76,12.85402549020569,1.3887149260146128,0.3040231218750659,1.243292209472867,0.09257065351883627,12.85402549020569,0.18221033560521094,1.152039573497335,3.326023342518939,2.4241433178845657,0.0,2.2691861813123118,0.0,0.5145461066222231,0.7704918032786885,0.044556022024851795,-10.827840153217727,0.1974579745797458,-0.28260869565217395,3.3778248659650787,1.3885071167002947,0.1745629177861283,-0.2328767123287671,-0.2781954887218045,-0.3111470766740846,0.9041758631158748,0.07848897477381359,-0.2681954613006192,Farm & Heavy Construction Machinery,Industrials,OSK
2010Q1,2010,Q1,2010-04-29,2010-03-31,292600000.0,2864200000.0,494300000.0,3.22,627800000.0,0.2191886041,5166300000.0,964700000.0,2623900000.0,2035700000.0,4201600000.0,851700000.0,431400000.0,3614326158.2200003,4385726158.22,10.767151689255828,1.2889423785430074,0.31285446063914213,1.6754431429459935,0.12454213756450522,10.767151689255828,0.3033067274800456,1.261897269122268,3.0881118918489405,3.746580448035659,0.0,2.6258072091111893,0.0,0.5544006348837659,0.8023284373925431,0.05663627741323578,15.263201681672298,0.21918860414775504,0.7219251336898396,5.161791610209463,2.4259975230717448,0.03363916024039367,0.31010016694490816,0.7252358490566038,0.5176542830825913,3.732970356109905,0.42000345040385884,-0.3210765921851271,Farm & Heavy Construction Machinery,Industrials,OSK
2009Q4,2009,Q4,2010-01-28,2009-12-31,169600000.0,2434100000.0,325700000.0,1.87,479200000.0,0.1968694795,5109200000.0,686400000.0,2545500000.0,2015000000.0,4422800000.0,806300000.0,138800000.0,3313366340.76,4310966340.76,7.671168650240442,1.2632754342431762,0.3632075471698113,2.703525641025641,0.08021577504391267,7.671168650240442,0.24708624708624707,1.3612285200936691,4.884089535318396,4.82716541486014,0.0,2.4245318119806525,0.0,0.47641509433962265,0.7787096774193548,0.03319502074688797,6.70586185136612,0.19686947947906824,2.1694915254237293,2.3253338049409327,2.002560835993759,-0.24268432145046698,0.977713578208832,2.18796992481203,1.7119067443796836,2.384714792133897,0.9878731006043598,-0.4908166368655806,Farm & Heavy Construction Machinery,Industrials,OSK
2009Q3,2009,Q3,2009-11-18,2009-09-30,53200000.0,1486900000.0,120100000.0,0.59,242300000.0,0.1629564867,4768000000.0,514100000.0,2143200000.0,1658600000.0,4251700000.0,789700000.0,-30800000.0,2767551199.56,4275351199.56,5.7455533261780465,1.29217412275413,0.4274748322147651,3.9645983271737015,0.040904538492642424,5.7455533261780465,0.1034818128768722,1.8612893937453763,13.00540977236842,5.383293521805096,0.0,1.5760415347600354,0.0,0.3118498322147651,0.6597130109731099,0.01115771812080537,6.481384542295082,0.16295648665007734,3.0344827586206895,0.41017794734484825,0.8168063250623686,-0.35703962024999103,0.37514188422247446,3.0,2.135770234986945,-0.11110243857778847,0.3518771434083645,-0.6019337242007318,Farm & Heavy Construction Machinery,Industrials,OSK
2009Q2,2009,Q2,2009-07-30,2009-06-30,-26600000.0,1226200000.0,38300000.0,-0.29,176200000.0,0.1436959713,4406500000.0,97300000.0,1752400000.0,1266600000.0,4306900000.0,864100000.0,-171100000.0,1082133756.7,3373833756.7,1.3073633377026321,1.3835465024474973,0.5562237603540224,25.190133607399794,0.01569269940052307,1.3073633377026321,-0.2733812949640288,0.8825099956777035,-10.170430044172933,11.121621343268242,0.0,1.2151371369054507,0.0,0.27827073641211847,0.5208432022738039,-0.006036536934074663,9.336788237273511,0.14369597129342684,0.9818976279650438,-1.8216291528528947,0.9336568736559819,-0.8473536429548407,0.2443502824858757,0.9776883073309848,0.6946902654867256,-1.489600934496887,0.35769952494052604,-0.9025151956981318,Farm & Heavy Construction Machinery,Industrials,OSK
2009Q1,2009,Q1,2009-05-04,2009-03-31,-1192200000.0,1295900000.0,22600000.0,-16.02,141600000.0,0.1092676904,4445300000.0,72600000.0,1809000000.0,1310800000.0,4370100000.0,915500000.0,-144600000.0,501497235.32,2911897235.32,0.9757262164920363,1.3800732377174245,0.5664634557847614,34.684573002754824,0.008531722590867636,0.9757262164920363,-16.421487603305785,0.38698760345705685,-0.1051621446317732,6.907675417630855,-0.006290890790135883,1.2608410704533042,0.014955217041653939,0.29152138213393924,0.5699572779981691,-0.2681933727757407,11.095071577876107,0.10926769040821051,-54.24137931034483,-51.07148740107634,1.3602913409424777,-0.881249722379497,-0.06472919418758256,-54.971830985915496,0.3216374269005848,-24.563052932448354,0.510992119473763,-0.9227279885555171,Farm & Heavy Construction Machinery,Industrials,OSK
2008Q4,2008,Q4,2009-01-30,2008-12-31,-21300000.0,1386100000.0,17100000.0,-0.29,151400000.0,0.1092273285,5987000000.0,1315600000.0,2100100000.0,1450600000.0,4668500000.0,991200000.0,1054900000.0,661206729.4000001,3092906729.4,17.688392268198836,1.4477457603750172,0.4497244028728913,2.046594709638188,0.0039339169350895604,17.688392268198836,-0.016190331407722712,0.47702671481134123,-7.760642363849765,0.5025894872301612,-0.3474178403755869,1.2456618240516546,0.011191658631053248,0.2315182896275263,0.6970219219633256,-0.0035577083681309503,2.498891645502646,0.10922732847557896,-1.402777777777778,-1.6738374885902625,1.6404597249004649,1.2059749939135647,-0.45909253304751696,-1.3966480446927374,-0.85995085995086,-1.3923026455794414,0.7141828778970821,0.4700181868133854,Farm & Heavy Construction Machinery,Industrials,OSK
2008Q3,2008,Q3,2008-11-14,2008-09-30,53700000.0,1896500000.0,122100000.0,0.72,279900000.0,0.1475876615,6081500000.0,1388600000.0,2152400000.0,1463200000.0,4689600000.0,941600000.0,1082900000.0,978794213.6,3664594213.6,18.66988560627919,1.4710224166211043,0.45613746608566963,1.997695520668299,0.02168417623867191,18.66988560627919,0.0386720437851073,0.5161055700500923,4.556770081936685,0.7048784485092899,0.13966480446927373,1.7168649107901444,0.007662489107301767,0.311847406067582,0.7422088572990705,0.008830058373756474,4.387244346033169,0.14758766148167676,1.6153846153846154,0.9400824905131988,2.5066664190987833,1.514358657152193,-0.14716636197440586,1.620092378752887,19.35,0.22769985109473606,1.2503480792467156,0.6578400947227276,Farm & Heavy Construction Machinery,Industrials,OSK
2008Q2,2008,Q2,2008-08-01,2008-06-30,-86600000.0,1969300000.0,6000000.0,-1.17,328200000.0,0.1666582034,6564800000.0,1501900000.0,2487400000.0,1585100000.0,5059700000.0,1183200000.0,1036700000.0,1533868803.7057528,4460468803.705753,20.258781211812874,1.569238533846445,0.4534029978064831,1.9818230241693855,0.0025059088520506785,20.258781211812874,-0.057660296957187565,0.7788903690172918,-4.428027724323767,1.0212855740766715,-0.08660508083140878,1.387001352265044,0.00488959680376859,0.29997867414087254,0.7340230900258659,-0.013191567145990738,20.370103634870556,0.16665820342253593,-2.206185567010309,-4.290499541651261,2.365911545201778,1.8606401971903497,0.015784586815227482,-2.1928374655647382,-0.9643281807372176,-3.1834155945406404,1.3457442810066753,0.8511876446074291,Farm & Heavy Construction Machinery,Industrials,OSK
2008Q1,2008,Q1,2008-05-01,2008-03-31,72600000.0,1772600000.0,168200000.0,0.97,323100000.0,0.1822746248,6658000000.0,1568200000.0,2373300000.0,1581000000.0,5086200000.0,1168300000.0,1128500000.0,2687681571.1583667,5690781571.158367,21.168539845767167,1.5011385199240987,0.45886151997596875,1.9481571228159673,0.023032537567376506,21.168539845767167,0.04629511541895166,1.5162369238171989,9.255101829057736,1.7138640295615144,0.10192837465564739,1.2406916031841138,0.002753302355237963,0.2662361069390207,0.6874130297280202,0.010904175428056474,-29.50254194465825,0.18227462484486065,0.94,3.7228915366177824,2.5898204302352874,2.192833155837262,0.28214285714285714,0.9463806970509383,0.5304822565969063,0.8490566009241668,1.5643384790183221,1.0321652727831467,Farm & Heavy Construction Machinery,Industrials,OSK
2007Q4,2007,Q4,2008-02-01,2007-12-31,37300000.0,1499900000.0,109900000.0,0.5,252000000.0,0.1680112007,6284400000.0,1430500000.0,2065600000.0,1343600000.0,4850300000.0,1052600000.0,1063300000.0,3456466525.0254903,6372666525.02549,19.559115255282688,1.5373623102113725,0.4852014512125263,2.1315623907724572,0.01620183541337887,19.559115255282688,0.026074799021321215,2.3044646476601707,23.166665717329025,2.4162646102939465,0.19839142091152814,1.1855405662169864,0.002140914701884876,0.23867035834765452,0.5657933908901459,0.005935331933040544,53.340532793603245,0.16801120074671644,-0.5726495726495726,2.044776098469009,2.2428562553223435,2.0452670903879016,-0.23006416131989002,-0.563231850117096,-0.38671875,-0.10526316085827396,1.2635640721476573,0.930921521444931,Farm & Heavy Construction Machinery,Industrials,OSK
2007Q3,2007,Q3,2007-11-21,2007-09-30,85400000.0,1792400000.0,179200000.0,1.17,327300000.0,0.1826043294,6399800000.0,1393600000.0,2194900000.0,1548000000.0,5002400000.0,909500000.0,1036300000.0,4530853020.387255,7512753020.387255,19.054584424859808,1.4178940568475453,0.4776868027125848,2.193671067738232,0.028184330554744196,19.054584424859808,0.06128013777267509,2.527813557457741,13.263621254061052,3.2511861512537705,0.08665105386416862,1.6108851017042332,0.0016332465358515464,0.2800712522266321,0.743798449612403,0.013344167005218913,73.55280877252036,0.182604329390761,-0.03305785123966945,3.56363968337301,2.4639255954176797,2.13491648747582,-0.0033495736906211937,-0.05739514348785872,-0.0700570835495589,1.7694736979811538,1.6794082775763244,1.1323173143249,Farm & Heavy Construction Machinery,Industrials,OSK
2007Q2,2007,Q2,2007-08-02,2007-06-30,90600000.0,1847300000.0,192700000.0,1.21,328400000.0,0.177772966,6394200000.0,1293800000.0,2167600000.0,1556400000.0,5096600000.0,967900000.0,958300000.0,4634595000.722926,7679295000.722926,17.5648343382112,1.3927011051143665,0.4855494041475087,2.3996753748647395,0.028052628199194084,17.5648343382112,0.07002627917761632,2.508848048894563,12.788617551663704,3.582157211874266,0.08167770419426049,1.569273685298068,0.0015966875204512397,0.28890244283882266,0.697828321768183,0.014169090738481748,122.60833335245836,0.17777296595030584,0.7794117647058821,2.8437499783629963,2.453933338528556,1.9370529127223846,0.1972293109733868,0.7799607072691552,0.42952522255192876,1.8275861849778765,1.9433979250555042,1.0508514324267493,Farm & Heavy Construction Machinery,Industrials,OSK
2007Q1,2007,Q1,2007-05-03,2007-03-31,50900000.0,1660700000.0,134800000.0,0.68,274300000.0,0.1651713133,6263100000.0,1169900000.0,2053000000.0,1525400000.0,5089300000.0,1041500000.0,875100000.0,3909710148.0,7030510148.0,15.859155193823847,1.3458764914120886,0.5057559355590682,2.7075818446021027,0.019913127457873304,15.859155193823847,0.043507992136080004,2.3542543192629615,19.202898565815325,3.3419182391657407,0.14538310412573674,1.3311569851176188,0.0018927234295835068,0.26515623253660325,0.5759800708011014,0.008126965879516534,15.919015260586319,0.1651713133016198,0.23636363636363636,2.8333333051161023,2.6614468146495445,1.950419798907992,0.588303416328894,0.2354368932038835,0.6124401913875598,1.156249998305501,2.0508809672972066,0.9301306557735547,Farm & Heavy Construction Machinery,Industrials,OSK
