Quarters,Year,Quarter,FillingDate,Date,NetIncome,Revenue,OperatingIncome,EPSDiluted,GrossProfit,GrossProfitRatio,TotalAssets,CommonStockEquity,CurrentAssets,CurrentLiability,TotalLiability,Inventory,RetainedEarnings,MarketCap,EnterpriseValue,bookValuePerShare,currentRatio,debtToAssets,debtToEquity,roic,shareholdersEquityPerShare,roe,priceToSalesRatio,peRatio,pbRatio,payoutRatio,inventoryTurnover,dividendYield,assetTurnover,quickRatio,returnOnAssets,priceToFreeCashFlowsRatio,grossProfitMargin,epsdilutedGrowth,fiveYNetIncomeGrowthPerShare,fiveYRevenueGrowthPerShare,fiveYShareholdersEquityGrowthPerShare,grossProfitGrowth,netIncomeGrowth,operatingIncomeGrowth,threeYNetIncomeGrowthPerShare,threeYRevenueGrowthPerShare,threeYShareholdersEquityGrowthPerShare,Industry,Sector,Symbol
2023Q1,2023,Q1,2023-06-30,2023-03-31,612230.0,0.0,-921266.0,0.21,-871266.0,0.0,122057201.0,113560396.0,111483.0,4471805.0,8496805.0,0.0,-5464945.0,126378038.87500001,126326267.87500001,9.43955113245541,0.02493020156290357,0.0,0.0,-0.014000166768063694,9.43955113245541,0.005391228117943512,0.0,51.605621610750866,1.1128707130873337,0.0,0.0,0.0,0.0,27.281486782183034,0.005015926917740806,-280.2963115444926,0.0,-0.5531914893617021,2.256567704186985,0.0,-0.7596708479450401,-1.408575338300137,-0.55047707156257,-2.172075887477189,2.256567704186985,0.0,-0.7596708479450401,Shell Companies,Financial Services,LIBY
2022Q4,2022,Q4,2023-06-08,2022-12-31,1361955.0,0.0,-290430.0,0.47,-361735.0,0.0,119670332.0,113463098.0,97513.0,2182234.0,6207234.0,0.0,-4412243.0,122829107.75000001,124144792.75000001,9.43146337053808,0.04468494212811275,0.011809092332091133,0.012455133209918172,-0.004895065186704139,9.43146337053808,0.012003506197230751,0.0,22.546469551123202,1.0825467479303272,0.0,0.0,0.0,0.0,54.83845087190466,0.011380890963016631,-601.7583432541142,0.0,9.879629629629628,0.0,0.0,38388.78262818846,0.021359197034872712,1.1143904392861135,0.29099431194004344,0.0,0.0,38388.78262818846,Shell Companies,Financial Services,LIBY
2022Q3,2022,Q3,2022-11-17,2022-09-30,644136.0,0.0,-409630.0,0.0432,-369630.0,0.0,117645598.0,113094994.0,216630.0,525604.0,4550604.0,0.0,-3630347.0,150394224.75,150355792.75,7.58758184602431,0.41215439760732414,0.0015147018080523505,0.0015756488744320548,-0.019866356533302966,7.58758184602431,0.005695530608543116,0.0,58.37052452820522,1.3298044363484383,0.0,0.0,0.0,0.0,223.82934110090486,0.005475223985856232,-432.54890017918103,0.0,0.7419354838709679,0.0,0.0,4719.552383337507,-15.089057195090103,0.7413175530462568,-2.977994445199759,0.0,0.0,4719.552383337507,Shell Companies,Financial Services,LIBY
2022Q2,2022,Q2,2022-08-09,2022-06-30,369913.0,0.0,-102974.0,0.0248,-22974.0,0.0,117288210.0,112977741.0,386126.0,285469.0,4310469.0,0.0,-3747600.0,148605591.75,148219465.75,7.5797153021329695,1.3526022089964234,0.0,0.0,-0.006168852581497895,7.5797153021329695,0.0032742113333634453,0.0,100.43279889460496,1.315352833528509,0.0,0.0,0.0,0.0,410.8614595630349,0.003153880513650946,0.000343903780851663,0.0,1.6123456790123456,356.00287907869483,0.0,4714.658276984723,0.0,4.176936884323712,0.1964133819248808,356.00287907869483,0.0,4714.658276984723,Shell Companies,Financial Services,LIBY
2022Q1,2022,Q1,2022-05-16,2022-03-31,-116437.0,0.0,-128143.0,-0.0405,0.0,0.0,117164555.0,112923086.0,420100.0,216469.0,4241469.0,0.0,-3802255.0,28721250.0,28301150.0,39.27759513043478,1.940693586610554,0.0,0.0,-0.0009448084984518929,39.27759513043478,-0.001031117764528681,0.0,-61.66693147367246,0.254343474105906,0.0,0.0,0.0,0.0,1.940693586610554,-0.0009937903148268688,-6.646683514072675e-05,0.0,0.0,0.0,0.0,0.0,0.0,0.0,0.0,0.0,0.0,0.0,Shell Companies,Financial Services,LIBY
2021Q4,2021,Q4,2022-03-31,2021-12-31,0.0,0.0,0.0,0.0,0.0,0.0,117254.404,-3662.065,521.655,166.469,4191.469,0.0,-3662.406,147338643.375,147338121.72,-0.0002456891939263113,3.133646504754639,0.0,0.0,,-0.0002456891939263113,0.0,0.0,0.0,-40233.75974347806,0.0,0.0,0.0,0.0,3.133646504754639,0.0,-445725.70516912255,0.0,0.0,0.0,0.0,0.0,0.0,0.0,0.0,0.0,0.0,0.0,Shell Companies,Financial Services,LIBY
2021Q3,2021,Q3,2021-12-20,2021-09-30,0.0,0.0,0.0,0.0,0.0,0.0,205769.0,23958.0,25472.0,181811.0,181811.0,0.0,-1042.0,146369800.5,146525097.5,0.0016073504178889689,0.14010153401059341,0.8785045366406018,7.545245846898739,,0.0016073504178889689,0.0,0.0,0.0,6109.433195592286,0.0,0.0,,0.0,0.14010153401059341,0.0,0.0,0.0,1.0,0.0,0.0,0.0,0.0,1.0,1.0,0.0,0.0,0.0,Shell Companies,Financial Services,LIBY
2021Q2,2021,Q2,2021-07-31,2021-07-31,-1042.0,0.0,-1042.0,-7e-05,0.0,0.0,125472.0,23958.0,25472.0,101514.0,101514.0,0.0,-1042.0,146369800.5,146369800.5,0.0016073504178889689,0.25092105522391,0.2030094363682734,1.063193922698055,-0.02108031559781509,0.0016073504178889689,-0.04349277902996911,0.0,-35117.51451535509,6109.433195592286,0.0,0.0,0.0,0.0,0.25092105522391,-0.008304641673042592,0.0,0.0,0.0,0.0,0.0,0.0,0.0,0.0,0.0,0.0,0.0,0.0,Shell Companies,Financial Services,LIBY
