Quarters,Year,Quarter,FillingDate,Date,NetIncome,Revenue,OperatingIncome,EPSDiluted,GrossProfit,GrossProfitRatio,TotalAssets,CommonStockEquity,CurrentAssets,CurrentLiability,TotalLiability,Inventory,RetainedEarnings,MarketCap,EnterpriseValue,bookValuePerShare,currentRatio,debtToAssets,debtToEquity,roic,shareholdersEquityPerShare,roe,priceToSalesRatio,peRatio,pbRatio,payoutRatio,inventoryTurnover,dividendYield,assetTurnover,quickRatio,returnOnAssets,priceToFreeCashFlowsRatio,grossProfitMargin,epsdilutedGrowth,fiveYNetIncomeGrowthPerShare,fiveYRevenueGrowthPerShare,fiveYShareholdersEquityGrowthPerShare,grossProfitGrowth,netIncomeGrowth,operatingIncomeGrowth,threeYNetIncomeGrowthPerShare,threeYRevenueGrowthPerShare,threeYShareholdersEquityGrowthPerShare,Industry,Sector,Symbol
2023Q1,2023,Q1,2023-05-02,2023-03-31,21703000.0,808673000.0,90456000.0,0.1,751851000.0,0.9297342684,5797623000.0,4462568000.0,4110758000.0,1084207000.0,1335055000.0,157564000.0,-415511000.0,16113319200.0,13325116200.0,20.015105848582706,3.791488156781869,0.006208923898639149,0.00806643170479419,0.008354577453532417,20.015105848582706,0.0048633432588590245,19.92563026093365,185.6116573745565,3.610772810632801,0.0,0.36062806224772154,0.0,0.13948354351429887,3.446297616599044,0.0037434307128973374,-121.6016964885404,0.9297342683631085,-0.23076923076923075,1.5008531457646175,1.0083713455397953,1.6023974911819556,-0.13334993204900772,-0.2374477354976986,-0.12058254503738126,1.0292734723766874,0.38264652626825246,1.238554340181426,Biotechnology,Healthcare,INCY
2022Q4,2022,Q4,2023-02-07,2022-12-31,28461000.0,926700000.0,102859000.0,0.13,867537000.0,0.9361573325,5840984000.0,4370119000.0,4198947000.0,1216603000.0,1470865000.0,120959000.0,-437214000.0,17880436800.0,14973650800.0,19.630837993845876,3.4513699210013455,0.0076418630833434914,0.010213909506812058,0.008164134602442781,19.630837993845876,0.006512637298892776,19.29474134023956,157.06086223252873,4.091521718287305,0.0,0.4891161467935416,0.0,0.15865477460647043,3.1923676006059494,0.004872637897998008,68.14476521500521,0.9361573324700551,-0.74,1.180392974733601,0.9787406156371106,1.5416944451807926,0.12857241353292495,-0.7476302371979605,-0.25667023183210963,-0.7514897812917704,0.550263617273229,0.6301324404008167,Biotechnology,Healthcare,INCY
2022Q3,2022,Q3,2022-11-01,2022-09-30,112775000.0,823303000.0,138376000.0,0.5,768703000.0,0.9336817672,5510214000.0,4226651000.0,3821111000.0,1006596000.0,1283563000.0,45869000.0,-465675000.0,14821735600.0,12173193600.0,19.003444012319314,3.7960721083731706,0.00763672699463215,0.009955872864828443,0.02436300692587041,19.003444012319314,0.026681881234102367,18.002771276188717,32.8568734205276,3.5067327773218087,0.0,1.1903464213303103,0.0,0.14941397920298558,3.5717507321706026,0.020466537234307053,55.187606955356145,0.933681767223003,-0.3055555555555555,1.9082882057628285,1.0063399132627369,1.2357196461223638,-0.10694954813240841,-0.30140864264829775,-0.4561354551921739,-0.14933114844854453,0.4441974558284347,0.6881224225806787,Biotechnology,Healthcare,INCY
2022Q2,2022,Q2,2022-08-02,2022-06-30,161432000.0,911397000.0,254431000.0,0.72,860761000.0,0.9444413357,5319035000.0,4085061000.0,3690127000.0,962781000.0,1233974000.0,94128000.0,-578450000.0,16839510200.0,14450727200.0,18.42940088423712,3.832779209394452,0.008760611652301593,0.01140692880718305,0.04298372546461272,18.42940088423712,0.03951764734969686,18.47659164996154,26.07833360176421,4.122217562969072,0.0,0.5379483256841747,0.0,0.1713463062378796,3.5370380179916303,0.030349866094131737,103.68262711342618,0.9444413356638216,3.235294117647058,12.967433052916412,1.5838306361802914,2.681823980282408,0.24635798795576735,3.2491050747525794,1.1832074824094732,0.48412296646663733,0.6652149878165059,0.7601165267104446,Biotechnology,Healthcare,INCY
2022Q1,2022,Q1,2022-05-03,2022-03-31,37992000.0,733235000.0,116540000.0,0.17,690621000.0,0.9418822069,5054221000.0,3863072000.0,3356598000.0,914968000.0,1191149000.0,70841000.0,-739882000.0,17577710920.0,15367832920.0,17.454216856582597,3.668541413470198,0.009275613393241016,0.01213567854805709,0.015915153737713142,17.454216856582597,0.009834660083995328,23.9728203372725,115.66718598652348,4.550189828198905,0.0,0.6015443034400982,0.0,0.14507379079783017,3.3952050782103855,0.007516885391438167,88.44798812488993,0.9418822069322932,-0.9330708661417323,1.1791590211277052,0.6842248956495585,2.528305643466653,-0.1567025213901164,-0.9326204972590276,-0.03504123472328023,-0.6408475674442882,0.42446505476318774,0.7915209299937878,Biotechnology,Healthcare,INCY
2021Q4,2021,Q4,2022-02-08,2021-12-31,563851000.0,862853000.0,120772000.0,2.54,818953000.0,0.9491222723,4933352000.0,3770004000.0,3118674000.0,854308000.0,1163348000.0,27904000.0,-777874000.0,16220225600.000002,14207606600.000002,17.060076747637837,3.650526508004139,0.009085303461013931,0.01188884680228456,0.14700412355271902,17.060076747637837,0.1495624407825562,18.79836495903706,7.191716251279151,4.30244254382754,0.0,1.573251146788991,0.0,0.17490197334388463,3.4700506140642484,0.11429368915901399,200.52697062605085,0.9491222722758106,2.0975609756097566,53.23381133558754,1.2554465555010177,6.6704397591491125,0.05932838089374158,2.1025316525346787,-0.48697166645427126,6.869809031005249,0.574046793974652,0.8868537873414127,Biotechnology,Healthcare,INCY
2021Q3,2021,Q3,2021-11-02,2021-09-30,181739000.0,812987000.0,235410000.0,0.82,773087000.0,0.9509217244556186,4198831000.0,3148657000.0,2923797000.0,742712000.0,1050174000.0,21303000.0,-1341725000.0,15189719100.0,13234323100.0,14.257316217256447,3.936649737717985,0.010389796588621929,0.013855113465836387,0.06311858445543658,14.257316217256447,0.05771952931043299,18.683840086003837,20.894963519112576,4.824189837127385,0.0,1.8729756372341924,0.0,0.19362222485258396,3.770996025377266,0.04328323764400139,68.13213617708404,0.9509217244556186,0.22388059701492521,3.1959452809172624,1.5686921327807077,6.24564959488876,0.15782024804218603,0.21600337222995397,0.6715186458007896,4.997264792053688,0.7406360424941281,0.6814532457595165,Biotechnology,Healthcare,INCY
2021Q2,2021,Q2,2021-08-03,2021-06-30,149456000.0,705709000.0,140836000.0,0.67,667709000.0,0.9461534428496732,3904623000.0,2935861000.0,2620060000.0,660324000.0,968762000.0,16675000.0,-1523464000.0,18515582790.0,16763241790.0,13.339789988322588,3.9678400300458563,0.011586521925420201,0.015409789496164839,0.040523606945120735,13.339789988322588,0.05090704226119697,26.236852286140603,30.971628422411946,6.306695987991256,0.0,2.2788605697151425,0.0,0.18073678303897714,3.8150014235435936,0.038276678695997025,173.63188002288138,0.9461534428496732,1.791666666666667,2.7023334531171512,1.443534805410501,7.427971388521492,0.16018786554026113,1.7917437190622958,0.4255088717268743,1.7504968185968528,0.3047802281100433,0.6335618105489607,Biotechnology,Healthcare,INCY
2021Q1,2021,Q1,2021-05-04,2021-03-31,53535000.0,604718000.0,98797000.0,0.24,575518000.0,0.9517130298750822,3661436000.0,2727844000.0,2449969000.0,623881000.0,933592000.0,16700000.0,-1672920000.0,17863227270.0,16239389270.0,12.410516785637919,3.926981267260904,0.012598881968713914,0.01691079108629379,0.027054864038139493,12.410516785637919,0.019625389135155824,29.539764435654305,83.41845180722892,6.5484783110764395,0.0,1.748502994011976,0.0,0.165158697298,3.782371958754955,0.014621312512358538,113.04981438118624,0.9517130298750822,-0.6470588235294118,0.8959023431320888,0.9546575193272173,9.200090336700423,-0.23591194475902438,-0.6427427427427428,-0.39841928039505814,2.2532154322594407,0.5234256412805086,0.613636120215805,Biotechnology,Healthcare,INCY
2020Q4,2020,Q4,2021-02-09,2020-12-31,149850000.0,789509000.0,164229000.0,0.68,753209000.0,0.9540220567466615,3560918000.0,2611268000.0,2359894000.0,631195000.0,949650000.0,16425000.0,-1726455000.0,19069408220.0,17603931220.0,11.910599847654842,3.738771694959561,0.013347962519777204,0.01820226801691745,0.05409448163044727,11.910599847654842,0.05738591366340031,24.153503278620004,31.814161194527866,7.302738830330706,0.0,2.2100456621004567,0.0,0.22171501843064065,3.6175365774443713,0.04208184518711186,341.20756190953335,0.9540220567466615,10.714285714285714,1.3074340912701305,1.7504381832960956,11.962376343214162,0.2845876901404127,10.856607248569361,29.83533608711979,1.9644124848063418,0.7117620821380989,0.5421198769530828,Biotechnology,Healthcare,INCY
2020Q3,2020,Q3,2020-11-05,2020-09-30,-15203000.0,620643000.0,5326000.0,-0.07,586343000.0,0.9447347347831201,3307430000.0,2390833000.0,2159425000.0,606202000.0,916597000.0,17012000.0,-1876305000.0,19633676160.0,18193340160.0,10.927823789673834,3.5622201840310654,0.017366656285998493,0.02402468093756444,0.009255658804946647,10.927823789673834,-0.0063588715732131856,31.634411666610273,-322.85858317437345,8.212065066861634,0.0,2.0162238419938867,0.0,0.18765113698551444,3.449315574676428,-0.004596620336635999,151.85295651770383,0.9447347347831201,-1.053030303030303,0.6815639993761561,1.7426738321184445,21.33752745458566,-0.10433167390470836,-1.052370322909562,-0.9769210436229542,-1.3985679904281845,0.5375710440072345,0.28563803066954363,Biotechnology,Healthcare,INCY
2020Q2,2020,Q2,2020-08-04,2020-06-30,290298000.0,688043000.0,230773000.0,1.32,654643000.0,0.9514565223394468,3212321000.0,2344604000.0,2077625000.0,556513000.0,867717000.0,16335000.0,-1861102000.0,22618569530.0,21353592530.0,10.777360502691348,3.73329104621096,0.01922379488226737,0.026338349674401306,0.08900942905702346,10.777360502691348,0.12381536498274336,32.87377319440791,19.47875074061826,9.64707452943013,0.0,2.0446893174165903,0.0,0.21418874390199485,3.61130108371233,0.0903701715986665,100.29429292929294,0.9514565223394468,1.3963963963963966,24.653729181752784,2.467206743826124,33.901505513083684,0.20964064243848718,1.4028324743770137,1.347547605134909,22.927325357051743,0.9874777114713359,1.1531000704909804,Biotechnology,Healthcare,INCY
2020Q1,2020,Q1,2020-05-05,2020-03-31,-720642000.0,568507000.0,-664004000.0,-3.33,541188000.0,0.9519460622296647,2752422000.0,1937721000.0,1716169000.0,503412000.0,814701000.0,13977000.0,-2151400000.0,15870478830.0,14887651830.0,8.94108554316379,3.4090744757772957,0.0103381676210988,0.014684776600965774,-0.3384486155007504,8.94108554316379,-0.3719018372614014,27.916065818011035,-5.505673701366282,8.190280659599603,0.0,1.9545682192172855,0.0,0.20654790580804833,3.2858056621614105,-0.26182104343011353,-21.960528738781374,0.9519460622296647,-7.529411764705882,-30.165543908461554,1.8339511867498746,38.14999129288372,-0.0110284107210406,-7.491977838836088,-7.988927248231728,-2.4705438282274903,0.33359559124559585,0.8074075073019085,Biotechnology,Healthcare,INCY
2019Q4,2019,Q4,2020-02-13,2019-12-31,111005000.0,579389000.0,95008000.0,0.51,547223000.0,0.9444828949117087,3426750000.0,2598406000.0,2481488000.0,513340000.0,828344000.0,11400000.0,-1430758000.0,18841036400.0,17054959400.0,12.042480418964638,4.834004753185024,0.013600933829430218,0.017936765847985266,0.031150192847274792,12.042480418964638,0.04272042167390316,32.51880239355597,42.43285527678933,7.250997881008587,0.0,2.821578947368421,0.0,0.169078281170205,4.726619784158648,0.03239366746917633,184.16895301213063,0.9444828949117087,-0.135593220338983,3.3663230952193293,2.680499780038091,26.068682838145577,0.04924253318531045,-0.13460563962236202,-0.2926531463116829,9.934982214225098,0.5510855133581201,4.4144610232888235,Biotechnology,Healthcare,INCY
2019Q3,2019,Q3,2019-10-29,2019-09-30,128271000.0,551581000.0,134316000.0,0.59,521541000.0,0.9455383706110254,3214818000.0,2422527000.0,2319595000.0,461683000.0,792291000.0,7365000.0,-1541763000.0,15974221770.0,14301413770.0,11.257148035074513,5.024215749767698,0.009087606203523807,0.012059721109403529,0.046659091633824826,11.257148035074513,0.052949255054742426,28.960790473203392,31.13373593797507,6.594032499947369,0.0,4.078750848608283,0.0,0.17157456502980883,4.90018909078307,0.039899925905603366,55.61532087860821,0.9455383706110254,0.22916666666666666,0.6948129344166863,1.1808134164529727,22.183657973783998,0.041985830905887006,0.21793995328433885,0.3620654687056342,2.0391874322782546,0.7884840632331432,4.720946976066731,Biotechnology,Healthcare,INCY
2019Q2,2019,Q2,2019-07-30,2019-06-30,105318000.0,529932000.0,98612000.0,0.48,500526000.0,0.9445098616426258,2947633000.0,2247191000.0,2058625000.0,367105000.0,700442000.0,6527000.0,-1670034000.0,18332840400.0,16935269400.0,10.47055726400149,5.607728034213644,0.006328128366048283,0.008300585041502925,0.04158303146943033,10.47055726400149,0.046866510234332553,34.59470347138878,43.51782316413149,8.15811401879057,0.0,4.50528573617282,0.0,0.17978221847835196,5.4440418953705345,0.03572968547984094,173.4980069274885,0.9445098616426258,0.02127659574468087,3.2346568684883152,3.1634755413496465,11.281717636624673,0.053142536121649,0.029380717804363125,0.33133522343728905,1.6753529588395482,0.8816087562792674,5.615213366936736,Biotechnology,Healthcare,INCY
2019Q1,2019,Q1,2019-04-30,2019-03-31,102312000.0,497857000.0,74070000.0,0.47,475269000.0,0.9546295422179462,2754161000.0,2085567000.0,1904500000.0,364515000.0,668594000.0,7129000.0,-1775352000.0,18398886750.0,17398149750.0,9.742680961390231,5.224750696130474,0.006407395936548372,0.008461487931099791,0.03461363752259381,9.742680961390231,0.04905716287225488,36.95616763448139,44.957792707600284,8.82200703693528,0.0,3.168466825641745,0.0,0.18076539461563793,5.006940729462436,0.03714815510059143,133.911371146176,0.9546295422179462,0.4687499999999999,3.327416875745654,3.282958754203394,10.918733273402644,-0.053360262439275066,0.481429998696842,-0.09643183897529735,2.7203922362152206,0.6523665516029489,7.0074204518892325,Biotechnology,Healthcare,INCY
2018Q4,2018,Q4,2019-02-14,2018-12-31,69063000.0,528402000.0,81975000.0,0.32,502059000.0,0.9501459116354594,2645762000.0,1925967000.0,1832254000.0,425277000.0,719795000.0,6967000.0,-1877759000.0,13545496670.0,12417646670.0,9.041546760056898,4.308377833741303,0.013655801239869649,0.018759407611864586,0.04041698785493981,9.041546760056898,0.03585886985602557,25.634832324631624,49.03311711770413,7.033088661436048,0.0,3.781110951629109,0.0,0.19971637660530311,4.105373674099469,0.026103254941298573,231.32156138463378,0.9501459116354594,1.2857142857142856,2.2245037479397127,3.137602524858379,8.581006494334014,0.18162668750353034,1.3671168083356182,1.6342427455895112,0.09453511886960925,0.8946149495011645,8.839968878788456,Biotechnology,Healthcare,INCY
2018Q3,2018,Q3,2018-10-30,2018-09-30,29176000.0,449683000.0,31119000.0,0.14,424888000.0,0.9448611577489031,2519947000.0,1802899000.0,1700359000.0,422489000.0,717048000.0,5993000.0,-1946822000.0,14632990139.999998,13545683139.999998,8.479163041382327,4.024623126282577,0.009870048854202092,0.013795559263164493,0.016036303421440155,8.479163041382327,0.016182825549295884,32.540678967183545,125.38550640937756,8.116367106532312,0.0,4.137326881361589,0.0,0.17844938802284332,3.8416361136029575,0.011578021283780968,83.93989536904782,0.9448611577489031,-0.4166666666666666,1.9655488520948867,2.852658561456035,44.66838162405033,-0.14450932227278218,-0.44314234454326834,-0.6261488004421004,1.6288046753247134,1.0447297582657955,16.332228344289486,Biotechnology,Healthcare,INCY
2018Q2,2018,Q2,2018-07-31,2018-06-30,52394000.0,521516000.0,83239000.0,0.24,496660000.0,0.9523389502910745,2397157000.0,1732923000.0,1598084000.0,368239000.0,664234000.0,5869000.0,-1975998000.0,14218070000.0,13314123000.0,8.166076056736252,4.339801053120392,0.01024964155455817,0.014178356453229601,0.04594695245107839,8.166076056736252,0.030234465120492948,27.26296029268517,67.8420716112532,8.204674991329679,0.0,4.235133753620719,0.0,0.21755604660020184,4.113339434443391,0.02185672444483194,657.8784934295761,0.9523389502910745,2.263157894736842,14.663743467163945,2.439091070384175,42.81609320005257,0.3637911339572075,2.2735537190082646,2.240336760542393,3.7465631543728173,1.6941578720891008,25.445097428379427,Biotechnology,Healthcare,INCY
2018Q1,2018,Q1,2018-05-01,2018-03-31,-41140000.0,382282000.0,-67110000.0,-0.19,364176000.0,0.9526370585065476,2306012000.0,1628044000.0,1469555000.0,381072000.0,677968000.0,4632000.0,-2028392000.0,17639377730.0,16769221730.0,7.691025647082166,3.8563709745140025,0.010525097007300916,0.014908073737564833,-0.041406840270744205,7.691025647082166,-0.025269587308451122,46.14231831475194,-107.1911626762275,10.834705775765274,0.0,3.908894645941278,0.0,0.16577624053994516,3.650882247974136,-0.01784032346752749,2138.624846023278,0.9526370585065476,0.7323943661971831,-0.6663362261147509,2.4134566335332437,7.318572218223729,-0.13656538067599863,0.7250532984916026,0.49384559688659607,-0.821539300339241,0.9510100921701607,32.95602306264768,Biotechnology,Healthcare,INCY
2017Q4,2017,Q4,2018-02-15,2017-12-31,-149629000.0,444156000.0,-132588000.0,-0.71,421776000.0,0.9496122983816497,2302582000.0,1630629000.0,1504854000.0,375396000.0,671953000.0,6482000.0,-1990005000.0,19995648750.0,19120140750.0,7.723523978685613,4.008710801393728,0.01042351586175867,0.014718860022727426,-0.08086215444340354,7.723523978685613,-0.09176152270074922,45.019427295814985,-33.40871213133818,12.262537186570334,0.0,3.4526380746683123,0.0,0.19289475901401124,3.8251446472525013,-0.06498313632261522,-174.60703775825635,0.9496122983816497,-5.1764705882352935,-5.970793205604777,1.4338854899465483,6.814417638372062,0.17323601243956852,-5.1501359072502355,-9.86401925391095,-2.259857934022725,1.883523417513746,17.07796452876677,Biotechnology,Healthcare,INCY
2017Q3,2017,Q3,2017-10-31,2017-09-30,36054000.0,381534000.0,14958000.0,0.17,359498000.0,0.9422436794623809,2374301000.0,1757750000.0,1541322000.0,319935000.0,616551000.0,3261000.0,-1840376000.0,24141365040.0,23190373040.0,8.499922629064391,4.817609826996109,0.009986518137338104,0.013489404067700186,0.006982669566342905,8.499922629064391,0.020511449295974968,63.27447891930994,167.39727242469627,13.734242662494667,0.0,6.757436369211899,0.0,0.160693189279708,4.625108225108225,0.015185100793875755,1282.8186959987247,0.9422436794623809,3.8333333333333335,2.0508205150300927,2.9908941955371744,6.056710051992292,0.17412405612311552,3.888016661326498,1.0775,-0.5042703918896381,0.569786438907104,16.99512178543853,Biotechnology,Healthcare,INCY
2017Q2,2017,Q2,2017-08-01,2017-06-30,-12484000.0,326444000.0,7200000.0,-0.06,306184000.0,0.9379372878656064,1639443000.0,1026835000.0,844803000.0,293161000.0,612608000.0,2930000.0,-1876430000.0,25829303310.0,25557829310.0,5.00550840641315,2.8817032279191297,0.014290219300091556,0.022815739627106594,0.009120112413786756,5.00550840641315,-0.012157746862933187,79.12322882332039,-517.2481438240948,25.15428799174161,0.0,6.914675767918089,0.0,0.19911884707184085,2.6542480070677885,-0.007614781361718584,299.3140194681036,0.9379372878656064,0.9374999999999999,-2.9479855114956206,1.3761424602501147,3.9782115877043522,-0.1708128192212491,0.9332702597242934,1.054011882614175,0.7228724350467366,1.6832570896024874,5.915232567366036,Biotechnology,Healthcare,INCY
2017Q1,2017,Q1,2017-05-04,2017-03-31,-187083000.0,384082000.0,-133304000.0,-0.96,369258000.0,0.9614040751714478,1607347000.0,965934000.0,819175000.0,304716000.0,641413000.0,3961000.0,-1863946000.0,26100404199.999996,25930317199.999996,4.9469118098945,2.688322897386419,0.025883645535158244,0.04307126573865295,-0.12502249776334964,4.9469118098945,-0.1936809347222481,67.9552913179998,-34.87810784518101,27.020898115192132,0.0,3.742489270386266,0.0,0.23895400308707454,2.484050722640098,-0.11639241557672363,-134.11990544950024,0.9614040751714478,-20.2,-1.6829581471171886,5.915943948587521,3.52860889166875,0.2032847250509165,-22.084526090386564,-4.167946006321443,-3.665673139056927,2.622393358579262,6.036303555852808,Biotechnology,Healthcare,INCY
2016Q4,2016,Q4,2017-02-14,2016-12-31,8873000.0,326498000.0,42079000.0,0.05,306875000.0,0.9398985598686669,1638597000.0,419467000.0,994178000.0,273501000.0,1219130000.0,4106000.0,-1674765000.0,18910721460.0,19561340460.0,2.22413281158867,3.635006818987865,0.7951692820138203,3.106232433063864,0.02295052373378306,2.22413281158867,0.021153034684492464,57.91986921818817,532.816450467711,45.08273942884661,0.0,4.779103750608865,0.0,0.19925460622715652,3.500184642834944,0.005414998318683605,240.8824989172802,0.9398985598686669,-0.736842105263158,1.1086537465004143,6.622426661302496,2.245904983915208,0.23112443032287053,-0.7593893212571522,0.8876278485555357,1.1776863992538968,1.887578946665854,2.8648540715846464,Biotechnology,Healthcare,INCY
2016Q3,2016,Q3,2016-11-01,2016-09-30,36877000.0,269469000.0,22292000.0,0.19,249264000.0,0.9250192044353897,1544195000.0,369986000.0,886660000.0,240545000.0,1174209000.0,4078000.0,-1683638000.0,17729254410.0,17929075410.0,1.9677071090097804,3.6860462699287035,0.4166792406399451,1.739076613709708,0.021178426733022483,1.9677071090097804,0.09967133891552653,65.7932987096846,120.19181610488924,47.91871695145222,0.0,4.954634624816086,0.0,0.17450451529761463,3.5257768816645534,0.023881051292097177,225.44256771190967,0.9250192044353897,0.05555555555555561,1.4665325843340524,9.782166713787843,2.3724599468764493,0.06559051987636852,0.07122730573710966,-0.5000560676400009,2.3800590207912915,1.6106968078865753,9.597979864291606,Biotechnology,Healthcare,INCY
2016Q2,2016,Q2,2016-08-09,2016-06-30,34425000.0,246288000.0,44589000.0,0.18,233921000.0,0.9497864288962515,1417975000.0,297063000.0,792130000.0,198986000.0,1120912000.0,6124000.0,-1720515000.0,15010806360.0,15300180360.0,1.582799629159962,3.980832822409617,0.44816798603642516,2.1392465571276125,0.046747852720908034,1.582799629159962,0.11588450934650225,60.948184077177935,109.01093943355121,50.53071691863342,0.0,2.0194317439581972,0.0,0.17368994516828576,3.8127154674198183,0.02427757894180081,-232.21444819157824,0.9497864288962515,0.5,1.4431901686650621,8.783226779221492,2.4555800939407266,-0.09142426561122353,0.43157150580113945,0.23724298676433864,11.150917904197966,0.8363798303062194,9.105055151349458,Biotechnology,Healthcare,INCY
2016Q1,2016,Q1,2016-05-09,2016-03-31,24047000.0,263464000.0,36039000.0,0.12,257459000.0,0.9772075122217836,1103942000.0,227748000.0,935581000.0,200319000.0,876194000.0,1309000.0,-1754940000.0,13565224480.0,13688305480.0,1.2167065561159074,4.670455623280867,0.5685461736214402,2.755861741925286,0.04144230416084109,1.2167065561159074,0.10558599855981173,51.487962226338325,141.02824136066872,59.562430756801376,0.0,4.587471352177235,0.0,0.23865746570019078,4.55248378835757,0.021782847287266902,147.49137768692987,0.9772075122217836,-0.5862068965517241,1.5982746267112178,4.43525676970686,2.4447585870469015,0.09942052379183268,-0.5641764535305205,-0.44621838409293463,2.101469324865153,1.6603879756457034,1.9995868686410205,Biotechnology,Healthcare,INCY
2015Q4,2015,Q4,2016-02-12,2015-12-31,55176000.0,243881000.0,65078000.0,0.29,234177000.0,0.960210102468007,1007440000.0,171155000.0,842375000.0,168007000.0,836285000.0,1783000.0,-1778987000.0,20200873050.0,20919220050.0,0.9188592841535629,5.013927991095609,1.2306301119669658,7.243644649586632,0.04569976177352394,0.9188592841535629,0.3223744559025445,82.83086033762368,91.5292566061331,118.02677719026613,0.0,5.442512619181155,0.0,0.24207992535535616,4.894040129280327,0.05476852219487017,320.0746763741226,0.960210102468007,2.3181818181818183,0.12390507134667168,0.8825512883512234,2.2798249090360083,0.30409141787927896,2.393966954676368,645.3366336633663,1.0775869807128395,0.5147524199085404,1.6917349701649542,Biotechnology,Healthcare,INCY
2015Q3,2015,Q3,2015-11-03,2015-09-30,-39582000.0,187611000.0,-101000.0,-0.22,179571000.0,0.957145369940995,931932000.0,88737000.0,757914000.0,155823000.0,843195000.0,2428000.0,-1834163000.0,20012427710.0,20190559710.0,0.4892136702189242,4.863941780096648,0.6695048565775186,7.031260917092081,-0.00014175280313042402,0.4892136702189242,-0.44605970452009874,106.6697992655015,-126.39853790864534,225.52517788521135,0.0,3.3113673805601316,0.0,0.2013140443723362,4.633532918760388,-0.042473055974041024,-3551.4512351375333,0.957145369940995,-5.4,0.15889401185906973,6.490618591516808,1.4637146581312264,0.14573470299240732,-5.258876694641704,0.9863402758993779,-0.31525147959320576,1.2373361654946893,1.2910393178532231,Biotechnology,Healthcare,INCY
2015Q2,2015,Q2,2015-08-04,2015-06-30,9294000.0,162984000.0,-7394000.0,0.05,156730000.0,0.9616281352770825,930337000.0,55174000.0,732990000.0,192472000.0,875163000.0,1897000.0,-1794581000.0,18619825960.0,18840109960.0,0.3087935704851239,3.808294193441124,0.7093827290540955,11.961521731250226,-0.010190135496161736,0.3087935704851239,0.16844890709392105,114.24327516811466,500.85608887454265,337.47464312901,0.0,3.2967843964153927,0.0,0.17518813075261974,3.65035433725425,0.009989928380791047,1663.3755547614794,0.9616281352770825,1.4545454545454546,1.0784161357526902,1.2257707546340095,1.35844136909714,0.002744704128572434,1.5062367231330682,-0.0661860129776496,0.665025454925649,0.3620561241226625,1.18372810814764,Biotechnology,Healthcare,INCY
2015Q1,2015,Q1,2015-04-30,2015-03-31,-18359000.0,159275000.0,-6935000.0,-0.11,156301000.0,0.9813278920106734,862624000.0,-41413000.0,692145000.0,225595000.0,904037000.0,2414000.0,-1803877000.0,15771936200.0,16047661200.0,-0.2406753065612832,3.068086615394845,0.8086338891568052,-16.843672276821287,-0.010785083253532883,-0.2406753065612832,0.4433149011180064,99.02330058075655,-214.7711776240536,-380.84505348562044,0.0,1.231980115990058,0.0,0.18464012130429944,2.903557259691039,-0.021282737322402344,-1937.822361469468,0.9813278920106734,0.5,0.6424678483502166,5.410468960820509,0.7481463432593958,0.28595170512978735,0.503045231843651,0.7293552919138307,0.7012301833647073,2.2544923152736036,0.8769790641994603,Biotechnology,Healthcare,INCY
2014Q4,2014,Q4,2015-02-17,2014-12-31,-36943000.0,123973000.0,-25624000.0,-0.22,121545000.0,0.9804150903825833,830069000.0,-81628000.0,699214000.0,221515000.0,911697000.0,358000.0,-1785518000.0,12423143640.0,12659964640.0,-0.4803794637602693,3.156508588583166,0.8301936345050833,-8.442176704072132,-0.04188871253599997,-0.4803794637602693,0.45257754692017443,100.20846184249797,-84.06967246839726,-152.19218454451902,0.0,6.782122905027933,0.0,0.14935264417777316,2.971338284089114,-0.04450593866293043,319.6486206098032,0.9804150903825833,-1.6666666666666667,0.7056859583676824,11.722155202223234,0.4382482413499593,-0.38590685407677616,-1.6230583711399322,-1.3663554608752841,0.4979017075515508,2.21234513722988,0.7309031344931564,Biotechnology,Healthcare,INCY
2014Q3,2014,Q3,2014-10-30,2014-09-30,59293000.0,198147000.0,69943000.0,0.33,197926000.0,0.9988846664345158,785265000.0,-89591000.0,662614000.0,124660000.0,874856000.0,402000.0,-1748575000.0,8269437599.999999,8719101600.0,-0.5314071842080289,5.315369805871971,0.8676217582599505,-7.604703597459566,0.11805910651018656,-0.5314071842080289,-0.661818709468585,41.733852140077815,34.86683756935894,-92.30210177361563,0.0,0.5497512437810945,0.0,0.25233137857920573,5.149671105406706,0.07550699445410149,482.8022886501634,0.9988846664345158,2.5,1.7951814495533616,121.6998266188732,0.7386893483621607,0.9913074098294683,2.608032978059827,3.6709054110818347,1.8365996849937585,7.842449880970029,0.629347745673927,Biotechnology,Healthcare,INCY
2014Q2,2014,Q2,2014-07-31,2014-06-30,-36873000.0,99582000.0,-26187000.0,-0.22,99395000.0,0.998122150589464,679107000.0,-170998000.0,577145000.0,112547000.0,850105000.0,269000.0,-1807867000.0,9477066160.0,9846606160.0,-1.018366544778875,5.128035398544608,0.9914711525576971,-3.9375606732242483,-0.05223157521607353,-1.018366544778875,0.21563410098363722,95.16846578698961,-64.25478100507146,-55.42208774371629,0.0,0.6951672862453532,0.0,0.14663668611868233,4.939785156423539,-0.05429630382251987,-407.5105847953216,0.998122150589464,-0.047619047619047665,0.46442185410502446,72.39357590756556,0.6587984609276887,0.10902213692760868,-0.08587331036310628,-0.14179202092871157,0.4694084153202637,3.421355425203653,0.06348596271655953,Biotechnology,Healthcare,INCY
2014Q1,2014,Q1,2014-05-01,2014-03-31,-33957000.0,89792000.0,-22935000.0,-0.21,89624000.0,0.9981290092658589,666826000.0,-162422000.0,581170000.0,106944000.0,829248000.0,347000.0,-1770994000.0,8849906640.0,9161189640.0,-0.9822505246224835,5.4343394673848,0.9975945748965998,-4.095639753235399,-0.04568047546456606,-0.9822505246224835,0.20906650576892294,98.5600792943692,-65.15524516300026,-54.487117754983935,0.0,0.484149855907781,0.0,0.13465581725967493,5.288983019150209,-0.05092332932429149,-257.58671129609684,0.9981290092658589,0.19230769230769237,0.5007162959530294,77.77417840298153,0.627607035350388,-0.07513544192766111,0.20792610389307456,-0.42091568056502077,0.043653803692615026,1.0969234123076514,-0.1663575518240798,Biotechnology,Healthcare,INCY
2013Q4,2013,Q4,2014-02-21,2013-12-31,-42871000.0,97072000.0,-16141000.0,-0.26,96905000.0,0.9982796274929949,629568000.0,-193108000.0,555799000.0,108042000.0,822676000.0,406000.0,-1737037000.0,8197705820.0,8425418820.0,-1.1926578307002482,5.144286481183244,1.0508269162346244,-3.4258912111357374,-0.034565983534107274,-1.1926578307002482,0.22200530273214988,84.44974678589088,-47.8044938303282,-42.45140449903681,0.0,0.41133004926108374,0.0,0.15418826878113245,5.038577590196405,-0.06809590068110197,-597.5004241982507,0.9982796274929949,-0.857142857142857,0.4675481633900443,61.21542600479714,0.47409597626110006,0.1404881837868374,-0.9454099922857013,-0.22437988318288704,-2.0046139694830494,-0.13797669237574098,-0.6611827578072689,Biotechnology,Healthcare,INCY
2013Q3,2013,Q3,2013-10-31,2013-09-30,-22037000.0,85123000.0,-13183000.0,-0.14,84968000.0,0.9981791055296453,357400000.0,28791000.0,333743000.0,109498000.0,328609000.0,359000.0,-1694166000.0,5915806050.0,5849872050.0,0.18566813055002032,3.047936948620066,0.5236038052602127,6.499808968080303,-0.06118909705972384,0.18566813055002032,-0.7654128026119273,69.49715176861717,-67.11219823478694,205.47414296134207,0.0,0.43175487465181056,0.0,0.23817291550083938,2.962346344225465,-0.06165920537213206,-464.38543449250335,0.9981791055296453,-6.0,0.7069007519551198,46.798428190904474,1.09670335072114,-0.16302527630567978,-7.571373006612213,-1.7611871355159074,0.452237577996049,2.9755121035446637,1.1759906538289047,Biotechnology,Healthcare,INCY
2013Q2,2013,Q2,2013-08-01,2013-06-30,-2571000.0,101675000.0,17319000.0,-0.02,101518000.0,0.9984558642734203,334219000.0,-27786000.0,313369000.0,102958000.0,362005000.0,133000.0,-1672130000.0,3261149280.0000005,3246015280.0000005,-0.1952854853672936,3.0436585792264808,0.6696716823400226,-8.055027711797308,0.09085736235595392,-0.1952854853672936,0.09252861153098683,32.07424912712073,-317.1090315052509,-117.36663355646729,0.0,1.1804511278195489,0.0,0.3042166962380954,2.9621301890091103,-0.0076925608657796235,433.2026142401701,0.9984558642734203,0.8333333333333333,0.9663416347850164,97.77546055981811,0.930124688848384,0.4313026069056918,0.835918054757802,5.2272394434952405,-1.7220080992537328,0.7436519351588581,0.7733165343116353,Biotechnology,Healthcare,INCY
2013Q1,2013,Q1,2013-05-02,2013-03-31,-15669000.0,71077000.0,-4097000.0,-0.12,70927000.0,0.9978896126735793,330282000.0,-163526000.0,309113000.0,121283000.0,493808000.0,189000.0,-1669559000.0,3089935000.0,3165999000.0,-1.2172094234992,2.5486919024100656,1.021893412296159,-2.0639714785416388,-0.023612535548344207,-1.2172094234992,0.09581962501375928,43.47306442309045,-49.30013083157827,-18.89568019764441,0.0,0.7936507936507936,0.0,0.21520094949164653,2.458877171573922,-0.0474412774538122,129.58962422412347,0.9978896126735793,-1.857142857142857,0.7542807719864777,33.246218526949725,0.47739458585279065,-0.376449488777726,-1.8343894776079663,-1.1354201097375554,0.6091671925758868,2.6639954687687326,-0.2737436536695018,Biotechnology,Healthcare,INCY
2012Q4,2012,Q4,2013-02-21,2012-12-31,18779000.0,113846000.0,30254000.0,0.14,113747000.0,0.999130404230276,330419000.0,-174957000.0,309514000.0,136074000.0,505376000.0,278000.0,-1653890000.0,2187719710.0,2299099710.0,-1.3283400778978218,2.274600584975822,1.0019883844452044,-1.8923278291237275,0.19295579016841147,-1.3283400778978218,-0.1073349451579531,19.21648288038227,29.124550162415463,-12.50432797773167,0.0,0.35611510791366907,0.0,0.3445504041837788,2.2000455634434206,0.056833898777007376,-95.37534702240823,0.999130404230276,1.823529411764706,1.5532923045225995,6.498642801297088,0.2954968607088177,0.8813284596682158,1.8649930907415937,3.9842177944367725,1.193011844191711,14.072456201569562,-0.5533498642998175,Biotechnology,Healthcare,INCY
2012Q3,2012,Q3,2012-11-01,2012-09-30,-21710000.0,60492000.0,-10138000.0,-0.17,60461000.0,0.9994875355418898,296535000.0,-219950000.0,278728000.0,137641000.0,516485000.0,190000.0,-1672669000.0,2342232900.0,2437748900.0,-1.6809195191477329,2.02503614475338,1.128362587890131,-1.5212502841554898,-0.0885324414107385,-1.6809195191477329,0.09870425096612867,38.71971335052569,-26.971820589590045,-10.64893339395317,0.0,0.1631578947368421,0.0,0.20399615559714704,1.8899819094601173,-0.0732122683662974,-85.0144423069943,0.9994875355418898,-6.666666666666667,0.4295702035121107,4.81934250139643,-0.0005815630260758009,-0.3012389339620461,-6.377755759227149,-1.666141007950588,0.6248693447401636,47.26299932931056,0.17343576083964243,Biotechnology,Healthcare,INCY
2012Q2,2012,Q2,2012-08-03,2012-06-30,4037000.0,86542000.0,15219000.0,0.03,86526000.0,0.9998151186707033,311971000.0,-217188000.0,294158000.0,139731000.0,529159000.0,188000.0,-1650959000.0,2933384800.0,3004131800.0,-1.6807094657339194,2.1051735119622705,1.0523734577893458,-1.5116396854338177,0.13472167227611692,-1.6807094657339194,-0.018587583107722343,33.89550507268147,181.65622987366856,-13.506201079249314,0.0,0.0851063829787234,0.0,0.2774039894733805,1.9727046968818658,0.012940305348894609,380.1198393157963,0.9998151186707033,1.0833333333333335,1.1425476512768127,4.327754030506129,-0.1819966699459944,1.3923357664233578,1.0888698102408312,1.445156195156195,1.0761933117767915,81.87964050123671,0.43688187776599147,Biotechnology,Healthcare,INCY
2012Q1,2012,Q1,2012-04-26,2012-03-31,-45426000.0,36179000.0,-34188000.0,-0.36,36168000.0,0.9996959562176954,293593000.0,-248857000.0,276162000.0,142299000.0,542450000.0,0.0,-1654996000.0,2455017900.0,2545324900.0,-1.9563768150122245,1.9407163788923323,1.0973081783285024,-1.2945667592231682,-0.4663801923470432,-1.9563768150122245,0.182538566325239,67.85753890378396,-13.51108341038172,-9.8651751809272,0.0,0.0,0.0,0.12322841484640301,1.7527951707320502,-0.15472439738004654,-44.720438275315594,0.9996959562176954,0.1685927485974691,-0.3542347804701996,2.218399715650661,-0.5726552907223761,0.25192107995846313,0.17525735761360955,0.2254468837082852,0.1317439784724867,40.25988625642014,0.2582941481307184,Biotechnology,Healthcare,INCY
2011Q4,2011,Q4,2012-02-22,2011-12-31,-55079000.0,28890000.0,-44139000.0,-0.43300079400643066,28890000.0,1.0,328962000.0,-227077000.0,310778000.0,135614000.0,556039000.0,0.0,-1609570000.0,1909317030.0,1956736030.0,-1.7851544381814894,2.291636556697686,0.9610623719456959,-1.3922722248400323,,-1.7851544381814894,0.24255648964888563,66.08920145379024,-8.66626586357777,-8.408236104933568,0.0,0.0,0.0,0.08782169369106461,2.0942454318875634,-0.16743271259294387,-46.83027225233622,1.0,-0.03095427144388255,-0.7736707645042227,1.703294384662664,-0.7657487573688273,0.7214873078298176,-0.03769923508798372,-0.04833269998099943,0.12925736414449004,22.568866224893416,0.21283382553754843,Biotechnology,Healthcare,INCY
2011Q3,2011,Q3,2011-10-27,2011-09-30,-53078000.0,16782000.0,-42104000.0,-0.42,16782000.0,1.0,371224000.0,-181020000.0,346418000.0,120957000.0,552244000.0,0.0,-1554491000.0,1763852200.0,1766448200.0,-1.4337082211309995,2.8639764544424877,0.8358214986100037,-1.7140481714727653,-0.3257386447155667,-1.4337082211309995,0.29321621920229807,105.10381360982005,-8.307830928068126,-9.743963098000222,0.0,0.0,0.0,0.04520720643061871,2.6409137131377265,-0.14298105725922894,-36.62635906806761,1.0,-0.024390243902439046,-1.2256755358443012,0.533474077174399,-0.8173741762400085,-0.0017250609719826305,-0.02328899171004434,-0.02407938901590699,0.13297747074007107,10.573481213234873,0.253267706584352,Biotechnology,Healthcare,INCY
2011Q2,2011,Q2,2011-07-28,2011-06-30,-51870000.0,16811000.0,-41114000.0,-0.41,16811000.0,1.0,416663000.0,-136284000.0,391923000.0,110667000.0,552947000.0,0.0,-1501413000.0,2373750200.0,2324246200.0,-1.0874012606718264,3.541462224511372,0.73088803181468,-2.234554313052156,-0.2443625557206538,-1.0874012606718264,0.38060227172668837,141.2022009398608,-11.44086273375747,-17.417673387925216,0.0,0.0,0.0,0.04034675505144445,3.3116105071972677,-0.12448909550404044,-74.62042060922323,1.0,-0.9523809523809523,-0.6898778336303271,0.6394663483007339,-0.6648515674125108,-0.4742126168955056,-0.9564725407362704,-1.598041074249605,0.22908194665974288,17.540842157161123,0.6109157764941142,Biotechnology,Healthcare,INCY
2011Q1,2011,Q1,2011-05-03,2011-03-31,-26512000.0,31973000.0,-15825000.0,-0.21,31973000.0,1.0,459606000.0,-103978000.0,425968000.0,110182000.0,563584000.0,0.0,-1449542000.0,1956951950.0,1883810950.0,-0.8421521540168628,3.86603982501679,0.6503809784902721,-2.8748292908115176,-0.0811784078259576,-0.8421521540168628,0.25497701436842407,61.20639133018484,-18.45345456774291,-18.82082700186578,0.0,0.0,0.0,0.06956610662175863,3.632217603601314,-0.057684190371753194,-43.707329030240764,1.0,-1.796781598598691,-0.03762735673718633,2.349735223625544,-0.8645695952971377,-0.6276580878071504,-1.8147260379213914,-1.374016213277871,0.5476121164050596,15.762451497824252,0.6384243608961541,Biotechnology,Healthcare,INCY
2010Q4,2010,Q4,2011-02-23,2010-12-31,32541000.0,85870000.0,42311000.0,0.26356030356289534,85870000.0,1.0,489581000.0,-88644000.0,455454000.0,113573000.0,578225000.0,0.0,-1423030000.0,2044613519.9999998,1926389519.9999998,-0.7179570249540363,4.010231304975655,0.599353324577547,-3.3102296827760482,,-0.7179570249540363,-0.367097603898741,23.810568533830207,15.707980086659905,-23.065447407607955,0.0,0.0,0.0,0.1753948784777187,3.7849576924092876,0.06646704018334045,82.89869931884527,1.0,2.013693475241905,1.7998532989568239,55.57752820670524,-2.0953545458489047,4.089497392128971,2.026497586826914,2.918344214726152,2.0227846796948796,5.033613745122769,0.6192217743239818,Biotechnology,Healthcare,INCY
2010Q3,2010,Q3,2010-11-09,2010-09-30,-31701000.0,16872000.0,-22056000.0,-0.26,16872000.0,1.0,464640000.0,-128908000.0,422545000.0,117522000.0,593548000.0,0.0,-1455571000.0,1953802110.0,1859847110.0,-1.054988583260359,3.59545446809959,0.6199810606060606,-2.2346789958730255,-0.13575964471406216,-1.054988583260359,0.2459195705464362,115.8014527027027,-15.408047932241887,-15.156562121823317,0.0,0.0,0.0,0.03631198347107438,3.4063409404196663,-0.06822701446280992,-65.1527981192477,1.0,-14.000000000000002,0.28364371755696527,8.379399559442582,-26.035794504716808,-0.6615242642486007,-11.41425755584757,-2.6189078097475043,0.10800940141560479,0.7381508988482779,0.3720091214429283,Biotechnology,Healthcare,INCY
2010Q2,2010,Q2,2010-08-05,2010-06-30,3044000.0,49847000.0,13624000.0,0.02,49847000.0,1.0,493681000.0,-104783000.0,451293000.0,110944000.0,598464000.0,0.0,-1423869000.0,1346444100.0,1223283100.0,-0.8614897640384773,4.067754903374675,0.5728901861728525,-2.6991496712252943,0.06901651753414821,-0.8614897640384773,-0.029050513919242626,27.0115373041507,110.58180847568988,-12.849833465352205,0.0,0.0,0.0,0.10097005961339407,3.8627595904239977,0.00616592495963993,-400.2509215219976,1.0,1.0666666666666667,1.0829111508426659,11.757713704369657,-3.1262979412075875,1.883329477093938,1.0851968988776624,1.687039838628341,1.1141953547381425,2.260308812110038,0.39413797979570087,Biotechnology,Healthcare,INCY
2010Q1,2010,Q1,2010-05-06,2010-03-31,-35729000.0,17288000.0,-19830000.0,-0.3,17288000.0,1.0,502663000.0,-114413000.0,450807000.0,117944000.0,617076000.0,0.0,-1426913000.0,1667797110.0,1558245110.0,-0.9556156923668011,3.8222122363155395,0.5524576107650653,-2.4271717374773845,-0.12256435034889163,-0.9556156923668011,0.31228094709517273,96.47137378528458,-11.669771824008508,-14.576989590343755,0.0,0.0,0.0,0.03439282382033291,3.6245421555992676,-0.07107943095075628,16.26849312796902,1.0,0.5938796047126931,-0.23111272198197547,3.1138504677902086,-2.325631850660962,1.5179143606175356,0.5960177291332173,0.5189345236651222,-0.1316589995479431,0.6339299364961241,0.2318176830936398,Biotechnology,Healthcare,INCY
2009Q4,2009,Q4,2010-03-05,2009-12-31,-88442000.0,6866000.0,-41221000.0,-0.7386972028030436,6866000.0,1.0,712390000.0,-102384000.0,656055000.0,132826000.0,814774000.0,0.0,-1391184000.0,1090712970.0,1104620970.0,-0.8551454559122003,4.9392061795130475,0.6220441050548154,-4.3281958118456005,,-0.8551454559122003,0.8638263791217378,158.85711768132828,-3.083130667556138,-10.653158403656821,0.0,0.0,0.0,0.009637979196788276,4.773756644030536,-0.12414828956049355,9.203474529790483,1.0,-0.6788572790978264,-0.6348149015506573,5.527207143399523,-1.904504438122347,6.312034078807241,-1.039855156030168,-0.3059911922187371,-2.0258735100918703,-0.3174179662928173,0.15415047916820396,Biotechnology,Healthcare,INCY
2009Q3,2009,Q3,2009-11-05,2009-09-30,-43357000.0,939000.0,-31563000.0,-0.44,939000.0,1.0,472816000.0,-199356000.0,402657000.0,44276000.0,672172000.0,0.0,-1302742000.0,661702500.0,792410500.0,-2.0336223605018873,9.094249706387208,1.0097352881459172,-2.3948062762093945,,-2.0336223605018873,0.21748530267461225,704.6884984025559,-3.8154306109740066,-3.31920032504665,0.0,0.0,0.0,0.001985973401915333,8.7882148342217,-0.09169951947480627,-19.476732206981808,1.0,-0.07317073170731714,-0.24844142849427836,-0.7930035221719329,-5.847571272401816,0.19011406844106463,-0.08297739477956788,0.035891013501130185,-1.341603231855455,-0.8894891048762437,-1.5778276972457181,Biotechnology,Healthcare,INCY
2009Q2,2009,Q2,2009-07-30,2009-06-30,-40035000.0,789000.0,-32738000.0,-0.41,789000.0,1.0,159016000.0,-291430000.0,146718000.0,45621000.0,450446000.0,0.0,-1259385000.0,321245470.0,634367470.0,-2.98464815706195,3.216018938646676,2.5231737686773656,-1.3767457022269498,,-2.98464815706195,0.13737432659643825,407.1552217997465,-2.0060289122018236,-1.1023074837868443,0.0,0.0,0.0,0.004961764853851185,3.0968632866443087,-0.25176711777431204,-10.803250941619586,1.0,0.0,0.5298441313649511,-0.8858610107282692,-5.135647618300101,0.17585692995529062,2.4977520231791387e-05,0.04403433977690825,-0.6741440339443968,-0.9012357233741072,-3.569606769987986,Biotechnology,Healthcare,INCY
2009Q1,2009,Q1,2009-05-07,2009-03-31,-40036000.0,671000.0,-34246000.0,-0.41,671000.0,1.0,189635000.0,-256751000.0,165365000.0,42098000.0,446386000.0,0.0,-1219350000.0,227775600.0,505942600.0,-2.6376720772549826,3.928096346619792,2.102322883433965,-1.5527651304181873,,-2.6376720772549826,0.155933180396571,339.4569299552906,-1.4223174143271056,-0.8871459117978118,0.0,0.0,0.0,0.0035383763545758957,3.7633141716946175,-0.2111213647269755,-5.318132150361896,1.0,0.1755107943394278,0.20779241192357298,-0.924596506185139,-2.6263084817942395,0.0,0.17289536204937506,0.1973656455808939,-0.9875092412524236,-0.9108319711121715,-4.839946064562824,Biotechnology,Healthcare,INCY
2008Q4,2008,Q4,2009-03-03,2008-12-31,-48405000.0,938000.0,-42667000.0,-0.497277583727142,0.0,0.0,232388000.0,-220750000.0,205494000.0,50337000.0,453138000.0,0.0,-1179314000.0,368918600.0,605575600.0,-2.2678241216355044,4.082364860837952,1.7047653062980876,-1.7946409966024914,,-2.2678241216355044,0.21927519818799546,393.30341151385926,-1.9053744447887615,-1.6712054360135902,0.0,0.0,0.0,0.004036352995851765,3.9548244829846833,-0.20829388780832056,-11.324163545951256,0.0,-0.0359949660982125,0.11389762517009407,-0.9320245047691791,-2.0674421391923175,0.0,-0.08061347501897576,-0.07222375794737768,-0.5091389350540608,-0.21609235628815995,-8.777353602104055,Biotechnology,Healthcare,INCY
2008Q3,2008,Q3,2008-11-06,2008-09-30,-44794000.0,1061000.0,-39793000.0,-0.48,0.0,0.0,264718000.0,-177377000.0,257024000.0,40820000.0,442095000.0,0.0,-1130909000.0,706745250.0,935114250.0,-1.9199761866103804,6.296521313081823,1.487250583639949,-2.219577510049217,,-1.9199761866103804,0.252535559852743,666.1123939679547,-3.944419174443006,-3.984424418047436,0.0,0.0,0.0,0.004008038743115315,6.142577168054875,-0.16921403153544526,-18.172930059141166,0.0,0.1111111111111112,0.18627865888658193,-0.9374283249165847,-1.714160106307012,0.0,0.016877729736847882,0.022357074417119132,-0.3387719515017615,-0.21989241312246818,-46.562700890446166,Biotechnology,Healthcare,INCY
2008Q2,2008,Q2,2008-07-29,2008-06-30,-45563000.0,614000.0,-40703000.0,-0.54,0.0,0.0,204735000.0,-237195000.0,194055000.0,41651000.0,441930000.0,0.0,-1086115000.0,645868310.0,953744310.0,-2.794770887582331,4.659071811000937,1.911148557891909,-1.649608971521322,,-2.794770887582331,0.19209089567655305,1051.9027850162865,-3.5438201501218094,-2.7229423470140603,0.0,0.0,0.0,0.002998998705643881,4.485078389474443,-0.22254621828216964,-19.82042318787209,0.0,-0.1489361702127661,-0.43482653687540407,-0.952870151027962,-1.8465345428922448,0.0,-0.13462161018004332,-0.1267266435986159,-0.7785332723231614,-0.7747921187838418,-7.897952630981924,Biotechnology,Healthcare,INCY
2008Q1,2008,Q1,2008-04-30,2008-03-31,-40157000.0,1307000.0,-36125000.0,-0.47,0.0,0.0,237011000.0,-197048000.0,227595000.0,34304000.0,434059000.0,0.0,-1040551000.0,889167020.0,1171695020.0,-2.3291175149523653,6.634649020522388,1.6408394547088532,-1.973615565750477,-0.18829913108746985,-2.3291175149523653,0.2037929844504892,680.311415455241,-5.535566775406529,-4.51243869514027,0.0,0.0,0.0,0.005514511984675817,6.4118761660447765,-0.1694309546814283,-23.708591616894196,0.0,-0.8239044080546761,0.41300832413017524,-0.9148012291697011,-1.6086023616107932,0.0,-0.8419797257006559,-0.3167486786950975,-0.9581668283659034,-0.5598600335592145,-4.230956111767204,Biotechnology,Healthcare,INCY
2007Q4,2007,Q4,2008-03-06,2007-12-31,-21801000.0,9752000.0,-27435000.0,-0.2576889435237938,0.0,0.0,275695000.0,-159517000.0,264412000.0,36595000.0,435212000.0,0.0,-1000394000.0,850250100.0000001,1275528100.0,-1.885499160776341,7.225358655554038,1.4021146556883513,-2.4232903076161163,,-1.885499160776341,0.13666881899734826,87.1872538966366,-9.750127287739094,-5.330153525956482,0.0,0.0,0.0,0.03537242242333013,7.049624265610056,-0.07907651571482979,-30.112271568210797,0.0,0.11141743612484895,0.7366068651405732,-0.6240031647088363,-1.430121507573548,0.0,0.10994529272474891,-0.28350877192982454,0.4297071611494018,10.099797549033664,-2.9943301425591184,Biotechnology,Healthcare,INCY
2007Q3,2007,Q3,2007-11-01,2007-09-30,-24494000.0,6690000.0,-21375000.0,-0.29,0.0,0.0,282683000.0,-141473000.0,270854000.0,33214000.0,424156000.0,0.0,-978593000.0,604649340.0,1055838340.0,-1.6799425266882786,8.154814234961162,1.3354287311228479,-2.6683748842535326,,-1.6799425266882786,0.17313550995596333,90.38106726457399,-6.171402588388993,-4.273955737137121,0.0,0.0,0.0,0.02366608533233339,8.015294755223701,-0.08664829508672259,-25.043461729622265,0.0,-0.31818181818181807,0.487055765063188,-0.7596533475880063,-1.3071655485498999,0.0,-0.32838006399479364,-0.3205041082350034,0.1789898529002808,0.7167353301834956,-5.004500191299241,Biotechnology,Healthcare,INCY
2007Q2,2007,Q2,2007-07-31,2007-06-30,-18439000.0,10576000.0,-16187000.0,-0.22,0.0,0.0,308798000.0,-119635000.0,288312000.0,38192000.0,428433000.0,0.0,-954099000.0,504816000.0,1093747000.0,-1.4219240277645717,7.549015500628403,1.2154644783968809,-3.1373176745935556,,-1.4219240277645717,0.15412713670748526,47.732223903177,-6.844405878843755,-4.219634722280269,0.0,0.0,0.0,0.034248926482684475,7.402990155006284,-0.059712174301647034,-31.630075187969926,0.0,0.15384615384615388,0.15740531276627576,-0.7082730994382798,-1.2372030623749424,0.0,0.16742673951325235,0.20194251343489622,0.7486964368635267,0.7755696572795611,-2.970274688798496,Biotechnology,Healthcare,INCY
2007Q1,2007,Q1,2007-05-03,2007-03-31,-22147000.0,7422000.0,-20283000.0,-0.26,0.0,0.0,324933000.0,-104477000.0,300422000.0,39650000.0,429410000.0,0.0,-935660000.0,553461150.0,1179842150.0,-1.2439959516580341,7.576847414880202,1.1485413916099627,-3.5720684935440334,-0.07547949181682184,-1.2439959516580341,0.21197967016663954,74.57035165723525,-6.247586016164717,-5.297444892177226,0.0,0.0,0.0,0.022841631967205546,7.445598991172762,-0.06815866655587459,-21.698402399341358,0.0,-0.0650197532068478,-0.3118191057292733,-0.7963408295061207,-1.1973810491697245,0.0,-0.08018338779690777,-0.03701620737256506,0.49208289539844546,-0.033327164736942964,-1.7670101165891001,Biotechnology,Healthcare,INCY
