Quarters,Year,Quarter,FillingDate,Date,NetIncome,Revenue,OperatingIncome,EPSDiluted,GrossProfit,GrossProfitRatio,TotalAssets,CommonStockEquity,CurrentAssets,CurrentLiability,TotalLiability,Inventory,RetainedEarnings,MarketCap,EnterpriseValue,bookValuePerShare,currentRatio,debtToAssets,debtToEquity,roic,shareholdersEquityPerShare,roe,priceToSalesRatio,peRatio,pbRatio,payoutRatio,inventoryTurnover,dividendYield,assetTurnover,quickRatio,returnOnAssets,priceToFreeCashFlowsRatio,grossProfitMargin,epsdilutedGrowth,fiveYNetIncomeGrowthPerShare,fiveYRevenueGrowthPerShare,fiveYShareholdersEquityGrowthPerShare,grossProfitGrowth,netIncomeGrowth,operatingIncomeGrowth,threeYNetIncomeGrowthPerShare,threeYRevenueGrowthPerShare,threeYShareholdersEquityGrowthPerShare,Industry,Sector,Symbol
2023Q1,2023,Q1,2023-03-31,2023-03-31,-248000.0,177980000.0,-1379000.0,-0.0056,69728000.0,0.3917743567,847270000.0,468044000.0,211495000.0,146618000.0,379226000.0,0.0,-827869000.0,1175056400.0,1227737400.0,10.483682383245604,1.442490008048125,0.23326212423430548,0.42225944569313995,-0.0006698692296729309,10.483682383245604,-0.0005298647135739375,6.602182267670525,-1184.5326612903225,2.510568237174283,0.0,0.0,0.0,0.2100629079278152,1.3077589381931278,-0.00029270480484379244,-755.6632797427653,0.39177435666928867,0.8318318318318318,-1.0057145804180365,-0.09723897240988649,-0.17562699250775415,0.0117677786322678,0.8449030644152595,-1.226028519914768,0.9991579053865948,-0.2759181377309991,0.537221054168736,Asset Management,Financial Services,AVTA
2022Q4,2022,Q4,2023-02-28,2022-12-31,-1599000.0,172392000.0,6101000.0,-0.0333,68917000.0,0.3997691308,963515000.0,743198000.0,323751000.0,142294000.0,220317000.0,0.0,-829542000.0,1226308068.034,997851068.0339999,15.472332098097182,2.275225940658074,0.0368141648028313,0.04772752348633877,-0.0019809194279829427,15.472332098097182,-0.002151512786632903,7.113485939219917,-191.73046717229516,1.6500422068331722,0.0,0.0,0.0,0.1789198922694509,2.169620644580938,-0.0016595486318324052,26.109437660407085,0.3997691308181354,0.927608695652174,-1.1531628260959792,0.6956852808690721,0.32123856913285836,0.10238978821421717,0.9267890664346871,1.4552305626025965,-1.0916156118698008,0.14544682174237647,0.14660892974702452,Asset Management,Financial Services,AVTA
2022Q3,2022,Q3,2022-09-30,2022-09-30,-21841000.0,171696000.0,-13402000.0,-0.46,62516000.0,0.3641086572,1025589000.0,371590000.0,156943000.0,62575000.0,653999000.0,10640000.0,-1197585000.0,925360980.0,1391638980.0,7.766213137709784,2.5080783060327607,0.5434750177702764,1.499991926585753,-0.01286748056823184,7.766213137709784,-0.05877714685540515,5.389531381045569,-10.59201707797262,2.490274173147824,0.0,10.261278195488721,0.0,0.1674120919783656,2.2843467838593687,-0.021296055242402172,-31.78733056233039,0.3641086571614947,-1.567901234567901,-0.24012046076304058,0.8090828504279389,-0.33189329984927085,-0.541557279673819,-1.5539885859226379,-1.2638968199271439,0.6440152749120802,0.1715835394052099,-0.40482920019050855,Asset Management,Financial Services,AVTA
2022Q2,2022,Q2,2022-06-30,2022-06-30,39425000.0,256883000.0,50785000.0,0.81,136366000.0,0.5308486743,1099087000.0,389453000.0,230559000.0,88648000.0,709634000.0,12260000.0,-1175744000.0,878363672.418,1299174672.418,8.184880837291413,2.600837018319646,0.5387271435291292,1.5203580406364825,0.04607810226741437,8.184880837291413,0.10123172757688348,3.4193141329632555,5.56983939389981,2.2553778566810374,0.0,9.830097879282219,0.0,0.23372399091245735,2.401204764912914,0.035870681756767206,28.09774711039314,0.5308486742991946,0.1571428571428573,9.944943343887646,0.6931543754104605,-0.32388952854327474,-0.23498622744077238,0.13879260543038707,0.12747818750971293,0.2962752367327088,0.3530297158832805,-0.43647354479847117,Asset Management,Financial Services,AVTA
2022Q1,2022,Q1,2022-03-31,2022-03-31,34620000.0,307553000.0,45043000.0,0.7,178253000.0,0.579584657,1083959000.0,348873000.0,215425000.0,115737000.0,735086000.0,16213000.0,-1215169000.0,948429101.487,1396765101.487,7.1913301589264735,1.8613321582553548,0.5466608976907799,1.6984920013873244,0.042821179724578315,7.1913301589264735,0.09923381861021059,3.0837907661021027,6.8488525526213175,2.7185511675796064,0.0,7.975081724542034,0.0,0.2837312112358493,1.673881299843611,0.0319384773778344,22.25732426281329,0.5795846569534356,2.4285714285714284,-0.016621509138218502,0.46501674649871966,-0.4003905164642974,2.3019598399525787,2.461129399848063,2.903037728674638,-0.44718023724787004,0.3523681872868858,-0.4819409370250893,Asset Management,Financial Services,AVTA
2021Q4,2021,Q4,2021-12-31,2021-12-31,-23694000.0,178331000.0,-23669000.0,-0.49,53984000.0,0.3027179795,1071943000.0,341622000.0,200279000.0,111722000.0,730321000.0,13138000.0,-1249789000.0,845804880.0,1304089880.0,6.995576852193144,1.792654982903994,0.5533027409106641,1.7361557510933137,-0.016087246606447385,6.995576852193144,-0.06935735988900012,4.742893159349748,-8.924251709293491,2.475850150165973,0.0,9.464682600091338,0.0,0.16636239053755658,1.6272802133867994,-0.02210378723495559,-18.30271098415996,0.30271797948758206,0.1403508771929824,-0.4590426645551083,0.7571251772319183,-0.29936702450320285,0.05416910759617262,0.14778980685537532,-0.31195609999445706,-0.4834597436421163,0.7311493359315299,-0.44732645913976365,Asset Management,Financial Services,AVTA
2021Q3,2021,Q3,2021-09-30,2021-09-30,-27803000.0,174174000.0,-18041000.0,-0.57,51210000.0,0.2940163285,1103481000.0,359135000.0,239938000.0,114292000.0,744346000.0,0.0,-1226095000.0,759342130.0,1167642130.0,7.37337549017595,2.0993420361880095,0.5375951194447389,1.6518189538752837,-0.017715166978436014,7.37337549017595,-0.0774165703704735,4.359675554330726,-6.827879455454448,2.1143640413771982,0.0,0.0,0.0,0.15784050654247786,1.9973663948482834,-0.025195721539383098,-24.526554586563307,0.2940163284990871,-1.890625,-0.7704224343428082,0.7886859458492071,-0.3200728928063351,-0.6233811124267318,-1.8796190837762592,-1.303940563033846,-0.9826041104105251,0.7887081364565732,-0.43593562232974187,Asset Management,Financial Services,AVTA
2021Q2,2021,Q2,2021-06-30,2021-06-30,31608000.0,254312000.0,59357000.0,0.64,135973000.0,0.5346700116,1156889000.0,382507000.0,293463000.0,120333000.0,774382000.0,0.0,-1198292000.0,839673431.4920001,1200413431.492,7.885441576647151,2.4387574480815735,0.512710381030505,1.5506879612660682,0.05505350025075361,7.885441576647151,0.08263378186542991,3.301745224338608,6.641304665685903,2.1951844841846033,0.0,0.0,0.0,0.21982402806146484,2.3177349521743826,0.027321549431276466,21.751507175400878,0.5346700116392463,0.14285714285714277,3.779390219381052,0.8073170184875449,-0.3612319475655643,-0.17181542434615243,0.14331187151848368,0.594375352547745,-0.11923899146229815,0.568373807432905,-0.41555445855709483,Asset Management,Financial Services,AVTA
2021Q1,2021,Q1,2021-03-31,2021-03-31,27646000.0,278383000.0,37229000.0,0.56,164182000.0,0.5897702087,1119117000.0,344654000.0,256614000.0,123909000.0,774463000.0,0.0,-1229900000.0,803062991.739,1204779991.7389998,7.141459978036095,2.0709875795947026,0.5303466929731208,1.7220748925008849,0.03588976684119504,7.141459978036095,0.08021377961665903,2.8847414954900263,7.262017938752441,2.3300556260452514,0.0,0.0,0.0,0.24875236458743813,1.9559354042079269,0.0247034045591301,17.796804178242176,0.5897702086693513,1.5333333333333334,0.04047909328762555,0.4326660578667496,-0.423264230513564,2.3535275133788143,1.5452859960552268,4.270004391743522,-0.4106931594875688,0.3062335110021305,-0.43843903079439545,Asset Management,Financial Services,AVTA
2020Q4,2020,Q4,2020-12-31,2020-12-31,-50700000.0,155157000.0,-11385000.0,-1.05,48958000.0,0.3155384546,1064192000.0,312290000.0,200668000.0,101116000.0,751902000.0,0.0,-1257546000.0,765382370.0,1208302370.0,6.491570873261687,1.98453261600538,0.5572725598388261,1.8990201415351116,-0.01934548767425262,6.491570873261687,-0.16234909859425534,4.932954169003009,-3.7740748027613416,2.450870569022383,0.0,0.0,0.0,0.14579793871782534,1.8761620317259384,-0.0476417789271109,-458.5873996405033,0.31553845459760116,-0.9090909090909091,-0.4656823442221761,45.13173929363612,-0.4245570194612172,-0.36035223872796873,-0.934671449286423,-2.7496542185338866,-5.84901297022468,0.5238421952997382,-0.4456612126967196,Asset Management,Financial Services,AVTA
2020Q3,2020,Q3,2020-09-30,2020-09-30,-26206000.0,175353000.0,6507000.0,-0.55,76539000.0,0.4364852612,1063751000.0,359144000.0,201455000.0,73787000.0,704607000.0,0.0,-1206846000.0,452527380.0,894085380.0,7.4760923416390845,2.730223481101007,0.5572018263672608,1.6503797919497472,0.01572388511775089,7.4760923416390845,-0.07296794600494509,2.5806651725376812,-4.317020720445699,1.2600165393268439,0.0,0.0,0.0,0.1648440283487395,2.599699133993793,-0.024635464502501054,-52.02062076100701,0.43648526115891945,-1.5339805825242718,-1.1052533634629387,0.7630905321362793,-0.4285570640529947,0.03152291105121294,-1.5278678618189143,4.0125,-0.4820158391222867,0.8402305400542068,-0.35685162178441376,Asset Management,Financial Services,AVTA
2020Q2,2020,Q2,2020-06-30,2020-06-30,49645000.0,161122000.0,-2160000.0,1.03,74200000.0,0.4605205993,882480000.0,380861000.0,138798000.0,70157000.0,501619000.0,0.0,-1180640000.0,547486220.0,877854220.0,7.9443691203771305,1.9783913223199396,0.47644025926933187,1.1039434334310942,0.01291849626292151,7.9443691203771305,0.13034939256054046,3.3979606757612246,2.7570058414744687,1.4374961468882348,0.0,0.0,0.0,0.18257864200888405,1.814430491611671,0.05625623243586257,-22.95828489956808,0.4605205992974268,1.156060606060606,8.967625657804085,0.15585349263072926,-0.3998366129261354,-0.5272831522950976,1.1573563998047507,-1.0640626390248242,12.678955438214434,0.054026769149392764,-0.3437569516061613,Asset Management,Financial Services,AVTA
2020Q1,2020,Q1,2020-03-31,2020-03-31,-315494000.0,263320000.0,33717000.0,-6.6,156965000.0,0.5960998025,970932000.0,326175000.0,231958000.0,170626000.0,644757000.0,0.0,-1230285000.0,576315350.0,879563350.0,6.819892529324441,1.3594528383716433,0.4855602658064622,1.4453774814133518,0.051602081579876016,6.819892529324441,-0.9672537748141335,2.1886501215251406,-0.45667694948239906,1.7668900130298153,0.0,0.0,0.0,0.27120333864781465,1.2741375874720149,-0.32493933663737523,14.721074612378349,0.5960998025216466,-19.333333333333336,-12.704479789486584,0.2907758074022826,-0.4703883032470484,2.3746479478855376,-19.20717913204063,2.8732707372631814,-10.090122530840333,0.27230566105480153,-0.4313607987805592,Asset Management,Financial Services,AVTA
2019Q4,2019,Q4,2019-12-31,2019-12-31,17328000.0,149421000.0,-17999000.0,0.36,46513000.0,0.3112882393,1137572000.0,643515000.0,139143000.0,93532000.0,494057000.0,0.0,-914791000.0,1246590412.3109999,1567671412.3109999,13.493992325274172,1.4876512851216697,0.35329719789164993,0.6245402205076804,0.009461805227491167,13.493992325274172,0.026927111256147874,8.342805979822112,17.985203317044668,1.9371582827300062,0.0,0.0,0.0,0.1313508068060747,1.2954283026130093,0.015232442430017616,-176.64594194572763,0.31128823927024984,1.28125,1.2180136077499006,0.18301024208856498,0.1498873059186717,0.02557713932926157,1.2777546244349693,-0.24543315804040963,2.0926526661472464,0.5076189180903131,0.3514733943954617,Asset Management,Financial Services,AVTA
2019Q3,2019,Q3,2019-09-30,2019-09-30,-62386000.0,149016000.0,-14452000.0,-1.28,45353000.0,0.3043498685,1154628000.0,634846000.0,152759000.0,83117000.0,519782000.0,0.0,-932505000.0,1052829231.3479999,1348406231.348,13.048713310860807,1.8378791342324674,0.34040660714966203,0.6191155020272633,-0.011623945050481815,13.048713310860807,-0.09826950157991071,7.0652093154292155,-4.219012404016927,1.6584009844088172,0.0,0.0,0.0,0.12905974911400037,1.713452121707954,-0.05403125508821889,-233.2364269712007,0.30434986847049983,-3.064516129032258,-22.510951995007936,0.09427417881125437,-0.03841225868243025,-0.5172388099419873,-3.010117283155046,-1.5155904388155548,-2.977068473433518,0.5320549888072158,0.20327167738494517,Asset Management,Financial Services,AVTA
2019Q2,2019,Q2,2019-06-30,2019-06-30,31036000.0,193740000.0,28030000.0,0.62,93945000.0,0.4849024466,1235638000.0,705232000.0,168664000.0,82429000.0,530406000.0,0.0,-870119000.0,1465389900.0,1752360900.0,14.52439501596128,2.0461730701573475,0.32094917767177766,0.562335515121265,0.0340255561905574,14.52439501596128,0.044008212900152006,7.563693093837101,11.80395266786957,2.077883448283685,0.0,0.0,0.0,0.15679349453480712,1.9158669885598516,0.025117388749779465,58.8959406776255,0.4849024465778879,-0.504,2.041231453961693,0.17164811216424006,0.06606193333882522,-0.3825460568258746,-0.5007881614926813,-0.6002167928914752,3.6883564965501217,0.37551772347323825,0.17656309123006023,Asset Management,Financial Services,AVTA
2019Q1,2019,Q1,2019-03-31,2019-03-31,62170000.0,225768000.0,70113000.0,1.25,152149000.0,0.6739174728,1072717000.0,668537000.0,208074000.0,85477000.0,404180000.0,0.0,-901155000.0,1657701523.678,1777120523.678,13.881293993064928,2.434268867648607,0.25093384368850313,0.4026418881827034,0.06962650482203578,13.881293993064928,0.09299410503831501,7.342499927704546,6.666002588378639,2.4795957795574517,0.0,0.0,0.0,0.21046371037281966,2.2895866724381997,0.05795563974468569,24.02709729505892,0.6739174728039403,4.787878787878788,1.0943556319913337,-0.08574666242581179,0.03404473781630801,5.027373925444678,4.959872611464968,6.194709935541232,1.3446754843386821,0.16430152835609146,0.12103670638498103,Asset Management,Financial Services,AVTA
2018Q4,2018,Q4,2018-12-31,2018-12-31,-15700000.0,101258000.0,-13497000.0,-0.33,25243000.0,0.249293883,997725000.0,607595000.0,131068000.0,48280000.0,390130000.0,0.0,-961689000.0,1278773231.998,1454639231.998,12.657701762426566,2.7147473073736537,0.260983738003959,0.4285584970251566,-0.013997590955085553,12.657701762426566,-0.02583958064171035,12.628861245511464,-20.362631082770697,2.104647391762605,0.0,0.0,0.0,0.1014888872184219,2.536681855840928,-0.0157357989425944,-549.3012164939862,0.24929388295245808,-0.13793103448275876,-10.988517968129928,-0.47602751572534924,0.023459901291696953,0.07733344714267423,-0.14289874062750238,-0.2623456790123457,0.5451371255422334,29.17218364883429,0.12203744997118265,Asset Management,Financial Services,AVTA
2018Q3,2018,Q3,2018-09-30,2018-09-30,-13737000.0,95385000.0,-10692000.0,-0.29,23431000.0,0.2456465901,995710000.0,623685000.0,117606000.0,39814000.0,372025000.0,0.0,-945708000.0,1828801055.424,2000735055.424,13.071868712273641,2.953885567890692,0.2613291018469233,0.4172106111258087,-0.011416656754452957,13.071868712273641,-0.022025541739820582,19.172836980908947,-33.282395272330206,2.9322511450876645,0.0,0.0,0.0,0.09579596468851373,2.8059978901893805,-0.013796185636380071,-492.6726981206897,0.2456465901347172,-1.4084507042253522,-0.8253126225335348,-0.3382069554151068,0.11054421659746697,-0.7213315572893129,-1.393215972520395,-1.275403755505757,-0.11112231062370835,-0.03437648425080634,-0.0008380456122432234,Asset Management,Financial Services,AVTA
2018Q2,2018,Q2,2018-06-30,2018-06-30,34935000.0,157848000.0,38823000.0,0.71,84082000.0,0.5326770057,1006099000.0,637114000.0,121164000.0,40472000.0,368985000.0,0.0,-932050000.0,1747177000.0,1917366000.0,13.492175091590607,2.993773473018383,0.25845269700099094,0.4081357496460602,0.042185707166446915,13.492175091590607,0.05483320096560427,11.068730677613907,12.503055674824674,2.742330258007201,0.0,0.0,0.0,0.1568911210526996,2.799293338604467,0.03472322306254156,36.82531352091896,0.5326770057270286,-0.2365591397849463,2.6128451149281036,0.1710080086017562,0.12865771961100833,-0.35414938396780044,-0.22945432087873308,-0.2637956536579816,6.121129124562521,0.14963224893821286,0.019276594436267447,Asset Management,Financial Services,AVTA
2018Q1,2018,Q1,2018-03-31,2018-03-31,45338000.0,205965000.0,52734000.0,0.93,130188000.0,0.6320879761,1010072000.0,593141000.0,116264000.0,49601000.0,416931000.0,0.0,-966985000.0,1142704500.0,1364675500.0,12.717158723011943,2.343985000302413,0.29609572386918953,0.5042274939685505,0.056662067618639254,12.717158723011943,0.07643713720683615,5.54805185347025,6.301030592439013,1.9265309597549316,0.0,0.0,0.0,0.2039112063298458,2.1656014999697586,0.044885909123310024,20.221279419571758,0.6320879761124463,3.4285714285714293,0.6845170208624185,0.09267998551474925,0.10448650261677908,4.588907014681892,3.5121417197452227,4.727838258164852,0.7247599407874703,0.03529873558074436,-0.012424905493617739,Asset Management,Financial Services,AVTA
2017Q4,2017,Q4,2017-12-31,2017-12-31,10048000.0,97849000.0,-14146000.0,0.21,23294000.0,0.2380606853,1001671000.0,541387000.0,99397000.0,51756000.0,460284000.0,0.0,-1014174000.0,1051755250.0,1329871250.0,11.71047565486362,1.92049231007033,0.33751700907783094,0.6244719581371552,0.009622738780369863,11.71047565486362,0.018559736380814464,10.74875829083588,26.168273537022294,1.942705033552708,0.0,0.0,0.0,0.09768576708320396,1.7517002859571837,0.01003123780163347,-138.13439059627004,0.23806068534169997,1.5675675675675675,1.3207375753967585,-0.11428256007841314,0.14973785410093193,0.13160068010687392,1.6004900496025818,-0.2607843137254902,1.130406643563978,-0.20086861802885772,-0.002094637583564624,Asset Management,Financial Services,AVTA
2017Q3,2017,Q3,2017-09-30,2017-09-30,-16733000.0,90171000.0,-11220000.0,-0.37,20585000.0,0.2282884741,1005669000.0,528425000.0,107624000.0,48171000.0,477244000.0,0.0,-1024222000.0,1150112654.541,1418346654.541,11.62421082733892,2.234207303149198,0.34483711837592684,0.6562747788238633,-0.012948129998029127,11.62421082733892,-0.031665799309268106,12.754795383671024,-17.183300282988704,2.1764917529280408,0.0,0.0,0.0,0.0896627021415595,2.128542068879616,-0.016638675349444004,-302.3429691222397,0.22828847412139158,-6.285714285714286,-5.218386588939972,-0.13474418580953448,0.15913917748205453,-0.7119044953255332,-6.064467312348668,-1.374062343723954,-5.748973222608099,-0.29133504571769414,-0.14338690966897386,Asset Management,Financial Services,AVTA
2017Q2,2017,Q2,2017-06-30,2017-06-30,3304000.0,139162000.0,29995000.0,0.07,71452000.0,0.5134447622,1015166000.0,528347000.0,109401000.0,48681000.0,486819000.0,0.0,-1007325000.0,925252843.644,1203348843.644,12.105833562459903,2.2473038762556232,0.35108346812245483,0.6745718249559475,0.02035877507492471,12.105833562459903,0.006253465998671328,6.648746379356434,70.01005172851089,1.7512219121978547,0.0,0.0,0.0,0.13708299923362288,2.086255417924858,0.0032546401278214596,33.65779714965442,0.5134447622195715,-0.8955223880597015,-0.6868510683346438,0.2679313751954078,0.20769928028996834,-0.3751300864911191,-0.8919696573371697,-0.31657135045227736,-0.6398087318428405,-0.06371519612176194,-0.1114557048268284,Asset Management,Financial Services,AVTA
2017Q1,2017,Q1,2017-03-31,2017-03-31,30584000.0,182375000.0,43889000.0,0.67,114347000.0,0.6269883482,1027183000.0,505460000.0,112671000.0,59494000.0,521723000.0,0.0,-1010628000.0,729108457.855,1034673457.855,11.993356270020168,1.8938212256698155,0.3701132125434319,0.7521346891940015,0.044524234026250706,11.993356270020168,0.06050726071301389,3.9978530931048666,5.959884726123136,1.442465195772168,0.0,0.0,0.0,0.17754869385494113,1.7480586277607826,0.029774636067769814,14.093137293031797,0.6269883481836874,3.0303030303030303,1.5253282802641877,0.4845809561359368,0.24921680492517276,4.510698795180723,3.20203038375693,5.2590004852013585,0.17737086417397624,-0.15604573680737052,-0.1065914354982733,Asset Management,Financial Services,AVTA
2016Q4,2016,Q4,2016-12-31,2016-12-31,-13889000.0,86801000.0,-10305000.0,-0.33,20750000.0,0.2390525455,1022659000.0,417019000.0,97847000.0,54367000.0,605640000.0,0.0,-1092756000.0,616048500.0,979292500.0,9.984652588229661,1.7997498482535361,0.4057628202558233,0.995055381169683,-0.007146245961697078,9.984652588229661,-0.0333054369225383,7.097251183742123,-11.088784289725682,1.4772672228363695,0.0,0.0,0.0,0.08487775495057492,1.640167748818217,-0.013581262180257543,194.52115566782444,0.23905254547758667,-0.03125000000000003,-1.573496757150556,0.23072584618101702,0.1091777792497534,0.1125408825264061,-0.034639451728247915,0.019318614389036926,-11.189145817112744,-0.4837734784340107,-0.1926740142736318,Asset Management,Financial Services,AVTA
2016Q3,2016,Q3,2016-09-30,2016-09-30,-13424000.0,83237000.0,-10508000.0,-0.32,18651000.0,0.2240710261,1114288000.0,451505000.0,179975000.0,82546000.0,662783000.0,0.0,-1073495000.0,466312000.0,845172000.0,10.844361714903327,2.180299469386766,0.4038677612968999,0.9967220739526694,-0.007124751352316188,10.844361714903327,-0.02973167517524723,5.602220166512488,-8.684296781883194,1.0327947641775839,0.0,0.0,0.0,0.07469971856467987,1.2702493155331573,-0.012047154775067128,111.69149700598803,0.22407102610617874,-3.4615384615384617,-6.9928359857105855,0.3705926535629831,0.27026630369008947,-0.6822495187147555,-3.3780336581045174,-1.4700724702514092,-1.0440727806087415,-0.33819874514787457,-0.0786976636424489,Asset Management,Financial Services,AVTA
2016Q2,2016,Q2,2016-06-30,2016-06-30,5645000.0,120108000.0,22354000.0,0.13,58697000.0,0.488701835,1215885000.0,511135000.0,272791000.0,98127000.0,704750000.0,0.0,-1019376000.0,428955800.0,846026800.0,12.344765124984905,2.779979006797314,0.4041040065466718,0.9612802879865397,0.011005095532015964,12.344765124984905,0.01104404902814325,3.5714173910147533,18.997156775907882,0.8392221233138016,0.0,0.0,0.0,0.09878236839832714,1.103906162422167,0.004642708808810044,29.268272379912663,0.488701835015153,-0.7592592592592593,0.16350580390576872,0.9994488585843594,0.42676714643107355,-0.4205970031390046,-0.7509595447125778,-0.43330122192364245,-0.3342135793367646,0.016190447053999798,0.0326737060937733,Asset Management,Financial Services,AVTA
2016Q1,2016,Q1,2016-03-31,2016-03-31,22667000.0,165765000.0,39446000.0,0.54,101306000.0,0.6111422797,1269736000.0,509802000.0,318041000.0,127221000.0,759934000.0,0.0,-1004931000.0,212442360.0,653359360.0,12.382550824609556,2.4999096061184867,0.40076992382668525,0.9981757623547965,0.024603804658533342,12.382550824609556,0.044462359896587304,1.2815875486381323,2.3430798076498873,0.41671543069662337,0.0,0.0,0.0,0.1305507601580171,0.8627506465127612,0.01785174240944574,3.5733425284262936,0.6111422797333574,1.75,8.37082271308384,1.3740467854193992,0.41220958112747996,1.9882933681930814,1.7692594855087218,1.9385647663462453,-0.04592277753780101,-0.003748845696853338,0.07542577329005774,Asset Management,Financial Services,AVTA
2015Q4,2015,Q4,2015-12-31,2015-12-31,-29466000.0,2865000.0,-42028000.0,-0.72,-102506000.0,0.3929314806,1299548000.0,462284000.0,340675000.0,166104000.0,837264000.0,0.0,-1027598000.0,401594200.0,917520200.0,11.280997584128457,2.050974088522853,0.4396905693364154,1.2360345588426163,-0.027866657836731448,11.280997584128457,-0.06374003859099601,140.17249563699826,-3.4072676983642163,0.8687174983343572,0.0,0.0,0.0,0.00220461268071668,0.6947033184029283,-0.022674037434554168,361.14586330935253,-35.77870855148342,-1.769230769230769,-3.2261989586426862,-0.9607630433419126,0.3025665852752427,-4.6917813152776775,-1.7769296013570823,-2.0762699458351634,-8.677848237681184,-0.9707426247366406,0.10757157409800362,Asset Management,Financial Services,AVTA
2015Q3,2015,Q3,2015-09-30,2015-09-30,-10611000.0,84781000.0,-13662000.0,-0.26,27766000.0,0.3275026244,836474000.0,535742000.0,361171000.0,59051000.0,300732000.0,33673000.0,-970784000.0,563881500.0,722293500.0,13.082832722832723,6.116255440212697,0.26067755841783485,0.4070056109097289,-0.01135488091886233,13.082832722832723,-0.019806175360528016,6.651036199148394,-13.28530534351145,1.0525243494069907,0.0,1.6931963294033796,0.0,0.10135521247522337,5.363668693163537,-0.012685391297278815,-118.4625,0.3275026244087708,-3.5999999999999996,-90.37567550096962,0.20661351452511115,0.611844569454152,-0.5589197776012709,-3.496118560338744,-2.122043363994744,-3.377500389518738,-0.0968868896916706,0.3045895490654351,Asset Management,Financial Services,AVTA
2015Q2,2015,Q2,2015-06-30,2015-06-30,4251000.0,118976000.0,12176000.0,0.1,62950000.0,0.5290983055,849729000.0,541632000.0,371584000.0,61739000.0,308097000.0,34434000.0,-960173000.0,660825700.0,818402700.0,13.237010606579013,6.018626799915775,0.2554638008117882,0.4007794960415928,0.00897770248138168,13.237010606579013,0.007848502304147466,5.55427733324368,38.862955775111736,1.220063991787782,0.0,1.6270546552825695,0.0,0.14001640523037345,5.257956883007499,0.00500277147184573,122.42047054464616,0.5290983055406132,-0.8181818181818182,4.543577179842029,0.7499759990392804,0.6360242211014531,-0.4563199032689899,-0.815974025974026,-0.6854315756839848,-0.5702536964336047,0.1562309751373693,0.32054749474911265,Asset Management,Financial Services,AVTA
2015Q1,2015,Q1,2015-03-31,2015-03-31,23100000.0,174826000.0,38707000.0,0.55,115785000.0,0.662287074,877106000.0,527796000.0,390277000.0,75527000.0,349310000.0,34015000.0,-964424000.0,559882420.0,739085420.0,12.877156171469002,5.16738384948429,0.2748322323641612,0.4567238099568773,0.033244971012227884,12.877156171469002,0.043766909942477776,3.202512326541819,6.05933354978355,1.0607932231392432,0.0,1.7357342348963694,0.0,0.1993214047104911,4.572748818303388,0.026336611538400147,21.134816352723565,0.6622870740050107,1.3293413173652693,11.945855699728373,1.4489132766418567,0.6028428564616104,1.9944138412599892,1.3395411050519601,6.6796771826852535,0.9612613213974123,0.46333758655365564,0.341272578490485,Asset Management,Financial Services,AVTA
2014Q4,2014,Q4,2014-12-31,2014-12-31,-68033000.0,108113000.0,-6815000.0,-1.67,38667000.0,0.3576535662,872714000.0,479025000.0,378304000.0,75058000.0,393689000.0,29246000.0,-987524000.0,565357000.0,797839000.0,11.735056344928957,5.040155612992619,0.319607569031779,0.5822785867125932,-0.008348458757228875,11.735056344928957,-0.14202390271906476,5.229315623468038,-2.077510178883777,1.1802244141746254,0.0,2.374546946590987,0.0,0.12388136319573194,4.47095579418583,-0.07795566474240129,156.60858725761773,0.35765356617613053,-29.642201834862384,-8.530962843090958,0.3150365416897454,0.46703405976611106,-0.020989467287826614,-29.399016979445936,-3.3685897435897436,-3.874282789935808,0.5684273074503967,0.3036271037996015,Asset Management,Financial Services,AVTA
2014Q3,2014,Q3,2014-09-30,2014-09-30,-2238000.0,114855000.0,-1560000.0,-0.0545,39496000.0,0.3438770624,919074000.0,556830000.0,353069000.0,76447000.0,362244000.0,27759000.0,-919491000.0,625358160.0,812596160.0,13.569966369352244,4.618480777532146,0.26921880066240583,0.4443582421924106,-0.0009578493962646129,13.569966369352244,-0.0040191800010775285,5.444762178398851,-69.85680965147453,1.1230683691611445,0.0,2.71475917720379,0.0,0.12496817448867012,4.138069512211074,-0.0024350596361119997,43.06874380165289,0.34387706238300464,-1.2725,-2.0551152487330073,0.8041003214488086,0.7668031965507656,-0.36500586826154763,-1.2561519972530617,-1.087768650838303,-2.0137368776172093,0.9189188168497173,0.5895330194958887,Asset Management,Financial Services,AVTA
2014Q2,2014,Q2,2014-06-30,2014-06-30,8737000.0,141569000.0,17774000.0,0.2,62199000.0,0.439354661,931717000.0,566364000.0,357435000.0,80763000.0,365353000.0,30564000.0,-917253000.0,784425941.5699999,963162941.5699999,13.624344479191725,4.425727127521266,0.26671296112446163,0.4387655288824855,0.01356392947040351,13.624344479191725,0.015426474846565107,5.540944285613375,22.445517384971957,1.3850208374296387,0.0,2.5968459625703444,0.0,0.15194420623429647,3.9401087131483474,0.009377310921663981,111.37667777509583,0.439354660978039,-0.6551724137931034,1.5529961823388667,1.7270602043478984,0.8122972694307283,-0.4810739106131269,-0.663793435179128,-0.6016227362381209,0.7936582851691407,1.3473578061598006,0.574656698427391,Asset Management,Financial Services,AVTA
2014Q1,2014,Q1,2014-03-31,2014-03-31,25987000.0,216183000.0,44616000.0,0.58,119861000.0,0.5544423012,969388000.0,565994000.0,427875000.0,98739000.0,403394000.0,29513000.0,-925990000.0,830169822.162,946998822.162,13.424268298467815,4.333394099595904,0.26778235340235285,0.4586356039109955,0.03463613418078708,13.424268298467815,0.04591391428177684,3.840125366758718,7.986395333839996,1.4667466831132483,0.0,3.2637142953952494,0.0,0.22300977523963572,3.929531390838473,0.026807635332807916,32.750900353558464,0.5544423011985217,22.24542124542124,5.266538155872698,3.5740097967221316,0.8057042298888455,1.1111208961533041,23.916225749559082,3.2358302477926517,9.490834482852858,2.023348329235249,0.5310157478251188,Asset Management,Financial Services,AVTA
2013Q4,2013,Q4,2013-12-31,2013-12-31,-1134000.0,167340000.0,10533000.0,-0.0273,56776000.0,0.3392852874,978030000.0,514070000.0,428678000.0,289373000.0,463960000.0,28826000.0,-951977000.0,1212064560.0,1384518560.0,12.367560025020449,1.4814028952251939,0.30947823686389986,0.5887894644698193,-0.009814998982584425,12.367560025020449,-0.0022059252630964653,7.243125134456794,-267.21,2.3577811582080264,0.0,3.8355651148268923,0.0,0.17109904604153248,1.3480110445687745,-0.0011594736357780436,43.308127344838674,0.3392852874387475,0.8293750000000001,0.8703167072641977,2.770297304315309,0.6225338827597884,0.39966472734444336,0.8250270020058633,0.8160344827586207,-1.0844654243447787,1.259402349625324,0.4280271146093033,Asset Management,Financial Services,AVTA
2013Q3,2013,Q3,2013-09-30,2013-09-30,-6481000.0,124121000.0,5800000.0,-0.16,40564000.0,0.3268101288,887494000.0,483634000.0,337726000.0,97830000.0,403860000.0,26577000.0,-950843000.0,944202240.0,1092226240.0,11.77068730529595,3.452172135336809,0.27701032345007404,0.508328612132315,0.007370855865446989,11.77068730529595,-0.013400629401572264,7.607111125434052,-36.42193488659157,1.9523074060136383,0.0,3.1439590623471423,0.0,0.13985559338992715,3.1096902790555045,-0.007302584580853504,61.347686310181274,0.32681012882590377,-1.7999999999999998,0.4506533427145285,1.6389356621682032,0.5229718087635059,-0.1406114277239889,-1.770996906971211,-0.713367926859402,-54.62310282855354,0.7605721208161896,0.4501842845297982,Asset Management,Financial Services,AVTA
2013Q2,2013,Q2,2013-06-30,2013-06-30,8406000.0,117181000.0,20235000.0,0.2,47201000.0,0.4028042089,834380000.0,490719000.0,462325000.0,66415000.0,343661000.0,0.0,-944362000.0,784876041.05,811329041.05,11.954177831912302,6.961153353911014,0.2922972746230734,0.4969993010256379,0.016453240107150033,11.954177831912302,0.017129966437003662,6.697980398272757,23.34273260320009,1.5994409041630748,0.0,0.0,0.0,0.1404408063472279,6.8529699616050594,0.010074546369759583,46.94515467731323,0.4028042088734522,-0.6226415094339622,1.5934095719563595,1.5571269147821065,0.5033413610273318,-0.4553500340399017,-0.6439342595730261,-0.4562676340185409,9.926714999909104,0.7180316689427692,0.4774729021250665,Asset Management,Financial Services,AVTA
2013Q1,2013,Q1,2013-03-31,2013-03-31,23608000.0,165338000.0,37215000.0,0.53,86663000.0,0.5241565762,833521000.0,471053000.0,455001000.0,80116000.0,362468000.0,0.0,-952768000.0,633302280.0,621605280.0,11.514091564615873,5.679277547556044,0.3034572614247272,0.536962931984299,0.03347249781877463,11.514091564615873,0.050117502701394534,3.830349224013838,6.706437224669604,1.344439542896447,0.0,0.0,0.0,0.19836092911876246,5.58139447800689,0.028323221610493318,20.96194492254733,0.524156576225671,12.250000000000002,10.67819983016386,2.286050348400755,0.484954604529558,2.6465118236135656,5.180104712041885,10.44020903781125,12.255130719115664,1.3203104774174423,0.43317974615229776,Asset Management,Financial Services,AVTA
2012Q4,2012,Q4,2012-12-31,2012-12-31,3820000.0,97470000.0,3253000.0,0.04,23766000.0,0.2438288704,585293000.0,415450000.0,212073000.0,67688000.0,169843000.0,0.0,-976376000.0,640795190.0,646385190.0,10.185344087866827,3.133095969743529,0.12620687416388032,0.17780238295823805,0.005320651329424622,10.185344087866827,0.009194848958960163,6.574281214732738,41.9368579842932,1.542412299915754,0.0,0.0,0.0,0.16653197629221603,2.9719004845762913,0.006526645628770547,72.0723416938477,0.2438288704216682,1.6756756756756759,1.070067255226448,2.617189065118284,0.2503276957688263,0.037952570205703806,2.592994161801501,-0.1329957356076759,-0.5768209221136843,0.18648106217273266,0.2732999525643512,Asset Management,Financial Services,AVTA
2012Q3,2012,Q3,2012-09-30,2012-09-30,-2398000.0,92870000.0,3752000.0,-0.0592,22897000.0,0.2465489394,590725000.0,406257000.0,191448000.0,62510000.0,184468000.0,0.0,-980196000.0,737300240.511,714730240.511,10.028313297622867,3.0626779715245562,0.12499386347285116,0.18174948370120392,0.012818533935417127,10.028313297622867,-0.005902667523267292,7.939057182200926,-76.86616352283153,1.8148616282574825,0.0,0.0,0.0,0.1572135934656566,2.9904655255159174,-0.004059418511151551,138.61632647320926,0.24654893937762465,-1.257391304347826,0.8560824171893313,0.5593155382873753,-0.29781540596099026,-0.3753546486250546,-1.2472674778304804,-0.755617794567837,-2.145143432080898,0.4776007867874105,0.30568164341724857,Asset Management,Financial Services,AVTA
2012Q2,2012,Q2,2012-06-30,2012-06-30,9698000.0,100883000.0,15353000.0,0.23,36656000.0,0.3633516053,583644000.0,402118000.0,178603000.0,54977000.0,181526000.0,0.0,-977798000.0,494229120.0,432700120.0,10.023880745837072,3.248685814067701,0.12731562390772458,0.1847890420224909,0.020355774780920398,10.023880745837072,0.024117298902312255,4.899032740897872,12.740490822850072,1.2290649013473658,0.0,0.0,0.0,0.1728502306200355,3.193208068828783,0.016616293493979205,41.15146711074105,0.3633516053249804,-0.1785714285714286,1.2803875054556504,0.16329621200461097,-0.3062562403721579,-0.3471655773032467,-0.14974574785200773,-0.22097625329815304,1.9365162691971447,1.0137564844142422,0.3333670278614025,Asset Management,Financial Services,AVTA
2012Q1,2012,Q1,2012-03-31,2012-03-31,11406000.0,115696000.0,19708000.0,0.28,56149000.0,0.4853149634,576100000.0,381071000.0,167552000.0,64841000.0,195029000.0,0.0,-987496000.0,508454520.0,490796520.0,9.600700393026303,2.584044046205333,0.1461239368165249,0.2209089644711878,0.025612557766252757,9.600700393026303,0.029931430100952314,4.394745885769603,11.144452919516045,1.3342776542953938,0.0,0.0,0.0,0.2008262454434994,2.5050045495905366,0.019798646068390904,26.966561654733493,0.48531496335223345,-0.5254237288135593,17.742069770566694,0.05841114178286397,-0.5607404064328285,1.856002034587996,-0.5013552505027542,1.9627179795550211,2.9891662224150783,1.6002321071637322,0.29139443015763855,Asset Management,Financial Services,AVTA
2011Q4,2011,Q4,2011-12-31,2011-12-31,22874000.0,66614000.0,6652000.0,0.59,19660000.0,0.2951331552,395139000.0,355105000.0,321070000.0,39197000.0,40034000.0,0.0,-998902000.0,433533520.0,351636520.0,9.001850537416345,8.191188101130189,0.0,0.0,0.06434703720827649,9.001850537416345,0.06441475056673378,6.508144233944816,4.73827839468392,1.220860083637234,0.0,0.0,0.0,0.1685837135792721,8.141235298619792,0.05788848987318387,36.0227270461155,0.29513315519260214,7.428571428571428,-0.34378487655114015,-0.4091159339018856,-0.5853841021915211,0.12330019426351274,10.023614457831325,1.0157575757575759,3.7562990470145463,0.581446809389627,0.18097728856369802,Asset Management,Financial Services,AVTA
2011Q3,2011,Q3,2011-09-30,2011-09-30,2075000.0,56257000.0,3300000.0,0.07,17502000.0,0.311107951,359517000.0,329258000.0,302987000.0,29501000.0,30259000.0,0.0,-1021776000.0,322428480.0,262623480.0,8.537077369840283,10.270397613640215,0.0,0.0,0.006182152557212037,8.537077369840283,0.006302048849230695,5.731348632170219,38.846804819277104,0.9792578464304587,0.0,0.0,0.0,0.15647938762283842,10.225856750618624,0.005771632495820782,75.8298400752587,0.3111079510105409,-0.4166666666666666,1.036055438333549,-0.5256504778051265,-0.5826946107726074,-0.053178252637273465,-0.5267958950969214,-0.4830827067669173,1.1873744837924989,0.2742304784407532,0.10458529958992456,Asset Management,Financial Services,AVTA
2011Q2,2011,Q2,2011-06-30,2011-06-30,4385000.0,54292000.0,6384000.0,0.12,18485000.0,0.3404737346,357824000.0,323785000.0,288999000.0,33282000.0,34039000.0,0.0,-1013248000.0,341288640.0,270590640.0,8.652263374485596,8.68334234721471,0.0,0.0,0.01354293744305635,8.652263374485596,0.01354293744305635,6.28616812790098,19.457733181299883,1.0540594530321046,0.0,0.0,0.0,0.15172822393131818,8.63595937744126,0.012254627973528887,50.37470701107011,0.34047373462020186,1.0,2.592241636893256,-0.5271406551376503,-0.603558806494185,-0.1260873676248109,1.053864168618267,0.9552833078101072,0.48401225883909593,0.2996221091376361,0.0880970301982985,Asset Management,Financial Services,AVTA
2011Q1,2011,Q1,2011-03-31,2011-03-31,2135000.0,61629000.0,3265000.0,0.06,21152000.0,0.3432150449,358225000.0,318628000.0,275230000.0,38572000.0,39597000.0,0.0,-1009338000.0,314695740.0,165642740.0,8.768210462588403,7.135486881675827,0.0,0.0,0.006700603838959539,8.768210462588403,0.006700603838959539,5.1062931412159855,36.84961826697892,0.9876587744956502,0.0,0.0,0.0,0.17203991904529276,7.058876905527326,0.005959941377625794,-47.43680132649985,0.343215044865242,-0.8064516129032259,-0.3922802374149251,-0.4160543990932393,-0.5960337621747126,-0.07069109441588682,-0.8158053662324217,0.11930065135413095,1.9853723941980472,0.3789666963594283,0.13082256006353676,Asset Management,Financial Services,AVTA
2010Q4,2010,Q4,2010-12-31,2010-12-31,11591000.0,63943000.0,2917000.0,0.31,22761000.0,0.3559576498,361743000.0,310794000.0,278754000.0,49994000.0,50949000.0,0.0,-1011473000.0,297853800.0,142208800.0,8.660591874268517,5.575749089890787,0.0,0.0,0.005967577121872879,8.660591874268517,0.03729479977090935,4.658114258011041,6.4242472608057986,0.9583640610822604,0.0,0.0,0.0,0.1767636139469181,5.5121814617754135,0.03204208512673362,12.142924701373884,0.35595764978183697,111.71428571428572,-0.7250257933002998,-0.33528052478432946,-0.5795327193683862,-0.010735396383866481,114.63725490196079,5.977815699658703,1.2416521443292472,2.205870979298153,0.06315287816813116,Asset Management,Financial Services,AVTA
2010Q3,2010,Q3,2010-09-30,2010-09-30,-102000.0,61717000.0,-586000.0,-0.0028,23008000.0,0.3727984186,335465000.0,291949000.0,251584000.0,42212000.0,43516000.0,0.0,-1023064000.0,311491540.0,175456540.0,8.116683811059524,5.960011371174073,0.0,0.0,-0.00034937608965949536,8.116683811059524,-0.0003493760896594953,5.047094641670853,-763.4596568627451,1.066938198109944,0.0,0.0,0.0,0.18397448318006349,5.891594807163839,-0.0003040555646639739,60.5308083948698,0.37279841858807133,-1.1400000000000001,-1.0080477493533966,-0.34112620943633076,-0.5885740051773188,-0.05324664636655419,-1.1522388059701492,-1.4324723247232471,0.9931053940629352,0.1670997289376964,-0.43166810233553093,Asset Management,Financial Services,AVTA
2010Q2,2010,Q2,2010-06-30,2010-06-30,670000.0,59402000.0,1355000.0,0.02,24302000.0,0.4091108044,335683000.0,289260000.0,250504000.0,45119000.0,46423000.0,0.0,-1022962000.0,268847520.0,213716520.0,8.090962490559704,5.552073405882223,0.0,0.0,0.002316255272073567,8.090962490559704,0.002316255272073567,4.52590013804249,100.31623880597014,0.9294320680356772,0.0,0.0,0.0,0.1769586186968062,5.479753540636982,0.001995930684604225,31.378095238095238,0.4091108043500219,-0.5,-0.9619017414558108,-0.33866473323994,-0.5992639995310847,0.3278330237132554,-0.5660621761658031,-0.39804531319413594,1.0217360541987082,-0.23139567953039783,-0.44003177217168654,Asset Management,Financial Services,AVTA
2010Q1,2010,Q1,2010-03-31,2010-03-31,1544000.0,61773000.0,2251000.0,0.04,18302000.0,0.2962783093,321476000.0,284932000.0,261564000.0,35174000.0,36544000.0,0.0,-1023632000.0,391899300.0,358986300.0,8.033948006541477,7.4362881673963726,0.0,0.0,0.005770010208480621,8.033948006541477,0.005418836775090197,6.344184352386965,63.455197538860105,1.3754134319767524,0.0,0.0,0.0,0.19215431323022558,7.363706146585546,0.004802846868817579,85.01069414316703,0.29627830929370436,-0.8181818181818181,-0.9846750826186829,-0.3384214040912795,-0.5986504747832746,-0.09319724520636179,-0.8005683285972617,-0.6388576929247554,3.536377250198939,-0.3675509783989208,-0.6324238241351057,Asset Management,Financial Services,AVTA
2009Q4,2009,Q4,2009-12-31,2009-12-31,7742000.0,70457000.0,6233000.0,0.22,20183000.0,0.2864584073,322216000.0,279835000.0,260342000.0,40867000.0,42381000.0,0.0,-1025176000.0,299804310.0,216054310.0,7.999171025926879,6.370470061418748,0.0,0.0,0.022477068408012592,7.999171025926879,0.027666303357335574,4.255138737102063,9.681100167915268,1.0713610163131846,0.0,0.0,0.0,0.2186638776472925,6.308659798859716,0.024027360528341236,23.25145881805491,0.28645840725548916,3.3999999999999995,-0.623165812834119,-0.1883341831323418,-0.5433015482480563,0.12691233947515354,3.2749861954721147,6.464670658682635,-0.7495475844028302,-0.2952601122286862,-0.6315664803750287,Asset Management,Financial Services,AVTA
2009Q3,2009,Q3,2009-09-30,2009-09-30,1811000.0,54356000.0,835000.0,0.05,17910000.0,0.329494444,305290000.0,269087000.0,233690000.0,34540000.0,36203000.0,0.0,-1032918000.0,270470200.0,177220200.0,7.6805194805194805,6.765778807180081,0.0,0.0,0.003158902785991678,7.6805194805194805,0.006730165336861313,4.975903304143057,37.33713418001104,1.0051403449442002,0.0,0.0,0.0,0.17804710275475777,6.7022872032426175,0.005932064594320155,43.79375,0.32949444403561706,-0.375,-0.8754434864754463,-0.2564341956641189,-0.5379530920467642,0.048287971905179985,-0.3722703639514731,-0.3882783882783883,1.0346414550649914,-0.4954614147108874,-0.6245644694975142,Asset Management,Financial Services,AVTA
2009Q2,2009,Q2,2009-06-30,2009-06-30,2885000.0,43763000.0,1365000.0,0.08,17085000.0,0.3903982817,296042000.0,263451000.0,223056000.0,31436000.0,32591000.0,0.0,-1034729000.0,232341720.0,168166720.0,7.517720579842484,7.095559231454383,0.0,0.0,0.0050380337340836,7.517720579842484,0.010950802995623475,5.309090327445559,20.133597920277296,0.8819162576722046,0.0,0.0,0.0,0.14782699752062206,7.013169614454765,0.00974523885124408,71.91015784586816,0.39039828165345153,1.5714285714285714,-0.8054494754592322,-0.26800800606805275,-0.527470931130544,0.049963126843657814,1.5729890764647467,2.9306930693069306,1.5238008653974213,-0.5929792556069863,-0.6555428342710186,Asset Management,Financial Services,AVTA
2009Q1,2009,Q1,2009-03-31,2009-03-31,-5035000.0,39070000.0,-707000.0,-0.14,16272000.0,0.4164832352,288868000.0,259110000.0,214673000.0,28440000.0,29758000.0,0.0,-1037614000.0,181235600.0,125839600.0,7.4343671993802545,7.548277074542898,0.0,0.0,-0.0028420261412642144,7.4343671993802545,-0.019431901509011616,4.638740721781418,-8.998788480635552,0.6994542858245533,0.0,0.0,0.0,0.13525208745863163,7.4774261603375525,-0.017430106484622735,34.429255319148936,0.416483235218838,0.33333333333333326,-1.8418748601453567,-0.2640016830787594,-0.5188806309399095,0.028896617135630732,0.30455801104972374,-1.045507209062822,-2.494299876930219,-0.6140211684437326,-0.6574861699591554,Asset Management,Financial Services,AVTA
2008Q4,2008,Q4,2008-12-31,2008-12-31,-7240000.0,36748000.0,15536000.0,-0.21,15815000.0,0.4303635572,291133000.0,262324000.0,210067000.0,27334000.0,28809000.0,0.0,-1032579000.0,259833250.0,209897250.0,7.622373964840913,7.685190605107192,0.0,0.0,0.06310304141801332,7.622373964840913,-0.027599457159848125,7.070677315772287,-8.972142610497238,0.9905050624418658,-0.020718232044198894,0.0,0.0005772933217746382,0.12622409689042466,7.620545840345358,-0.024868359134828412,-91.23358497191012,0.4303635572003919,0.27586206896551724,-1.664480331683473,-0.28823102043143584,-0.46686467337187176,-0.11972614939329845,0.2686868686868687,0.5843361207424026,-1.179096416838181,-0.6016577413072894,-0.6299376648291067,Asset Management,Financial Services,AVTA
2008Q3,2008,Q3,2008-09-30,2008-09-30,-9900000.0,39469000.0,9806000.0,-0.29,17966000.0,0.4551926829,298810000.0,266480000.0,209989000.0,30782000.0,32330000.0,0.0,-1024645000.0,374097150.0,194862150.0,7.728762435105427,6.821811448248977,0.0,0.0,0.03895452971913531,7.728762435105427,-0.037151005703992795,9.478252552636246,-9.446897727272725,1.4038470054037826,0.0,0.0,0.0,0.132087279542184,6.755311545708531,-0.03313142130450788,480.8446658097686,0.45519268286503334,-4.717948717948718,-6.655457865397587,-0.06257946495398137,-0.44401566415245786,0.027098101989480906,-4.651789007746219,5.417539267015707,-1.8148603143129336,-0.5604308041940644,-0.6082373235632624,Asset Management,Financial Services,AVTA
2008Q2,2008,Q2,2008-06-30,2008-06-30,2711000.0,38328000.0,1528000.0,0.078,17492000.0,0.4563765393,309050000.0,273015000.0,210226000.0,34554000.0,36035000.0,0.0,-1021874000.0,286002220.0,124378220.0,7.951738801188326,6.083984488047694,0.0,0.0,0.007110038428358426,7.951738801188326,0.009929857333846126,7.461965664788145,26.37423644411656,1.0475696207168106,0.0,0.0,0.0,0.12401876718977511,6.03151588817503,0.008772043358679826,-156.54199233716474,0.4563765393446045,2.308724832214765,1.1491528869196819,-0.09279070416900126,-0.42656756341859664,-0.025406730554936485,2.325672371638142,-0.7919673247106875,-0.8394820403199261,-0.5556751894032164,-0.6061595876041116,Asset Management,Financial Services,AVTA
2008Q1,2008,Q1,2008-03-31,2008-03-31,-2045000.0,42182000.0,7345000.0,-0.0596,17948000.0,0.4254895453,308041000.0,265941000.0,211602000.0,41466000.0,42100000.0,0.0,-1023807000.0,396827860.0,232977860.0,7.75383404280133,5.103024164375633,0.0,0.0,0.030317051403345525,7.75383404280133,-0.007689675529534747,9.407516476222085,-48.51196332518337,1.4921650290853985,-146.28166259168705,0.0,0.753843240744236,0.13693631691885172,5.0559253364201995,-0.006638726663009145,-8.522935137457045,0.42548954530368405,0.9555223880597015,-0.4132413091378803,0.04098550091499526,-0.46347014692342375,2.209433962264151,0.9531253581497696,1.2980199626714275,-1.020988798197357,-0.5328532478301172,-0.6126440438556839,Asset Management,Financial Services,AVTA
2007Q4,2007,Q4,2007-12-31,2007-12-31,-43627000.0,-48230000.0,-24646000.0,-1.34,-14840000.0,0.3076923077,671424000.0,265890000.0,568162000.0,404900000.0,405534000.0,0.0,-1021034000.0,613631967.36,115305967.36000001,8.146139705882353,1.4032156087922945,0.0,0.0,-0.19269485607079354,8.146139705882353,-0.16407913046748657,-12.723034778353721,-3.516354364040617,2.3078414658693442,0.0,0.0,0.0,-0.07183240396530359,1.3868362558656457,-0.0649768253741302,-66.48954029255607,0.3076923076923077,-2.26829268292683,0.36383849176994193,-2.2526858369242997,-0.44274046534192874,-1.5921078881219328,-2.1989294617979174,-0.5014316174230886,-3.2759325069251863,-1.5954938363721873,-0.5349106326926641,Asset Management,Financial Services,AVTA
2007Q3,2007,Q3,2007-09-30,2007-09-30,-13638000.0,48748000.0,-16415000.0,-0.41,25063000.0,0.5141339132,538604000.0,473549000.0,352012000.0,64376000.0,65055000.0,0.0,-1076540000.0,596844000.0,483197000.0,14.281591169551843,5.4680626320367836,0.0,0.0,-0.033008286482958414,14.281591169551843,-0.02879955400602683,12.243456141790432,-10.94082710074791,1.2603637638343657,0.0,0.0,0.0,0.09050805415481504,3.8841027712190876,-0.025321015068584713,38.347725520431766,0.514133913186182,0.5232558139534884,-1.481034105308949,0.35372765761159186,-0.13763103113084482,-0.2659188096772304,0.5151795236402418,0.5237749862195016,-1.9910885841737782,-0.2954001992940911,-0.14084391592515683,Asset Management,Financial Services,AVTA
2007Q2,2007,Q2,2007-06-30,2007-06-30,-28130000.0,70530000.0,-34469000.0,-0.86,34142000.0,0.4840776974,543708000.0,471412000.0,273219000.0,66168000.0,72296000.0,0.0,-1064283000.0,757249427.374,646907427.374,14.448967081468767,4.129171200580341,0.0,0.0,-0.07238270993232483,14.448967081468767,-0.05967179452368629,10.736557881383808,-6.7299095927301815,1.6063431295215225,0.0,0.0,0.0,0.12972036460747313,3.9513964454116794,-0.051737329596033166,-45.31171777010531,0.48407769743371615,-49.0,-0.941935634532091,1.0082795408313712,-0.16807631429131012,-0.10858724315292029,-51.092592592592595,-4.648803670927565,-3.037540080705083,0.2671352395961611,-0.09180490434310438,Asset Management,Financial Services,AVTA
2007Q1,2007,Q1,2007-03-31,2007-03-31,-540000.0,86643000.0,-6102000.0,-0.0172,38301000.0,0.4420553305,761742000.0,687629000.0,492369000.0,67961000.0,74113000.0,0.0,-1036153000.0,807603870.0,586982870.0,21.85655255713423,7.244875737555363,0.0,0.0,0.008760410408270863,21.85655255713423,-0.000785307193268463,9.321051556386552,-373.89068055555555,1.1744761637452756,0.0,0.0,0.0,0.11374323589876888,7.084504348081988,-0.0007089014390699213,114.14895689045936,0.44205533049409645,-1.0195454545454545,0.9843672528664477,1.564200378566008,0.22713889444163662,-0.007386098584979008,-1.0195531737697794,-6.260344827586207,-1.100025209442481,0.8081503292315988,0.4144594279649963,Asset Management,Financial Services,AVTA
