Quarters,Year,Quarter,FillingDate,Date,NetIncome,Revenue,OperatingIncome,EPSDiluted,GrossProfit,GrossProfitRatio,TotalAssets,CommonStockEquity,CurrentAssets,CurrentLiability,TotalLiability,Inventory,RetainedEarnings,MarketCap,EnterpriseValue,bookValuePerShare,currentRatio,debtToAssets,debtToEquity,roic,shareholdersEquityPerShare,roe,priceToSalesRatio,peRatio,pbRatio,payoutRatio,inventoryTurnover,dividendYield,assetTurnover,quickRatio,returnOnAssets,priceToFreeCashFlowsRatio,grossProfitMargin,epsdilutedGrowth,fiveYNetIncomeGrowthPerShare,fiveYRevenueGrowthPerShare,fiveYShareholdersEquityGrowthPerShare,grossProfitGrowth,netIncomeGrowth,operatingIncomeGrowth,threeYNetIncomeGrowthPerShare,threeYRevenueGrowthPerShare,threeYShareholdersEquityGrowthPerShare,Industry,Sector,Symbol
2023Q1,2023,Q1,2023-04-27,2023-03-31,42896000.0,83687000.0,54704000.0,0.29,82844000.0,0.9899267509,4136347000.0,2622201000.0,419713000.0,66961000.0,1505720000.0,5398000.0,-118066000.0,3588490193.4,4938731193.4,18.158526661113992,6.268021684263974,0.34358795333176834,0.5419870559121898,0.01348130212728245,18.158526661113992,0.016358776462979,42.879900025093505,20.913897527741515,1.3685030985038904,0.9184539350988438,0.156168951463505,0.010978990571706546,0.020232103351096993,64.68598139215364,0.01037050324839768,66.84219709793987,0.9899267508693107,0.15999999999999992,2.101207855518828,0.1754275770362194,2.1968659879714916,0.12725194579001797,0.21346534653465346,0.19302989989749852,0.9220850344197001,0.2616999217796733,0.21635561285151608,REIT—Diversified,Real Estate,EPRT
2022Q4,2022,Q4,2023-02-16,2022-12-31,35350000.0,74276000.0,45853000.0,0.25,73492000.0,0.9894447735,4000033000.0,2488261000.0,417893000.0,68659000.0,1503262000.0,4780000.0,-117187000.0,3341622244.97,4700055244.969999,17.476387631159156,6.086499949023435,0.35519156966955023,0.5709923516865795,0.01165485539533381,17.476387631159156,0.014206709022887872,44.98925958546502,23.632406258628006,1.3429548769080093,1.0942574257425743,0.16401673640167364,0.011575814728378214,0.01856884680701384,60.924802283750125,0.008837427091226497,-9.559099606579418,0.9894447735473101,-0.03846153846153849,-0.37066528251403236,0.22048715388396975,2.947741512219453,0.05239643148654648,-0.02959262106072252,-0.0014808039894601598,0.3889311060441448,0.08092325655229327,0.18854538346830468,REIT—Diversified,Real Estate,EPRT
2022Q3,2022,Q3,2022-10-27,2022-09-30,36428000.0,70663000.0,45921000.0,0.26,69833000.0,0.9882541075,3853545000.0,2496143000.0,461191000.0,67537000.0,1349843000.0,11907000.0,-113275000.0,2704876256.6,3838957256.6,17.949058198701778,6.828716111168693,0.3296663202324094,0.5089387907663944,0.012128888338118453,17.949058198701778,0.014593715183785544,38.278536951445595,18.563167457724823,1.08362231514781,0.9900625892170858,0.0697068951037205,0.013333696841767754,0.018337141515150337,59.222233738543316,0.009453113950920517,51.43328116752234,0.988254107524447,-0.03703703703703707,19.56251060984112,0.5332169648153608,0.0,-0.011116146025092753,0.02173730120887443,0.014896015205427984,0.4334987332964055,0.014862217460326883,0.18992457570204754,REIT—Diversified,Real Estate,EPRT
2022Q2,2022,Q2,2022-07-29,2022-06-30,35653000.0,71446000.0,45247000.0,0.27,70618000.0,0.9884108278,3587476000.0,2260529000.0,339147000.0,65860000.0,1319502000.0,21787000.0,-110969000.0,2821032744.18,4044253744.18,17.22020714230333,5.1495141208624355,0.4067522681684839,0.6455188144014078,0.012071316881204643,17.22020714230333,0.01577197195877602,39.484824121434364,19.78117370333492,1.247952467842704,0.9629764676184333,0.03800431449947216,0.012170365647414597,0.019915394555949643,56.8869268144549,0.009938184952317452,-10.652320540803842,0.988410827758027,0.28571428571428586,4.436828520107408,0.6747073192025909,0.0,0.021790716518115524,0.32944291147736593,0.17833797755149874,0.9505930863354197,-0.05116068712200406,0.2517116084223851,REIT—Diversified,Real Estate,EPRT
2022Q1,2022,Q1,2022-04-27,2022-03-31,26818000.0,70121000.0,38399000.0,0.21,69112000.0,0.9856105874,3465879000.0,2216518000.0,343902000.0,59048000.0,1241969000.0,14488000.0,-110706000.0,3209033227.4,4364697227.4,17.47501550348079,5.8241091992954885,0.3375533306269492,0.5278184070691057,0.011213201572402175,17.47501550348079,0.01209915732694253,45.76422508806206,29.914919339622642,1.4477812620515602,1.2159743455887837,0.06964384318056323,0.010161939029350918,0.020231808438782774,5.578749491938762,0.007737719637644591,72.75399536138569,0.9856105874131857,-0.125,13.860836272000265,1.2438001710297033,0.0,0.09356160698745233,-0.09976502181940249,-0.011964800329353643,0.5606590320425214,-0.19599039542924765,-0.0018471356372431816,REIT—Diversified,Real Estate,EPRT
2021Q4,2021,Q4,2022-02-16,2021-12-31,29790000.0,65015000.0,38864000.0,0.24,63199000.0,0.9720679843,3298795000.0,2036566000.0,348107000.0,64755000.0,1254992000.0,15434000.0,-100982000.0,3537206727.4199996,4643154727.42,16.59902920710136,5.375754767971586,0.35337327721183037,0.5723880296538388,0.01211401757658747,16.59902920710136,0.014627564242946214,54.40600980419902,29.68451432880161,1.736848561460812,1.0250083920778785,0.11766230400414669,0.008632517789615282,0.019708711817496994,5.137410238591615,0.009030570253683543,68.17660365476166,0.9720679843113128,0.04347826086956513,-0.38455217771615985,0.23972892964628514,2.7495550022353714,0.08509177068488917,0.08299705529501582,0.06130697179060051,0.808437858909538,-0.20361146906521577,0.27133477591939104,REIT—Diversified,Real Estate,EPRT
2021Q3,2021,Q3,2021-11-01,2021-09-30,27507000.0,59601000.0,36619000.0,0.23,58243000.0,0.9772151473968558,3053687000.0,1937198000.0,348267000.0,54483000.0,1109298000.0,3984000.0,-98129000.0,3328919608.4,4322847608.4,16.247484025604322,6.392214085127471,0.3344930243341901,0.5272754772614879,0.012352417050095784,16.247484025604322,0.014199374560576667,55.853418707739806,30.255204206202063,1.718419907722391,1.079652452103101,0.34086345381526106,0.00892121273372352,0.019517717434694517,6.319090358460437,0.009007799424106008,72.01556751541374,0.9772151473968558,0.15,17.110228986475516,0.508359954174118,0.0,0.04206326486795964,0.18136918055316956,0.02528278642625154,0.8357856731752166,-0.177325461782751,0.2192442150319758,REIT—Diversified,Real Estate,EPRT
2021Q2,2021,Q2,2021-07-28,2021-06-30,23284000.0,57066000.0,35716000.0,0.2,55892000.0,0.9794273297585252,2948674000.0,1835393000.0,452295000.0,50887000.0,1106104000.0,6349000.0,-94911000.0,3145249157.44,4040367157.44,15.779044595752902,8.888222925305088,0.3464550506431026,0.5566017741159522,0.012468825873476449,15.779044595752902,0.012686111366884368,55.11599126344934,33.77049859817901,1.713665224526845,1.1337399072324343,0.18491100960781226,0.008392975779853961,0.019353105836725254,8.700336038673925,0.007896430734628514,80.3384203688378,0.9794273297585252,0.4285714285714285,3.0071028634132446,0.5095996115187642,0.0,0.1857100428529,0.5223275580254986,0.5468837974793191,1.4125116357079155,-0.07327995083227856,0.21488038321944125,REIT—Diversified,Real Estate,EPRT
2021Q1,2021,Q1,2021-05-03,2021-03-31,15295000.0,48552000.0,23089000.0,0.14,47138000.0,0.970876585928489,2662717000.0,1647056000.0,290143000.0,42884000.0,1008434000.0,0.0,-88635000.0,2442497411.64,3334266411.64,15.395016715596915,6.765763454901595,0.3509989983914926,0.5674433656171982,0.008910989942102278,15.395016715596915,0.009286265919313004,50.30683414977756,39.9231352016999,1.4829473992626845,1.6804838182412554,0.0,0.010523245542660322,0.01823400684338591,2.6150545658054285,0.0057441327786617955,81.05184707615729,0.970876585928489,1.8,9.048282498949325,0.8419112157889023,0.0,0.20919375112228408,1.6975308641975309,-0.3470305429864253,0.49252196099043477,-0.07954582811440092,1.71034133114658,REIT—Diversified,Real Estate,EPRT
2020Q4,2020,Q4,2021-02-24,2020-12-31,5670000.0,41109000.0,35360000.0,0.05,38983000.0,0.948283830791311,2488802000.0,1574758000.0,265504000.0,42495000.0,906854000.0,17058000.0,-77665000.0,2225229931.2,3013906931.2,15.002885379128681,6.247887986821979,0.3275788913702255,0.5177170079466178,0.014650937159342826,15.002885379128681,0.003600553227861043,54.12999419105305,98.11419449735449,1.4130615187857434,4.275485008818342,0.1246336030015242,0.010894155098357415,0.01651758556928193,2.114084009883516,0.002278204533747562,72.67243406923579,0.948283830791311,-0.6153846153846154,-0.8630756894172137,-0.08372286484332347,2.389002044602063,-0.07401600988146986,-0.5376335317622115,1.8671045163382793,-0.8630756894172137,-0.08372286484332347,2.389002044602063,REIT—Diversified,Real Estate,EPRT
2020Q3,2020,Q3,2020-11-05,2020-09-30,12263000.0,42909000.0,12333000.0,0.13,42099000.0,0.981122841361952,2451739000.0,1554468000.0,366320000.0,39959000.0,890011000.0,9582000.0,-57767000.0,1726827628.0,2341021628.0,16.4914281531289,9.167396581496034,0.3254665362014472,0.5133325356327696,0.005200412637999785,16.4914281531289,0.007888872591780597,40.243949474469225,35.20402079425915,1.110880139057221,1.7567479409606133,0.08453350031308704,0.01247547795198931,0.017501455089632297,6.261893440776796,0.005001755896528954,53.43899325369809,0.981122841361952,0.18181818181818185,9.212729207282484,0.37361243836367747,0.0,0.10988373625794205,0.18129274636354878,0.1892960462873674,9.212729207282484,0.37361243836367747,0.0,REIT—Diversified,Real Estate,EPRT
2020Q2,2020,Q2,2020-08-06,2020-06-30,10381000.0,38503000.0,10370000.0,0.11,37931000.0,0.9851440147520972,2247242000.0,1351085000.0,270662000.0,34684000.0,888859000.0,1792000.0,-45915000.0,1359409251.48,2057173251.48,14.749128254181947,7.8036558643755045,0.3553702716485363,0.5910827224045859,0.004771575692476201,14.749128254181947,0.007683454408863987,35.30658004519128,32.73791666217127,1.0061611604599265,2.051343801175224,0.31919642857142855,0.015664892655994477,0.017133446242104767,3.8094222119709378,0.0046194401849022045,134.52837718753094,0.9851440147520972,-0.26666666666666666,1.2685279716738251,0.29333478941263597,0.0,-0.07741888407841611,-0.25632208610932017,-0.29775851560912847,1.2685279716738251,0.29333478941263597,0.0,REIT—Diversified,Real Estate,EPRT
2020Q1,2020,Q1,2020-05-11,2020-03-31,13959000.0,41487000.0,14767000.0,0.15,41114000.0,0.9910092318075542,2305446000.0,1348390000.0,358377000.0,76120000.0,949666000.0,1528000.0,-34878000.0,1179610570.1200001,1851234570.1200001,14.928633098132178,4.708053074093536,0.3748688973847143,0.6409421606508503,0.006631367225825558,14.928633098132178,0.010352346131312157,28.433257890905587,21.126344475248946,0.8748289219884455,1.3894261766602192,0.24410994764397906,0.016441866910388042,0.017995216543783717,2.9129400945874933,0.006054793736222839,44.768703560666445,0.9910092318075542,-0.16666666666666666,9.862489870160726,0.8642593134200077,0.0,0.0687566612077257,-0.03870256869361614,-0.04949794026776519,9.862489870160726,0.8642593134200077,0.0,REIT—Diversified,Real Estate,EPRT
2019Q4,2019,Q4,2020-03-02,2019-12-31,14521000.0,39205000.0,15536000.0,0.18,38469000.0,0.9812268843259788,1975447000.0,1194450000.0,156599000.0,36848000.0,773334000.0,1211000.0,-27482000.0,2015388794.82,2734006794.8199997,14.704013724878688,4.2498643074250975,0.36797848790678767,0.6085830298463728,0.007994459231395957,14.704013724878688,0.012157059734605886,51.40642251804616,34.69783063873011,1.6872943989451212,1.2156187590386338,0.6077621800165153,0.008758607790898505,0.019846141151850696,0.9289513677811551,0.007350741376508709,72.87083902158585,0.9812268843259788,0.058823529411764594,-0.5468927762166734,0.1291154542986046,2.3214899213183715,0.07308432592261987,0.09633824084560211,-0.09558737920596111,-0.5468927762166734,0.1291154542986046,2.3214899213183715,REIT—Diversified,Real Estate,EPRT
2019Q3,2019,Q3,2019-11-07,2019-09-30,13245000.0,36291000.0,17178000.0,0.17,35849000.0,0.9878206717919044,1805478000.0,1093362000.0,129676000.0,34968000.0,704449000.0,0.0,-22733000.0,1660606882.1200001,2297006882.12,15.084198246861112,3.7084191260581103,0.3654688675242789,0.6035018594024669,0.009699105845920512,15.084198246861112,0.01211401164481663,45.758091045162715,31.34403326009815,1.518807935633395,1.2772366930917327,0.0,0.010187239485845713,0.020100494162764652,1.3165751544269046,0.0073360074174262995,66.22823969530191,0.9878206717919044,0.7000000000000001,13.344282371674336,0.5107636666701483,0.0,0.11644347555278729,0.6658281977109798,-0.005211952744961779,13.344282371674336,0.5107636666701483,0.0,REIT—Diversified,Real Estate,EPRT
2019Q2,2019,Q2,2019-08-08,2019-06-30,7951000.0,32755000.0,17268000.0,0.1,32110000.0,0.9803083498702488,1643303000.0,785594000.0,85211000.0,30359000.0,612787000.0,2474000.0,-18447000.0,1112379608.48,1677213608.48,13.757327987080902,2.8067788794097304,0.34847499213474326,0.7289388666410385,0.012532501842896423,13.757327987080902,0.010121003979154627,33.96060474675622,34.97609132436171,1.4159726378765622,2.030562193434788,0.26071139854486663,0.014513930205949365,0.019932416602415987,0.9033894397048651,0.004838426023685225,55.25704676767175,0.9803083498702488,0.11111111111111122,1.7872694506067281,0.7650062518203531,0.0,0.0753516409912927,0.29727524881709905,0.04325761237312711,1.7872694506067281,0.7650062518203531,0.0,REIT—Diversified,Real Estate,EPRT
2019Q1,2019,Q1,2019-05-09,2019-03-31,6129000.0,31107000.0,16552000.0,0.09,29860000.0,0.9599125598739834,1580530000.0,792037000.0,156418000.0,26238000.0,541039000.0,3765000.0,-13673000.0,887613626.5200001,1283227626.52,17.50735396089579,5.961506212363747,0.319340347857997,0.637251795055029,0.012569144547688262,17.50735396089579,0.007738274853321246,28.53420858713473,36.20548321585903,1.1206719212865057,2.151900799477892,0.3312084993359894,0.014858942681748949,0.019681372704092932,4.791828645476027,0.0038778131386307123,56.51430195594041,0.9599125598739834,0.0,8.522154402009939,1.7907628942164586,0.0,0.07059624968627873,0.06019719771665802,0.0684913820928281,8.522154402009939,1.7907628942164586,0.0,REIT—Diversified,Real Estate,EPRT
2018Q4,2018,Q4,2019-02-28,2018-12-31,5781000.0,28650000.0,15491000.0,0.09,27891000.0,0.9735078534031414,1380900000.0,562179000.0,55711000.0,18127000.0,569859000.0,0.0,-7659000.0,595919979.68,1131799979.6799998,13.056379422247332,3.073371214210846,0.39113331885002534,0.9607544927861055,0.013820271281157233,13.056379422247332,0.010283201613720898,20.799999290750435,25.770627040304447,1.0600182142698322,2.4334890157412215,0.0,0.023607196401695247,0.02074733869215729,1.0200805428366526,0.004186400173799696,36.773833982104286,0.9735078534031414,0.0,-0.6596798616818682,0.5566885778617595,1.9493057794504256,0.10468155893536121,0.08583771600300526,0.1956622414325409,-0.6596798616818682,0.5566885778617595,1.9493057794504256,REIT—Diversified,Real Estate,EPRT
2018Q3,2018,Q3,2018-11-05,2018-09-30,5324000.0,25742000.0,12956000.0,0.09,25248000.0,0.9808095719058348,1354960000.0,564547000.0,105797000.0,20702000.0,540068000.0,1407000.0,-4253000.0,603274096.96,1037484096.96,13.325865175565518,5.110472418123853,0.3745357796540119,0.8989171849288013,0.011912800341780392,13.325865175565518,0.009430569996829317,23.435401171626136,28.328047377911346,1.0685985346835605,0.0,0.35110163468372424,0.0,0.018998346814666115,4.080958361510965,0.003929267284643089,40.82797082837033,0.9808095719058348,0.12499999999999993,8.865110753997582,0.8334832112864,0.0,0.1846290996105663,0.5658823529411765,0.20914605692953803,8.865110753997582,0.8334832112864,0.0,REIT—Diversified,Real Estate,EPRT
2018Q2,2018,Q2,2018-08-08,2018-06-30,3400000.0,21693000.0,10715000.0,0.08,21313000.0,0.982482828562209,1312409000.0,532214000.0,167678000.0,6992000.0,527965000.0,7195000.0,222000.0,554827239.54,932261239.54,12.988146663409221,23.981407322654462,0.387700023392098,0.9560458762828487,0.009927053052921768,12.988146663409221,0.006388407670598669,25.57632598257502,40.796120554411765,1.0424889979218885,0.0,0.05281445448227936,0.0,0.016529146020790773,20.080377574370708,0.002590655809278967,69.12873654871666,0.982482828562209,-0.20000000000000004,0.6609672691744014,0.6289704888488399,0.0,0.07337832393231265,-0.1337579617834395,0.07128574285142972,0.6609672691744014,0.6289704888488399,0.0,REIT—Diversified,Real Estate,EPRT
2018Q1,2018,Q1,2018-03-31,2018-03-31,3925000.0,20203000.0,10002000.0,0.1,19856000.0,0.9828243330198485,986593000.0,232753000.0,29648000.0,6277000.0,753840000.0,5885000.0,0.0,558924929.64,1292220929.6399999,5.680102553387334,4.723275450055759,0.7451279301596504,3.158446937311227,0.03611011522311031,5.680102553387334,0.016863370182124398,27.6654422432312,35.60031398980892,2.401365093640039,0.0,0.058963466440101954,0.0,0.020477542411105693,1.4322128405289152,0.003978337571825464,107.05323302815552,0.9828243330198485,-0.7435897435897436,5.732418524871354,1.0010895404120443,0.0,0.1649163977706072,-0.7572064827415563,0.18422922093298602,5.732418524871354,1.0010895404120443,0.0,REIT—Diversified,Real Estate,EPRT
2017Q4,2017,Q4,2017-12-31,2017-12-31,16166000.0,17515000.0,8446000.0,0.39,17045000.0,0.9731658578361404,942220000.0,181402000.0,32146000.0,6851000.0,760818000.0,4173000.0,0.0,558924929.64,1293320929.6399999,4.426933115317823,4.6921617282148596,0.7871261488824266,4.088411373634249,0.04690629070598071,4.426933115317823,0.0891169887873342,31.911214938053096,8.643525449090685,3.0811398421186094,0.0,0.11262880421758927,0.0,0.018589076861030333,1.8607502554371624,0.01715735178620704,86.60132160520607,0.9731658578361404,38.0,0.0,0.0,0.0,0.29216890303995147,29.96934865900383,0.48149447465356954,0.0,0.0,0.0,REIT—Diversified,Real Estate,EPRT
2017Q3,2017,Q3,2017-09-30,2017-09-30,522000.0,13580000.0,5701000.0,0.01,13191000.0,0.9713549337260677,,,,,,,,558924929.64,,,0.0,0.0,0.0,0.0,,0.0,41.15794769072165,267.68435327586207,0.0,0.0,0.0,0.0,0.0,0.0,0.0,88.56360792901283,0.9713549337260677,-0.7999999999999999,0.0,0.0,0.0,0.027496494781118555,-0.7449926722032242,-0.08078039342147694,0.0,0.0,0.0,REIT—Diversified,Real Estate,EPRT
2017Q2,2017,Q2,2017-06-30,2017-06-30,2047000.0,13317000.0,6202000.0,0.05,12838000.0,0.9640309378989261,,,,,,,,558924929.64,,,0.0,0.0,0.0,0.0,,0.0,41.970783933318316,68.26147162188569,0.0,0.0,0.0,0.0,0.0,0.0,0.0,93.76361845998993,0.9640309378989261,4.0,0.0,0.0,0.0,0.298472741984424,2.51114922813036,0.4930187770823303,0.0,0.0,0.0,REIT—Diversified,Real Estate,EPRT
2017Q1,2017,Q1,2017-03-31,2017-03-31,583000.0,10096000.0,4154000.0,0.01,9887000.0,0.9792987321711569,,,,,,,,558924929.64,,,0.0,0.0,0.0,0.0,,0.0,55.36102710380349,239.67621339622642,0.0,173.62264150943398,0.0,0.1811012438919059,0.0,0.0,0.0,151.0607917945946,0.9792987321711569,0.0,0.0,0.0,0.0,0.0,0.0,0.0,0.0,0.0,0.0,REIT—Diversified,Real Estate,EPRT
