Quarters,Year,Quarter,FillingDate,Date,NetIncome,Revenue,OperatingIncome,EPSDiluted,GrossProfit,GrossProfitRatio,TotalAssets,CommonStockEquity,CurrentAssets,CurrentLiability,TotalLiability,Inventory,RetainedEarnings,MarketCap,EnterpriseValue,bookValuePerShare,currentRatio,debtToAssets,debtToEquity,roic,shareholdersEquityPerShare,roe,priceToSalesRatio,peRatio,pbRatio,payoutRatio,inventoryTurnover,dividendYield,assetTurnover,quickRatio,returnOnAssets,priceToFreeCashFlowsRatio,grossProfitMargin,epsdilutedGrowth,fiveYNetIncomeGrowthPerShare,fiveYRevenueGrowthPerShare,fiveYShareholdersEquityGrowthPerShare,grossProfitGrowth,netIncomeGrowth,operatingIncomeGrowth,threeYNetIncomeGrowthPerShare,threeYRevenueGrowthPerShare,threeYShareholdersEquityGrowthPerShare,Industry,Sector,Symbol
2023Q2,2023,Q2,2023-06-29,2023-05-31,152100000.0,1659200000.0,221800000.0,0.53,615500000.0,0.3709619094,12908200000.0,4937000000.0,2104000000.0,2487100000.0,7951300000.0,1276200000.0,3191400000.0,23009932000.0,27746032000.0,18.394187779433683,0.8459651803305054,0.37677600285090096,0.9851124164472351,0.017622989962211802,18.394187779433683,0.03080818310715009,13.868088235294117,37.82040105193951,4.660711363176017,0.6877054569362262,0.8178185237423601,0.004545863064697454,0.12853844842813095,0.2752603433717985,0.011783207573480423,98.45927257167308,0.3709619093539055,0.019230769230769246,0.20783882863576553,0.22397484983185295,0.5961672605036065,0.09344466157399182,0.09345794392523364,0.11457286432160804,-0.22994753094168138,0.17450574548568998,0.3415525868887494,Packaged Foods,Consumer Defensive,MKC
2023Q1,2023,Q1,2023-03-28,2023-02-28,139100000.0,1565500000.0,199000000.0,0.52,562900000.0,0.359565634,13205400000.0,4870100000.0,2411300000.0,3321000000.0,8317700000.0,1344600000.0,3155100000.0,19932624000.0,24781624000.0,18.15846383296048,0.7260764829870521,0.39421751707634756,1.068930822775713,0.015490514767211536,18.15846383296048,0.028562041847189995,12.732433088470138,35.82427030913012,4.092857230857682,0.7519769949676491,0.7456492637215528,0.005247678378922916,0.11854998712647856,0.27937368262571516,0.010533569600315023,475.7189498806683,0.3595656339827531,-0.10344827586206887,-0.6779652822112889,0.23809315416228966,0.557016178605591,-0.09849455477258168,-0.250942380183091,-0.24706772606886115,-0.04658613799952271,0.28107133979617205,0.3560603553068551,Packaged Foods,Consumer Defensive,MKC
2022Q4,2022,Q4,2023-01-26,2022-11-30,185700000.0,1695700000.0,264300000.0,0.58,624400000.0,0.3682255116,13124900000.0,4680500000.0,2386700000.0,3432400000.0,8425700000.0,1340100000.0,3022500000.0,22768614000.0,27760314000.0,17.51028806584362,0.6953443654585713,0.4057707106339858,1.1378485204572162,0.019908177730743836,17.51028806584362,0.03967524837090054,13.427265436103085,30.652415185783525,4.8645687426557,0.5341949380721593,0.7994179538840385,0.004356874775074143,0.1291971748356178,0.2644505302412306,0.014148679228032214,74.35863487916394,0.3682255115881347,-0.2926829268292683,0.036749586550383274,0.11566609221269722,0.7935065943451687,0.10181754014469738,-0.16689098250336473,0.12372448979591837,-0.1340353445945449,0.13648508149825198,0.35234208974926057,Packaged Foods,Consumer Defensive,MKC
2022Q3,2022,Q3,2022-10-06,2022-08-31,222900000.0,1595600000.0,235200000.0,0.82,566700000.0,0.3551642016,12941000000.0,4589300000.0,2412800000.0,3140400000.0,8334300000.0,1379500000.0,3048400000.0,22555981000.0,27573881000.0,17.1051062243757,0.7683097694561203,0.4143265589985318,1.1683263242760333,0.018533321791393918,17.1051062243757,0.04856949861634672,14.136363123589872,25.298318752803947,4.9149066306408375,0.44549125168236875,0.7458499456324755,0.004402380016191715,0.12329804497334054,0.2896764743344797,0.017224325786260722,739.5403606557377,0.35516420155427425,0.8636363636363635,0.9395254436263651,0.2674915082010972,0.7134953332317978,0.08355640535372849,0.8810126582278481,0.4961832061068702,0.14985344778862603,0.1883410320035344,0.30974607581923647,Packaged Foods,Consumer Defensive,MKC
2022Q2,2022,Q2,2022-06-29,2022-05-31,118500000.0,1536800000.0,157200000.0,0.44,523000000.0,0.3403175429,12957900000.0,4598200000.0,2324700000.0,3133000000.0,8342800000.0,1344600000.0,2933600000.0,24876776000.0,29909076000.0,17.138278046962355,0.7420044685604852,0.41350064439453926,1.1652603192553608,0.013149388869421005,17.138278046962355,0.02577095385150711,16.187386777719937,52.48264978902954,5.410111782871558,0.8371308016877637,0.7539788784768704,0.003987654991949118,0.11859946441938894,0.26137887009256305,0.009145000347278495,316.4984223918575,0.3403175429463821,-0.18518518518518523,0.10152441297055537,0.2820087749575046,1.3771128106959631,-0.0667380442541042,-0.18612637362637363,-0.2402126631222813,-0.21776558339208488,0.1641498647422528,0.3452752591967247,Packaged Foods,Consumer Defensive,MKC
2022Q1,2022,Q1,2022-03-29,2022-02-28,145600000.0,1522400000.0,206900000.0,0.54,560400000.0,0.3681029953,12940800000.0,4597700000.0,2239000000.0,3076700000.0,8326600000.0,1244200000.0,2922400000.0,25486526000.0,30520126000.0,17.16840926064227,0.7277277602626191,0.4151211671612265,1.168410292102573,0.01678677503948074,17.16840926064227,0.03166800791700198,16.741018129269573,43.761205357142856,5.543320790830197,0.679945054945055,0.7731875904195467,0.0038844054305400433,0.11764342235410484,0.2779276497546072,0.011251236399604353,-987.8498449612404,0.36810299527062534,-0.23943661971830976,0.45487773220497363,0.36279278144059046,1.4985667735066868,-0.20273154075970978,-0.23769633507853402,-0.2509051412020275,-0.028706376279191897,0.22052094675582481,0.36275214905848585,Packaged Foods,Consumer Defensive,MKC
2021Q4,2021,Q4,2022-01-27,2021-11-30,191000000.0,1730300000.0,276200000.0,0.71,702900000.0,0.4062301335,12905800000.0,4411000000.0,2195800000.0,3223800000.0,8480300000.0,1182300000.0,2782400000.0,22948268000.0,27985368000.0,16.495886312640238,0.6811216576710714,0.4175486990345426,1.221673090002267,0.02145662074154864,16.495886312640238,0.04330083881206076,13.26259492573542,30.036999999999995,5.202509181591476,0.47591623036649217,0.8689841833713947,0.003961083250378634,0.13407150273520432,0.27954587753582727,0.01479954749027569,62.47826844541247,0.4062301335028608,-0.10126582278481021,0.1417680159738609,0.32686298498200855,1.5515584632117816,0.17228152101400934,-0.1007532956685499,0.04147812971342383,-0.11816578437917223,0.1403264186406772,0.374427586948893,Packaged Foods,Consumer Defensive,MKC
2021Q3,2021,Q3,2021-09-30,2021-08-31,212400000.0,1549400000.0,265200000.0,0.79,599600000.0,0.3869885117,12884400000.0,4386500000.0,2160900000.0,3161300000.0,8481300000.0,1202400000.0,2780000000.0,23073946000.0,28282246000.0,16.404263275991024,0.6835479075064056,0.4284949240942535,1.2586116493787758,0.023176780531159766,16.404263275991024,0.04842129260230252,14.89218148960888,27.158599340866292,5.260217941411148,0.4274952919020716,0.7899201596806387,0.003935174330389782,0.12025395051379964,0.27001549995255114,0.01648505169041632,343.8740089418778,0.38698851168194137,0.16176470588235292,0.5724588235914275,0.3426241904423698,1.3597346968080866,-0.02440611780019525,0.1562329885683179,0.11710193765796124,0.20497910285619436,0.1336236336471789,0.39201150796042095,Packaged Foods,Consumer Defensive,MKC
2021Q2,2021,Q2,2021-07-01,2021-05-31,183700000.0,1556700000.0,237400000.0,0.68,614600000.0,0.394809533,12810500000.0,4325300000.0,2052600000.0,2381200000.0,8469700000.0,1147800000.0,2660500000.0,23770989000.0,28940089000.0,16.181444070332958,0.8620023517554174,0.4262831271222825,1.2625482625482625,0.018904528851144718,16.181444070332958,0.04247104247104247,15.270115629215649,32.35028443113773,5.4958012161006184,0.49428415895481764,0.8207875936574316,0.0038197821722941354,0.12151750517153898,0.33268940030236854,0.014339799383318372,120.84895271987799,0.39480953298644567,0.13333333333333347,0.859511963989576,0.3900863235952111,1.33808739257074,0.06424242424242424,0.13535228677379482,0.004655099449851883,0.464780270944099,0.15308741753403854,0.40415502779709483,Packaged Foods,Consumer Defensive,MKC
2021Q1,2021,Q1,2021-03-30,2021-02-28,161800000.0,1481500000.0,236300000.0,0.6,577500000.0,0.3898076274,12685100000.0,4149500000.0,1954700000.0,2423700000.0,8520400000.0,1073400000.0,2573600000.0,22583305000.0,27926605000.0,15.535380007487833,0.8064942030779387,0.4414155189947261,1.3494155922400288,0.01738018763661578,15.535380007487833,0.038992649716833354,15.243540330745866,34.89385815822002,5.442415953729364,0.5611866501854141,0.8421837152971865,0.004020669251024153,0.11679056530890572,0.3185212691339687,0.012755122151185249,-279.496349009901,0.38980762740465746,-0.1891891891891892,0.648668344347288,0.3686164903406456,1.3091413857463494,-0.12592704707128802,-0.19382162431489786,-0.14041469625318298,-0.6238691397657227,0.1764860761032137,0.33209715507640264,Packaged Foods,Consumer Defensive,MKC
2020Q4,2020,Q4,2021-01-28,2020-11-30,200700000.0,1557900000.0,274900000.0,0.74,660700000.0,0.4240965402,12089700000.0,3926100000.0,2083600000.0,3046500000.0,8149700000.0,1032600000.0,2415600000.0,24961830000.0,29442630000.0,14.704494382022473,0.6839323814213031,0.4056676344326162,1.249178574157561,0.023624371761613527,14.704494382022473,0.05111943149690533,16.022742152898132,31.09346038863976,6.3579200733552375,0.4120577977080219,0.8688746852605075,0.003313058377530814,0.12886175835628674,0.3125225668800263,0.016600908211121864,74.53517467900866,0.4240965402143912,-0.038961038961038995,0.28773985601108537,0.24085441496656512,1.2503105999550617,0.11926139251228189,-0.026200873362445413,0.00695970695970696,0.12175247645053815,0.02615387282095646,0.5061207183742694,Packaged Foods,Consumer Defensive,MKC
2020Q3,2020,Q3,2020-09-29,2020-08-31,206100000.0,1430300000.0,273000000.0,0.77,590300000.0,0.4127106201,10860700000.0,3932700000.0,1759600000.0,1953500000.0,6914700000.0,942100000.0,2391000000.0,27486460000.0,31434460000.0,14.751312828207052,0.9007422574865626,0.38386107709447825,1.0600859460421592,0.027203730910975,14.751312828207052,0.0524067434586925,19.217269104383696,33.34116933527414,6.989208431866148,0.4002911208151383,0.8916250928776138,0.0030014778185331976,0.13169501045052345,0.3672894804197594,0.018976677378069552,129.22642219087916,0.41271062014961896,0.05479452054794526,1.0277200447652897,0.29581220666049607,1.1637174606205267,0.018636755823986197,0.05206738131699847,0.06060606060606061,0.8047785976068877,0.14342766842571267,0.4777052745895864,Packaged Foods,Consumer Defensive,MKC
2020Q2,2020,Q2,2020-06-25,2020-05-31,195900000.0,1401100000.0,257400000.0,0.73,579500000.0,0.4136035972,10576100000.0,3649900000.0,1615700000.0,1582300000.0,6913800000.0,831300000.0,2288700000.0,23501467000.0,27733967000.0,13.711119459053343,1.0211085129242243,0.4176870491012755,1.2103071317022385,0.0253668410640373,13.711119459053343,0.053672703361735935,16.773582899150668,29.991662838182748,6.438934491355927,0.4211332312404288,0.9883315289305906,0.0035104191580891527,0.1324779455564906,0.4293117613600455,0.018522895963540436,89.66603204883633,0.41360359717364925,0.35185185185185175,1.2330546427778861,0.3146775776660028,1.0447177506126306,0.23324111513087892,0.3538355217691776,0.325437693099897,0.8353666416228399,0.1780274234284943,0.9017591864122707,Packaged Foods,Consumer Defensive,MKC
2020Q1,2020,Q1,2020-03-31,2020-02-29,144700000.0,1212000000.0,194200000.0,0.54,469900000.0,0.3877062706,10491700000.0,3561900000.0,1524400000.0,2072400000.0,6917100000.0,835600000.0,2179900000.0,19443270000.0,23714270000.0,13.390601503759399,0.735572283342984,0.42336322998179515,1.2470310789185548,0.01982132229780466,13.390601503759399,0.04062438586147842,16.04230198019802,33.5923807878369,5.458679356523204,0.5694540428472702,0.8881043561512686,0.004237970259117937,0.11551988714888912,0.2802065238370971,0.013791854513567868,3086.233333333333,0.3877062706270627,-0.325,0.9784077214312376,0.15623381494115338,1.038927623709193,-0.25412698412698415,-0.3219306466729147,-0.35093582887700536,0.4556688512725663,0.0922765378522477,0.9487718102842028,Packaged Foods,Consumer Defensive,MKC
2019Q4,2019,Q4,2020-01-28,2019-11-30,213400000.0,1484800000.0,299200000.0,0.8,630000000.0,0.424299569,10362100000.0,3444200000.0,1550200000.0,2154400000.0,6905400000.0,801200000.0,2055800000.0,22510250000.0,26679050000.0,12.94812030075188,0.7195506869662087,0.41730923268449444,1.255502003367981,0.028976044093054924,12.94812030075188,0.06195923581673538,15.16045932112069,26.37095829428304,6.535697694675106,0.35520149953139646,1.0668996505242136,0.003367354871669573,0.1432914177628087,0.3055607129595247,0.020594281082020053,58.37720435684647,0.42429956896551724,0.11111111111111122,0.39635846372688466,0.22521436515624443,0.8610845829001698,0.16688275606593814,0.11203751954142782,0.18027613412228796,0.28238576109906266,0.14459645446133687,1.0027954430524855,Packaged Foods,Consumer Defensive,MKC
2019Q3,2019,Q3,2019-10-01,2019-08-31,191900000.0,1329200000.0,253500000.0,0.72,539900000.0,0.4061841709,10366000000.0,3468700000.0,1589400000.0,2030400000.0,6885400000.0,846900000.0,2019800000.0,21629136000.0,26112236000.0,13.059864457831326,0.7828014184397163,0.44819602546787574,1.3394066941505463,0.025992603750257384,13.059864457831326,0.055323319975783436,16.272296117965695,28.177613340281397,6.235516475913166,0.3939551849921834,0.9319872476089267,0.0034952852485647134,0.12822689562029713,0.323827817178881,0.018512444530194867,169.77343799058085,0.4061841709298826,0.28571428571428553,0.5238071897026675,0.24393084420536013,0.7337346312265708,0.06175024582104228,0.28447121820615795,0.2181643440653532,0.4303195554339521,0.1596170198668185,0.8786467138612492,Packaged Foods,Consumer Defensive,MKC
2019Q2,2019,Q2,2019-06-28,2019-05-31,149400000.0,1301900000.0,208100000.0,0.56,508500000.0,0.3905829941,10236700000.0,3370900000.0,1473100000.0,1860100000.0,6854100000.0,816500000.0,1918600000.0,20644092000.0,25175392000.0,12.739606953892668,0.791946669533896,0.4562700870397687,1.3855943516568276,0.021048389942068684,12.739606953892668,0.04432050787623484,15.856895306859206,34.545,6.124207778338129,0.5053547523427041,0.9717085119412124,0.0036572206711731376,0.12717965750681373,0.30557496908768345,0.014594547070833373,113.49143485431556,0.39058299408556724,0.0,0.7399830938292477,0.2398247732097161,0.69065011252352,0.08909830798886272,0.00945945945945946,0.056881665820213305,0.5277403072103042,0.17442041238577635,0.8407698519202729,Packaged Foods,Consumer Defensive,MKC
2019Q1,2019,Q1,2019-03-26,2019-02-28,148000000.0,1231500000.0,196900000.0,0.56,466900000.0,0.3791311409,10227900000.0,3331000000.0,1428000000.0,1829100000.0,6885200000.0,807300000.0,1877900000.0,17976556000.0,22597456000.0,12.598335854765507,0.7807118254879449,0.4617956765318394,1.4179525667967576,0.021070148183556407,12.598335854765507,0.04443110177123987,14.59728461226147,30.36580405405405,5.396744521164815,0.5087837837837837,0.9471076427598166,0.00418878899829311,0.12040594843516264,0.29413372696954787,0.014470223604063396,229.8792327365729,0.37913114088509947,-0.3,0.7790125154724249,0.22936684690820233,0.6755179615112938,-0.3148936170212766,-0.308411214953271,-0.3323160393353679,0.5234525587407309,0.14928295579402204,0.8725862321841843,Packaged Foods,Consumer Defensive,MKC
2018Q4,2018,Q4,2019-01-25,2018-11-30,214000000.0,1499200000.0,294900000.0,0.8,681500000.0,0.4545757737,10256400000.0,3170900000.0,1479900000.0,2001700000.0,7074200000.0,786300000.0,1760200000.0,19814814825.0,24414614825.0,12.002004666727942,0.7393215766598391,0.4578994578994579,1.4810936957961462,0.029405389358321835,12.002004666727942,0.06748872559841054,13.216925576974386,23.148148160046727,6.248956077138983,0.32009345794392524,1.0399338674806053,0.0034570093440174253,0.14617214617214616,0.307088974371784,0.020865020865020865,52.7410562283737,0.4545757737459979,0.23076923076923078,0.633707691467936,0.27167942422052427,0.6284220562049503,0.1455706841485964,0.2334293948126801,0.26566523605150216,0.38764074995696807,0.20676674331239783,0.8367335605410501,Packaged Foods,Consumer Defensive,MKC
2018Q3,2018,Q3,2018-09-27,2018-08-31,173500000.0,1345300000.0,233000000.0,0.65,594900000.0,0.4422061994,10278000000.0,3101700000.0,1474200000.0,1855100000.0,7166000000.0,806300000.0,1723700000.0,16434208000.0,21346308000.0,11.784574468085106,0.7946741415557113,0.4850262697022767,1.6072153980075443,0.02503644665901287,11.784574468085106,0.0559370667698359,12.216017245224114,23.680414985590776,5.298451816745656,0.39423631123919306,0.9306709661416346,0.004162050279514534,0.1308912239735357,0.3151851652202038,0.016880716092625023,162.07305719921104,0.4422061993607374,0.38297872340425543,0.6681915184758179,0.32862192265687706,0.7458139365639144,0.03424895688456189,0.4071370640713706,0.21544079290558163,0.7290348298370624,0.23454899541764412,0.7285573046638327,Packaged Foods,Consumer Defensive,MKC
2018Q2,2018,Q2,2018-06-28,2018-05-31,123300000.0,1327300000.0,191700000.0,0.47,575200000.0,0.4333609583,10383800000.0,3028500000.0,1564200000.0,1846700000.0,7343500000.0,797600000.0,1631600000.0,13271400000.0,18224000000.0,11.523972602739725,0.8470244219418422,0.49646564841387547,1.7022288261515601,0.01822088973227433,11.523972602739725,0.04071322436849926,9.998794545317562,26.90875912408759,4.382169390787519,0.5539334955393349,0.9429538615847542,0.005146405051464051,0.127824110633872,0.36632912763307524,0.011874265683083264,58.51587301587302,0.43336095833647253,-0.7044025157232705,0.5770591515912024,0.3309104850979538,0.7735385108894015,0.10615384615384615,-0.7082347373402745,0.043549265106151334,0.42367441784884374,0.26154256244893787,0.7185519686240436,Packaged Foods,Consumer Defensive,MKC
2018Q1,2018,Q1,2018-03-27,2018-02-28,422600000.0,1237100000.0,183700000.0,1.59,520000000.0,0.420337887,10363000000.0,3060200000.0,1606000000.0,1871500000.0,7290600000.0,827700000.0,1592300000.0,14009536000.0,18964836000.0,11.66234756097561,0.8581351856799359,0.4955032326546367,1.6779622246911967,0.06479332727773665,11.66234756097561,0.13809554931050258,11.324497615390833,8.28770468528159,4.577980524148749,0.16138192143871274,0.8663767065361846,0.004868112691241166,0.11937662838946252,0.3641998397007748,0.04077969699893853,-270.45436293436296,0.4203378869937758,1.4090909090909092,4.615622994223364,0.33706961751900283,0.8102870803997988,-0.22178988326848248,1.4052361980648833,-0.3117272386661671,4.857260854523439,0.19637040027615246,0.7757740451535997,Packaged Foods,Consumer Defensive,MKC
2017Q4,2017,Q4,2018-01-25,2017-11-30,175700000.0,1490900000.0,266900000.0,0.66,668200000.0,0.4481856597,10385800000.0,2559900000.0,1617000000.0,1947300000.0,7814900000.0,793300000.0,1166500000.0,13395798000.0,18236098000.0,9.763157894736842,0.8303805268833769,0.4840358951645516,1.9637876479549983,0.026080410610591135,9.763157894736842,0.06863549357396773,8.985041250251525,19.060611838360842,5.232938005390836,0.350597609561753,1.0370603806882641,0.004598456919102542,0.14355177261260568,0.38098906177784625,0.016917329430568662,30.563080082135524,0.44818565966865653,0.5348837209302326,0.20882421818004318,0.3150821512560915,0.5373681395836136,0.37943848059454993,0.6238447319778189,0.5820983995257855,0.16633475580843998,0.24807759002140659,0.40329732936291185,Packaged Foods,Consumer Defensive,MKC
2017Q3,2017,Q3,2017-09-28,2017-08-31,108200000.0,1185200000.0,168700000.0,0.43,484400000.0,0.4087073912,10381700000.0,2521600000.0,1642600000.0,1734200000.0,7848400000.0,835800000.0,1123900000.0,12014919000.0,17225819000.0,9.982581155977831,0.9471802560258332,0.5179305894025064,2.132376269035533,0.016058808556346428,9.982581155977831,0.04290926395939086,10.137461187985151,27.760903419593344,4.7647997303299485,0.5415896487985212,0.8384781048097631,0.004877269667818818,0.11416242041284183,0.41650328681812937,0.010422185191249989,143.7191267942584,0.4087073911576105,0.07499999999999993,0.08475972028310158,0.2736602644353079,0.5530670254976942,0.08951866846603689,0.082,0.2722473604826546,-0.0966063597656786,0.16625165027101346,0.325216407492678,Packaged Foods,Consumer Defensive,MKC
2017Q2,2017,Q2,2017-06-30,2017-05-31,100000000.0,1114300000.0,132600000.0,0.4,444600000.0,0.3989948847,4872100000.0,1798100000.0,1425900000.0,1801400000.0,3062700000.0,779800000.0,1074200000.0,12987505000.0,14568605000.0,7.209703287890938,0.7915510158765404,0.35120379302559473,0.9516155942383627,0.0291104569346829,7.209703287890938,0.055614259496134806,11.655303778156691,32.468762500000004,7.222904732773483,0.585,0.8588099512695563,0.004504329353482443,0.22871041234785822,0.31070278672143886,0.020525030274419653,134.86505711318796,0.3989948846809656,0.08108108108108115,0.3144030221356966,0.20415973947229435,0.17930877194145245,0.07651331719128329,0.06951871657754011,-0.011922503725782414,0.23562822964463834,0.12584396474511525,-0.04321336450575867,Packaged Foods,Consumer Defensive,MKC
2017Q1,2017,Q1,2017-03-28,2017-02-28,93500000.0,1043700000.0,134200000.0,0.37,413000000.0,0.3957075788,4751100000.0,1719200000.0,1385100000.0,1738400000.0,3019500000.0,767200000.0,1073100000.0,12312342000.0,13879742000.0,6.871302957633893,0.7967671421997239,0.3563595798867631,0.984818520241973,0.02839648591315802,6.871302957633893,0.05438576081898557,11.79682092555332,32.920700534759355,7.161669381107492,0.6299465240641712,0.8220802919708029,0.004783817733458021,0.21967544358148638,0.30493557294063506,0.019679653132958684,837.5742857142857,0.39570757880617036,-0.40322580645161293,0.3352914983449483,0.22470872976263315,0.09248094566215276,-0.2351851851851852,-0.4059720457433291,-0.38749429484253767,0.18768984812150294,0.1010243144320864,-0.08614981714856368,Packaged Foods,Consumer Defensive,MKC
2016Q4,2016,Q4,2017-01-25,2016-11-30,157400000.0,1227000000.0,219100000.0,0.62,540000000.0,0.4400977995,4635900000.0,1626600000.0,1421800000.0,1422700000.0,2997800000.0,756300000.0,1056800000.0,11472960000.0,12801760000.0,6.465023847376789,0.9993674000140578,0.31217239370995925,0.8897085946145333,0.05010250259085436,6.465023847376789,0.09676626091233247,9.35041564792176,18.22261753494282,7.053338251567688,0.3443456162642948,0.9083696945656485,0.004724151395978021,0.26467352617614703,0.41020594643986785,0.03395241484932807,42.52394366197183,0.4400977995110024,0.24,0.2616347937690436,0.16705716886313104,0.07286217058921791,0.18968935888962327,0.23257635082223962,0.30572109654350416,0.26177938119114597,0.09290081937140761,-0.12283091705966673,Packaged Foods,Consumer Defensive,MKC
2016Q3,2016,Q3,2016-10-04,2016-08-31,127700000.0,1091000000.0,167800000.0,0.5,453900000.0,0.41604033,4716500000.0,1757400000.0,1468000000.0,1341200000.0,2941900000.0,760300000.0,1074700000.0,12887744000.0,14371344000.0,6.951740506329114,1.0945422010140173,0.34300858687586133,0.9205644702401274,0.03863536361467608,6.951740506329114,0.07266416296802095,11.81278093492209,25.230509005481597,7.333415272561739,0.42521534847298353,0.8379587005129554,0.00421330529222182,0.23131559419060743,0.43207575305696394,0.02707516166648998,168.24731070496082,0.4160403299725023,0.35135135135135137,0.45612788937809573,0.24349656726024443,0.07731057224243612,0.04875231053604436,0.36140724946695096,0.3424,0.27833930476744745,0.1218010389112229,0.029858608148565523,Packaged Foods,Consumer Defensive,MKC
2016Q2,2016,Q2,2016-07-01,2016-05-31,93800000.0,1063300000.0,125000000.0,0.37,432800000.0,0.4070347033,4644300000.0,1756500000.0,1402200000.0,1270700000.0,2870800000.0,739600000.0,1069800000.0,12318183000.0,13755583000.0,6.92080378250591,1.1034862674116628,0.33781194151971233,0.8931966979789354,0.028896899621098215,6.92080378250591,0.053401651010532306,11.584861280917897,32.83097814498934,7.012913748932536,0.5831556503198294,0.8524878312601406,0.004440589979869596,0.22894731175849967,0.4179586054930353,0.020196800378959153,120.294755859375,0.40703470328223457,0.0,0.32969301401308787,0.2553861178815734,0.1223154152780727,0.06864197530864198,0.004282655246252677,-0.031758326878388844,0.24228570511933625,0.1040005992300239,0.06511117803813218,Packaged Foods,Consumer Defensive,MKC
2016Q1,2016,Q1,2016-03-29,2016-02-29,93400000.0,1030200000.0,129100000.0,0.37,405000000.0,0.393127548,4400100000.0,1710200000.0,1306200000.0,1092200000.0,2673200000.0,702200000.0,1086300000.0,11853346000.0,13188046000.0,6.7277734067663255,1.1959348104742722,0.3287425285788959,0.8458075078938135,0.029890428637217907,6.7277734067663255,0.05461349549760262,11.505868763346923,31.727371520342615,6.930970646707988,0.5845824411134903,0.8903446311592139,0.004606294290236697,0.23413104247630737,0.44222669840688517,0.021226790300220448,213.5738018018018,0.3931275480489225,-0.3620689655172413,0.2716426534225021,0.3761005199515789,0.14089713635223255,-0.22369177688326625,-0.3739946380697051,-0.39161168708765315,0.28116071058843023,0.14936784621105165,0.044318154166516084,Packaged Foods,Consumer Defensive,MKC
2015Q4,2015,Q4,2016-01-28,2015-11-30,149200000.0,1201900000.0,212200000.0,0.58,521700000.0,0.434062734,4507800000.0,1670200000.0,1406500000.0,1240200000.0,2820900000.0,710800000.0,1036700000.0,10980576000.0,12263676000.0,6.534428794992175,1.1340912756007095,0.309618882825325,0.8356484253382829,0.04854302302705324,6.534428794992175,0.08933061908753442,9.136014643481154,18.39908847184987,6.574407855346665,0.34316353887399464,0.9569499155880697,0.004662779074613208,0.26662673588003016,0.4578293823576842,0.033098185367585076,51.07244651162791,0.4340627340044929,0.5263157894736841,0.1604636545275142,0.2761518741473412,0.19477964759504732,0.23654894524768902,0.5286885245901639,0.5299206921413122,0.05300892412945248,0.08753825292672622,0.028952184130326533,Packaged Foods,Consumer Defensive,MKC
2015Q3,2015,Q3,2015-10-05,2015-08-31,97600000.0,1059900000.0,138700000.0,0.38,421900000.0,0.3980564204,4490700000.0,1745300000.0,1374500000.0,1404600000.0,2728500000.0,727200000.0,1065100000.0,10147840000.0,11531440000.0,6.817578125,0.9785704115050549,0.33224218941367717,0.854867358047327,0.03005600940099428,6.817578125,0.05592161805993239,9.574337201622795,25.993442622950823,5.814381481693692,0.5245901639344263,0.8773377337733773,0.005045408678102927,0.23602111029460887,0.37825715506193935,0.02173380542009041,98.14158607350096,0.3980564204170205,0.15151515151515146,-0.0074096679687500906,0.3891095952365971,0.32379193599781503,0.044306930693069305,0.15776986951364175,0.33622350674373797,-0.03450620229007641,0.12388074370972697,0.06066313053227033,Packaged Foods,Consumer Defensive,MKC
2015Q2,2015,Q2,2015-07-01,2015-05-31,84300000.0,1024100000.0,103800000.0,0.33,404000000.0,0.3944927253,4378400000.0,1715300000.0,1358900000.0,1338800000.0,2643100000.0,738500000.0,1020400000.0,10015849000.0,11356849000.0,6.7056293979671615,1.0150134448760084,0.32671752238260554,0.8339649040984084,0.02776172126553233,6.7056293979671615,0.049145921996152274,9.780147446538423,29.702992289442467,5.839123768437009,0.6073546856465006,0.8396750169262017,0.005111898152617916,0.23389822766307328,0.35860472064535404,0.01925360862415494,159.48804140127388,0.394492725319793,0.17857142857142852,0.3251867844260882,0.33500763007238715,0.3955426047524496,0.03669489350782653,0.19574468085106383,0.10779082177161152,0.08031904560790398,0.07899702511489543,0.09685617488490184,Packaged Foods,Consumer Defensive,MKC
2015Q1,2015,Q1,2015-03-31,2015-02-28,70500000.0,1010400000.0,93700000.0,0.28,389700000.0,0.3856888361,4197500000.0,1683900000.0,1304700000.0,1221000000.0,2493600000.0,708400000.0,992000000.0,9663716000.0,10904916000.0,6.567472698907956,1.0685503685503686,0.31518761167361525,0.7856761090326029,0.023429239300477387,6.567472698907956,0.041867094245501515,9.564247822644496,34.26849645390071,5.738889482748382,0.7276595744680852,0.8761998870694523,0.005308516930754174,0.2407147111375819,0.3815724815724816,0.01679571173317451,120.19547263681592,0.38568883610451304,-0.5087719298245613,0.07149749907522068,0.36391613414700086,0.31409049919165555,-0.22999407231772376,-0.5236486486486487,-0.5300902708124373,-0.017521908930048444,0.15696375070178722,0.04417442062312483,Packaged Foods,Consumer Defensive,MKC
2014Q4,2014,Q4,2015-01-29,2014-11-30,148000000.0,1173600000.0,199400000.0,0.57,506100000.0,0.4312372188,4414300000.0,1792200000.0,1416200000.0,1122000000.0,2604900000.0,713800000.0,982600000.0,9519608000.0,10727208000.0,6.957298136645963,1.262210338680927,0.29107672790702943,0.7169400736524941,0.04798684833764077,6.957298136645963,0.08258006918870661,8.11145875937287,16.080418918918916,5.311688427630845,0.3222972972972973,0.9351358924068367,0.0050107105250552335,0.26586321727114154,0.5088235294117647,0.0335273995877036,54.99484690930098,0.4312372188139059,0.21276595744680848,0.3071516692212793,0.30379764692605027,0.3793654180702245,0.20471316353249228,0.20423108218063465,0.26764144945963125,0.15865842279380582,0.09026594498349479,0.15455443885902279,Packaged Foods,Consumer Defensive,MKC
2014Q3,2014,Q3,2014-10-02,2014-08-31,122900000.0,1042800000.0,157300000.0,0.47,420100000.0,0.4028576908,4472100000.0,1952500000.0,1408800000.0,1077600000.0,2502100000.0,705600000.0,993600000.0,9031824000.0,10305724000.0,7.5327932098765435,1.3073496659242763,0.3058294760850607,0.7004865556978233,0.03722918298094493,7.5327932098765435,0.0629449423815621,8.661127733026467,18.372302685109844,4.625774135723431,0.39056143205858423,0.8825113378684807,0.005314541115947344,0.2331790434024284,0.529510022271715,0.02748149638872118,143.13508716323295,0.4028576908323744,0.4687499999999999,0.6529000427413654,0.33037790221698266,0.4808780223366217,0.018424242424242423,0.4544378698224852,0.29252259654889073,0.36679247181964586,0.15921217827997478,0.16735625504543872,Packaged Foods,Consumer Defensive,MKC
2014Q2,2014,Q2,2014-06-27,2014-05-31,84500000.0,1033400000.0,121700000.0,0.32,412500000.0,0.3991677956,4409300000.0,1962200000.0,1324700000.0,1002800000.0,2429400000.0,687300000.0,969300000.0,9414762000.0,10658562000.0,7.535330261136712,1.3210011966493818,0.3005465720182342,0.6753643869126491,0.0264719339345496,7.535330261136712,0.043063907858526145,9.110472227598219,27.854325443786987,4.798064417490572,0.5692307692307692,0.9033900771133421,0.005108997975732153,0.2343682670718708,0.49710809732748307,0.019164039643480825,123.06878431372549,0.3991677956260886,0.03225806451612906,0.6717869943676394,0.36877698136499565,0.5628301287985623,0.05363984674329502,0.024242424242424242,-0.023274478330658106,0.16749732852467758,0.18916085089103968,0.22197039203196847,Packaged Foods,Consumer Defensive,MKC
2014Q1,2014,Q1,2014-03-26,2014-02-28,82500000.0,993400000.0,124600000.0,0.31,391500000.0,0.394101067,4429700000.0,1971500000.0,1340100000.0,1012100000.0,2442300000.0,682900000.0,993200000.0,8705040000.0,9914240000.0,7.51906941266209,1.3240786483549056,0.2931575501726979,0.6586862794826275,0.026238056211020568,7.51906941266209,0.04184630991630738,8.762874974833904,26.378909090909094,4.41544002028912,0.5890909090909091,0.8813881973934691,0.005582972622756472,0.2242589791633745,0.5112143068866712,0.018624286069034022,149.57113402061856,0.3941010670424804,-0.38,0.421084358851314,0.3741657098784601,0.7904509219113129,-0.22043010752688172,-0.36538461538461536,-0.28431935669155656,0.08896774885583528,0.2864580470972592,0.2750852685246801,Packaged Foods,Consumer Defensive,MKC
2013Q4,2013,Q4,2014-01-29,2013-11-30,130000000.0,1170000000.0,174100000.0,0.5,502200000.0,0.4292307692,4449700000.0,1932500000.0,1370200000.0,1063100000.0,2502000000.0,676900000.0,970400000.0,9045900000.0,10216000000.0,7.370327993897788,1.288872166306086,0.2771198058296065,0.6380853816300129,0.04161148682075396,7.370327993897788,0.06727037516170763,7.731538461538461,17.39596153846154,4.680931435963777,0.3453846153846154,0.9865563598759048,0.004963574658132413,0.2629390745443513,0.5253503903677923,0.029215452727150145,47.13861386138614,0.42923076923076925,0.282051282051282,0.5680426266171973,0.2822366433998383,0.8200582537759533,0.23209028459273798,0.24521072796934865,0.17318059299191374,-0.014323881636711742,0.2110108977195676,0.34761861510492675,Packaged Foods,Consumer Defensive,MKC
2013Q3,2013,Q3,2013-09-27,2013-08-31,104400000.0,1016400000.0,148400000.0,0.39,407600000.0,0.4010232192,4353000000.0,1783400000.0,1370900000.0,1054300000.0,2555500000.0,640800000.0,1011900000.0,8936565000.0,10168365000.0,6.750189250567752,1.3002940339561795,0.31670112566046404,0.7730178311091174,0.03463305670952434,6.750189250567752,0.05853986766849838,8.79237012987013,21.399820402298854,5.010970617920825,0.43007662835249044,0.9500624219725343,0.005024301843045958,0.23349414197105445,0.577824148724272,0.023983459682977257,118.67948207171315,0.40102321920503736,0.3000000000000001,0.4896083230523743,0.2728458558968308,0.43647049061621185,0.033468559837728194,0.3282442748091603,0.2793103448275862,0.02879269965934893,0.29075384507804664,0.3107068129653043,Packaged Foods,Consumer Defensive,MKC
2013Q2,2013,Q2,2013-06-28,2013-05-31,78600000.0,1002600000.0,116000000.0,0.3,394400000.0,0.3933772192,4208800000.0,1716700000.0,1217500000.0,1226200000.0,2475100000.0,611400000.0,953200000.0,9125468000.0,10379668000.0,6.497728993186979,0.9929049094764313,0.3151254514350884,0.7725869400594163,0.02682811295598837,6.497728993186979,0.04578551872779169,9.101803311390386,29.025025445292624,5.315703384400303,0.5725190839694656,0.9947661105659142,0.004931253936784393,0.23821516821896976,0.38492904909476433,0.01867515681429386,115.65865652724969,0.393377219230002,0.07142857142857129,0.43671645649083274,0.2783601672359789,0.3548120233668112,0.09040641415537738,0.034210526315789476,0.03571428571428571,0.19629915083098712,0.2654261615546967,0.3522753951890969,Packaged Foods,Consumer Defensive,MKC
2013Q1,2013,Q1,2013-04-02,2013-02-28,76000000.0,934400000.0,112000000.0,0.28,361700000.0,0.3870933219,4086100000.0,1707200000.0,1211500000.0,1115500000.0,2361300000.0,606500000.0,948300000.0,8913275000.0,10074475000.0,6.442264150943396,1.086060062752129,0.30097158659846796,0.720360824742268,0.02727731534807796,6.442264150943396,0.04451733833177132,9.539035744863014,29.319983552631577,5.220990510777882,0.593421052631579,0.9442704039571311,0.005059868566828691,0.228677712243949,0.4235768713581354,0.018599642691074617,464.2330729166667,0.3870933219178082,-0.5,0.4271860583638699,0.24637482782481332,0.4268784393480325,-0.2502072968490879,-0.48264125255275697,-0.44083874188716926,0.1176035790702197,0.2203918703801966,0.2890374276615417,Packaged Foods,Consumer Defensive,MKC
2012Q4,2012,Q4,2013-01-25,2012-11-30,146900000.0,1145800000.0,200300000.0,0.56,482400000.0,0.4210158841,4165400000.0,1682900000.0,1285400000.0,1187600000.0,2465200000.0,615000000.0,934600000.0,8554200000.0,9647000000.0,6.350566037735849,1.0823509599191647,0.28131752052624,0.6962980569255451,0.05290515369250336,6.350566037735849,0.08728979737358132,7.465700820387502,14.557862491490809,5.08301146829877,0.27978216473791695,1.0786991869918698,0.004804657361296205,0.27507562298938876,0.4588245200404176,0.035266721083209294,56.800796812749006,0.4210158840984465,0.43589743589743596,0.6193921029471253,0.28639602238452855,0.49765906281135724,0.2315547612969109,0.4017175572519084,0.38904299583911234,0.2612060546082838,0.23736804084581187,0.25907371016402325,Packaged Foods,Consumer Defensive,MKC
2012Q3,2012,Q3,2012-09-28,2012-08-31,104800000.0,977700000.0,144200000.0,0.39,391700000.0,0.4006341414,4057000000.0,1705900000.0,1219400000.0,902600000.0,2333000000.0,628600000.0,909600000.0,8153088000.0,9338388000.0,6.427656367746797,1.3509860403279415,0.3099580971160956,0.7371475467495164,0.03648601899453341,6.427656367746797,0.06143384723606308,8.33904878797177,19.44916030534351,4.779346972272701,0.3931297709923664,0.9322303531657652,0.005053300050238634,0.24099087996056198,0.535563926434744,0.025831895489277792,96.03166077738516,0.40063414135215303,0.3000000000000001,0.7934445582460962,0.32799606904316275,0.7120789131681482,0.008496395468589083,0.2954264524103832,0.18878812860676009,0.37654390980325647,0.2181862520713443,0.26361826017579904,Packaged Foods,Consumer Defensive,MKC
2012Q2,2012,Q2,2012-07-02,2012-05-31,80900000.0,984000000.0,121300000.0,0.3,388400000.0,0.3947154472,3965700000.0,1621300000.0,1167200000.0,900300000.0,2326800000.0,611000000.0,885900000.0,7473336000.0,8684036000.0,6.113499245852187,1.296456736643341,0.32077565120911816,0.7846172824276815,0.029889182508818633,6.113499245852187,0.04989822981558009,7.594853658536586,23.09436341161928,4.609471411830013,0.5067985166872683,0.9747954173486089,0.0054861711021690985,0.24812769498449203,0.4880595357103188,0.020399929394558338,73.41194499017682,0.39471544715447154,0.07142857142857129,0.9168434840627678,0.4054122944597853,0.58404457628779,0.09316070925978047,0.08590604026845637,0.07822222222222222,0.5715934682172066,0.2797548805502759,0.26794187947958653,Packaged Foods,Consumer Defensive,MKC
2012Q1,2012,Q1,2012-04-02,2012-02-29,74500000.0,906700000.0,112500000.0,0.28,355300000.0,0.3918605934,4079700000.0,1674300000.0,1192800000.0,959900000.0,2387100000.0,640400000.0,869000000.0,6714895000.0,7972295000.0,6.289631855747558,1.2426294405667258,0.3215432507292203,0.7834916084333752,0.02636087747102114,6.289631855747558,0.04449620737024428,7.4058619168412925,22.53320469798658,4.010568595831094,0.5557046979865772,0.8610243597751406,0.006165397969737426,0.22224673382846777,0.453693093030524,0.018261146652940166,907.4182432432433,0.3918605933605382,-0.4285714285714285,0.6495746003548174,0.3605157765592021,0.6598753894609856,-0.2584011688582759,-0.4347496206373293,-0.4140625,0.2639992604041474,0.2353875022416578,0.497695597229362,Packaged Foods,Consumer Defensive,MKC
2011Q4,2011,Q4,2012-01-27,2011-11-30,131800000.0,1110700000.0,192000000.0,0.49,479100000.0,0.4313495994,4087800000.0,1601700000.0,1222900000.0,993300000.0,2469300000.0,613700000.0,838800000.0,6472230000.0,7670430000.0,6.025959367945824,1.2311486962649754,0.30630167816429377,0.7817319098457889,0.048061619299968175,6.025959367945824,0.08228756945745146,5.827163050328622,12.276612291350531,4.040850346506836,0.28148710166919577,1.0291673456086035,0.0057321819527427174,0.27171094476246394,0.48414376321353064,0.03224228191203092,29.908641404805916,0.43134959935176015,0.4000000000000001,0.5555373737209107,0.3554076978939121,0.6831622154838328,0.31440329218106994,0.4326086956521739,0.4953271028037383,0.5682223293665578,0.2007616384078556,0.48807449188541824,Packaged Foods,Consumer Defensive,MKC
2011Q3,2011,Q3,2011-10-07,2011-08-31,92000000.0,920400000.0,128400000.0,0.35,364500000.0,0.3960234681,3714600000.0,1711300000.0,1163300000.0,639500000.0,1994200000.0,600300000.0,785700000.0,6336954000.0,7316754000.0,6.452865761689291,1.8190774042220486,0.27782264577612664,0.6030503126278268,0.03425928814006459,6.452865761689291,0.053760299187752,6.885,17.219983695652175,3.7030059019458887,0.4032608695652174,0.9260369815092454,0.0058545477843140415,0.24777903408173155,0.6941360437842065,0.02476713508856943,264.03975,0.3960234680573664,0.2499999999999998,1.1198375685943909,0.3774324768476525,0.8529415549832544,0.03934987168520103,0.25,0.1747483989021043,0.307731883962376,0.14827804202540795,0.3731987211758152,Packaged Foods,Consumer Defensive,MKC
2011Q2,2011,Q2,2011-07-01,2011-05-31,73600000.0,883700000.0,109300000.0,0.28,350700000.0,0.396854136,3589400000.0,1632900000.0,1079600000.0,846500000.0,1947300000.0,577300000.0,732700000.0,6645156000.0,7586956000.0,6.16654078549849,1.2753691671588896,0.27572853401682734,0.6060995774389124,0.028734866654094252,6.16654078549849,0.045073182681119484,7.519696729659387,22.571861413043475,4.069542531692081,0.5040760869565217,0.9232634678676598,0.00558301415346758,0.24619713601158968,0.46131128174837566,0.02050481974703293,165.30238805970149,0.396854136019011,0.0,1.3641071944264918,0.37871025628263755,0.791336755351087,0.06855575868372943,-0.041666666666666664,-0.011754068716094032,0.3422739665463121,0.12420423530081598,0.28575747119263767,Packaged Foods,Consumer Defensive,MKC
2011Q1,2011,Q1,2011-04-01,2011-02-28,76800000.0,782800000.0,110600000.0,0.28,328200000.0,0.4192641799,3477600000.0,1567400000.0,1015600000.0,806700000.0,1901100000.0,544900000.0,731300000.0,6332685000.0,7262285000.0,5.896914973664409,1.258956241477625,0.27898550724637683,0.6189868572157713,0.030363713968406567,5.896914973664409,0.04899834120199056,8.089786663260092,20.614208984375,4.040248181702182,0.484375,0.8342815195448706,0.0058742855518630725,0.22509776857602945,0.4554357257964547,0.022084195997239476,-169.77707774798927,0.4192641798671436,-0.43999999999999995,7.9608270846575016,0.2811160694885207,0.8792148386019984,-0.2641255605381166,-0.4255796559461481,-0.4034519956850054,0.4378683349085917,0.04101635793225571,0.3060906286120161,Packaged Foods,Consumer Defensive,MKC
2010Q4,2010,Q4,2011-01-27,2010-11-30,133700000.0,979400000.0,185400000.0,0.5,446000000.0,0.4553808454,3419700000.0,1453700000.0,1015900000.0,834800000.0,1957000000.0,477600000.0,700900000.0,5848929000.0,6678429000.0,5.469149736644093,1.2169381887877335,0.2574202415416557,0.605558230721607,0.05819723993292303,5.469149736644093,0.09197220884639197,5.971951194608944,10.936666043380704,4.023477333700213,0.2580403889304413,1.1168341708542713,0.00589851577955554,0.28639939175951107,0.5240776233828461,0.039096996812585896,28.420451895043733,0.45538084541556056,0.3157894736842105,0.5142763458544726,0.3258780376779212,0.8134002143420672,0.3321385902031063,0.3056640625,0.4714285714285714,0.4694422607853019,0.09626832910518804,0.28979395226912125,Packaged Foods,Consumer Defensive,MKC
2010Q3,2010,Q3,2010-10-01,2010-08-31,102400000.0,794600000.0,126000000.0,0.38,334800000.0,0.4213440725,3264700000.0,1373000000.0,955600000.0,798500000.0,1882900000.0,480100000.0,709600000.0,5314671000.0,6268271000.0,5.150037509377344,1.1967438948027551,0.29932306184335467,0.7117261471230881,0.04501379075948634,5.150037509377344,0.07458120903131828,6.688486030707274,12.975270996093748,3.870845593590677,0.3388671875,0.9577171422620288,0.006529096532974478,0.24339142953410728,0.42993112085159674,0.03136582228076087,88.72572621035059,0.4213440724893028,0.52,1.1451726909213233,0.282271814960875,0.6643729446043739,0.024793388429752067,0.5468277945619335,0.2923076923076923,0.7444856570179696,0.07443589392643658,0.3717706917367204,Packaged Foods,Consumer Defensive,MKC
2010Q2,2010,Q2,2010-07-07,2010-05-31,66200000.0,798300000.0,97500000.0,0.25,326700000.0,0.4092446449,3192400000.0,1279100000.0,907800000.0,709300000.0,1905000000.0,448800000.0,670100000.0,5113702000.0,6094702000.0,4.805033809166041,1.2798533765684477,0.31452825460468614,0.7850050816980689,0.029822086865975102,4.805033809166041,0.05175514033304667,6.405739696855819,19.311563444108764,3.997890704401532,0.5226586102719033,1.0508021390374331,0.006766135375115718,0.25006264879087836,0.4707458057239532,0.020736749780729233,109.03415778251599,0.4092446448703495,-0.03846153846153849,0.5660298685292149,0.28569135232661197,0.6065744539984482,0.05319148936170213,-0.025036818851251842,-0.03273809523809524,0.5626495431579797,0.13590038785005534,0.2450132793347459,Packaged Foods,Consumer Defensive,MKC
2010Q1,2010,Q1,2010-03-31,2010-02-28,67900000.0,764500000.0,100800000.0,0.26,310200000.0,0.4057553957,3245400000.0,1322400000.0,901800000.0,715500000.0,1913800000.0,434800000.0,653400000.0,4938759000.0,5933559000.0,4.9977324263038545,1.260377358490566,0.313274172675171,0.7688294010889292,0.02979303530797695,4.9977324263038545,0.05134603750756201,6.460116415958143,18.18394329896907,3.7346937386569876,0.5066273932253313,1.0448482060717572,0.006965312541065479,0.23556418315153757,0.48525506638714183,0.02092192025636285,-350.26659574468084,0.40575539568345326,-0.40909090909090906,0.9319772149798515,0.2985792608066302,0.49895451733451446,-0.2644059758121888,-0.41616509028374893,-0.433389544688027,0.5125288727531653,0.15407934280454705,0.31893459709446326,Packaged Foods,Consumer Defensive,MKC
2009Q4,2009,Q4,2010-01-28,2009-11-30,116300000.0,924600000.0,177900000.0,0.44,421700000.0,0.4560891196,3387800000.0,1334600000.0,970500000.0,818200000.0,2053200000.0,445900000.0,591500000.0,4720464000.0,5672064000.0,5.043839758125473,1.1861403079931556,0.2925497372926383,0.7426195114641091,0.050764859455097275,5.043839758125473,0.08714221489584895,5.105412070084361,10.147171109200343,3.5369878615315447,0.2699914015477214,1.1278313523211483,0.006651888458422732,0.2729204793671409,0.49474456123197263,0.034329063108802176,24.572951587714734,0.4560891196192948,0.5714285714285713,0.3652067216618299,0.27397599277339346,0.538028142857058,0.3219435736677116,0.5486018641810919,0.5257289879931389,0.3788273560527301,0.13342347109330657,0.40883799299926427,Packaged Foods,Consumer Defensive,MKC
2009Q3,2009,Q3,2009-10-08,2009-08-31,75100000.0,791700000.0,116600000.0,0.28,319000000.0,0.4029304029,3306400000.0,1331700000.0,920400000.0,854300000.0,1974700000.0,447400000.0,542300000.0,4263413000.0,5395013000.0,5.086707410236822,1.0773732880721059,0.35068352286474713,0.8706915972065781,0.03237216327119877,5.086707410236822,0.05639408275137043,5.3851370468611846,14.192453395472702,3.2014815649170236,0.4181091877496671,1.0565489494859186,0.007364991381318207,0.2394447132833293,0.41730071403488234,0.022713525284297122,52.50508620689655,0.40293040293040294,0.47368421052631593,0.7009550464917113,0.35011947942177396,0.7294954201062139,0.05559232296492389,0.4812623274161736,0.41333333333333333,0.7529057748887951,0.20021273598974954,0.4606489405726609,Packaged Foods,Consumer Defensive,MKC
2009Q2,2009,Q2,2009-07-09,2009-05-31,50700000.0,757300000.0,82500000.0,0.19,302200000.0,0.3990492539,3236100000.0,1259400000.0,885500000.0,856700000.0,1976700000.0,450000000.0,499500000.0,3981994000.0,5175494000.0,4.8215926493108725,1.0336173689739698,0.37279441302802757,0.957916468159441,0.0221947127797377,4.8215926493108725,0.04025726536445927,5.258146045160438,19.63507889546351,3.161818326187073,0.6193293885601578,1.0113333333333334,0.007885496562777343,0.2340162541330614,0.38484883856659274,0.015667006581996847,44.84227477477477,0.39904925392842994,-0.13636363636363635,0.24724351480571652,0.3391423221436351,0.657026244212287,0.0633356790992259,-0.12131715771230503,-0.08129175946547884,0.6509811615581537,0.19779064362865426,0.40063877504103557,Packaged Foods,Consumer Defensive,MKC
2009Q1,2009,Q1,2009-04-08,2009-02-28,57700000.0,718500000.0,89800000.0,0.22,284200000.0,0.395546277,3161000000.0,1094400000.0,921000000.0,932300000.0,2066600000.0,447800000.0,481600000.0,4084905000.0,5341705000.0,4.19953952417498,0.987879437949158,0.4049984182220816,1.1697733918128654,0.02715442428858693,4.19953952417498,0.05272295321637427,5.685323590814196,17.698895147313692,3.7325520833333337,0.5407279029462738,0.9698526127735596,0.007637876523444241,0.22730148687124327,0.39193392684758127,0.018253717178108194,-142.33118466898955,0.39554627696590117,-0.3125,0.5962056039583247,0.3233123361063378,0.37624069920027187,-0.2825044180762434,-0.29975728155339804,-0.2856006364359586,5.866623812645066,0.19934740403680096,0.3382992673915261,Packaged Foods,Consumer Defensive,MKC
2008Q4,2008,Q4,2009-01-28,2008-11-30,82400000.0,906900000.0,125700000.0,0.32,396100000.0,0.4367625979,3220300000.0,1055300000.0,968300000.0,1034100000.0,2165000000.0,439000000.0,425400000.0,3755246000.0,4955546000.0,4.049501151189562,0.9363697901556909,0.3848088687389374,1.1742632426798068,0.03892618900294958,4.049501151189562,0.0780820619728987,4.140749807034954,11.393343446601941,3.5584629963043684,0.33980582524271846,1.1635535307517084,0.007456235889739315,0.2816197248703537,0.4386422976501306,0.025587678166630438,22.063725029377203,0.43676259786084465,0.23076923076923075,0.02922832415557159,0.36842316417140986,0.4730596653176503,0.2843709468223087,0.20116618075801748,0.35306781485468247,-0.048121520821664224,0.2522280976291747,0.34268882900462316,Packaged Foods,Consumer Defensive,MKC
2008Q3,2008,Q3,2008-10-09,2008-08-31,68600000.0,781600000.0,92900000.0,0.26,308400000.0,0.3945752303,3430300000.0,1215200000.0,980000000.0,1057100000.0,2215100000.0,462300000.0,403300000.0,5230185000.0,6551585000.0,4.6991492652745555,0.9270646107274619,0.3940471678861907,1.112327188940092,0.025426447315346327,4.6991492652745555,0.056451612903225805,6.691638945752303,19.060440962099126,4.303970539828835,0.4227405247813411,1.0235777633571275,0.0055447369452514585,0.2278517913885083,0.4352473748935768,0.01999825088184707,857.4073770491804,0.394575230296827,0.2380952380952382,1.03771949831197,0.5116912175247095,0.8216529525024177,0.035246727089627394,0.2870544090056285,0.15403726708074533,0.4815559028337028,0.30031242033607813,0.5186562982385137,Packaged Foods,Consumer Defensive,MKC
2008Q2,2008,Q2,2008-07-09,2008-05-31,53300000.0,764100000.0,80500000.0,0.21,297900000.0,0.3898704358,2900400000.0,1234500000.0,982800000.0,756700000.0,1656400000.0,459600000.0,380500000.0,4836546000.0,5552446000.0,4.796037296037296,1.2987974098057353,0.2631361191559785,0.6182260024301337,0.02788871043507944,4.796037296037296,0.04317537464560551,6.329729093050648,22.685487804878047,3.9178177399756984,0.5319324577861163,1.014360313315927,0.005862034600725394,0.26344642118328504,0.6129245407691292,0.018376775617156255,106.27202214849157,0.38987043580683156,0.049999999999999906,0.44271160768070106,0.38637204439510997,0.8513779129659065,0.04251968503937008,0.036501176516344824,0.04019951155849023,0.3039735108716743,0.2726831722521947,0.603566448489698,Packaged Foods,Consumer Defensive,MKC
2008Q1,2008,Q1,2008-04-07,2008-02-29,51423000.0,723950000.0,77389000.0,0.2,285750000.0,0.3947095794,2858276000.0,1155372000.0,951344000.0,737726000.0,1693778000.0,449383000.0,360358000.0,4407877500.0,5179967500.0,4.51493552168816,1.2895627916055554,0.27867357805894183,0.6894108564168078,0.027697487208428136,4.51493552168816,0.04450774296070876,6.088649077974998,21.429503821247305,3.815115391406404,0.5473815218870933,0.9751147684714375,0.006385839896866462,0.25328204833962853,0.6075385712310533,0.017990914803189054,630.6878666475891,0.3947095793908419,-0.411764705882353,0.6075967174677608,0.43254962172804373,0.9842947643815773,-0.23044605851033748,-0.4129660494531839,-0.41395944083481,0.5128964002205099,0.27150800670333164,0.3541507264552912,Packaged Foods,Consumer Defensive,MKC
2007Q4,2007,Q4,2008-01-28,2007-11-30,87598000.0,860119000.0,132054000.0,0.34,371319000.0,0.4317065429,2787500000.0,1085100000.0,983100000.0,861300000.0,1692500000.0,430200000.0,323800000.0,4888969500.0,5566169500.0,4.2403282532239155,1.1414141414141414,0.2594080717488789,0.6663901944521242,0.050716849301522614,4.2403282532239155,0.08072804349829509,5.684061740294076,13.952857085778215,4.505547414984794,0.291159615516336,1.1362157136215714,0.005216845799508465,0.30856286995515697,0.5833043074422385,0.03142529147982063,28.15059134460362,0.4317065429318501,0.5454545454545455,0.2469826683436547,0.3431557654686107,1.0125057503297001,0.3059483907726612,0.5409161272164368,0.48562235622356226,0.0632427934027319,0.22542137167103468,0.2930117730056669,Packaged Foods,Consumer Defensive,MKC
2007Q3,2007,Q3,2007-10-09,2007-08-31,56848000.0,716227000.0,88888000.0,0.22,284329000.0,0.3969816832,2673345000.0,969330000.0,943593000.0,1003959000.0,1694782000.0,439859000.0,298787000.0,4626800640.0,5454734640.0,3.7542991262316416,0.9398720465676387,0.3268033119556211,0.9013008985587984,0.03340873663167692,3.7542991262316416,0.05864669410830161,6.459964005824969,20.347244582043345,4.773194515799573,0.45663875598086123,0.9819010182808582,0.005610572406249169,0.2679141674568752,0.44382589328847094,0.02126474510398022,306.06606072633457,0.39698168318144944,0.375,0.7614178595773688,0.432357495824797,0.8063781011033039,0.04609639440765269,0.3723114061557031,0.32851079093680874,0.305554330816391,0.23848031392920413,0.2764727004858508,Packaged Foods,Consumer Defensive,MKC
2007Q2,2007,Q2,2007-07-09,2007-05-31,41425000.0,687214000.0,66908000.0,0.16,271800000.0,0.3955099867,2584095000.0,1004608000.0,888381000.0,895053000.0,1575022000.0,427512000.0,355392000.0,4853293500.0,5575712500.0,3.8594237418363426,0.9925456928248941,0.29522444027793093,0.7593887367012805,0.026088079468885035,3.8594237418363426,0.041234989169905076,7.062273905944873,29.289640917320458,4.831032104064471,0.6295956547978274,0.9717013791425738,0.00537387652323108,0.2659399131997856,0.4484639457104775,0.016030757383145744,101.62262866954228,0.3955099866999217,-0.058823529411764754,0.3261941333942758,0.3381883994028349,0.9930693328018765,0.028174555138603074,-0.06337614181061771,0.008394749137164474,0.02259771204186053,0.21941008291342015,0.32635975141384804,Packaged Foods,Consumer Defensive,MKC
2007Q1,2007,Q1,2007-04-06,2007-02-28,44228000.0,652639000.0,66351000.0,0.17,264352000.0,0.4050508781,2561894000.0,987804000.0,887327000.0,895741000.0,1570060000.0,411840000.0,381951000.0,4990871760.0,5707738760.0,3.789219296630455,0.9906066597375804,0.29487910116499744,0.7647762106652737,0.026862562682593297,3.789219296630455,0.04477406449052646,7.6472165469731355,28.211041421723795,5.052491951844698,0.5891064484037262,0.9428103146853147,0.005220530851708359,0.2547486351894341,0.4670669311776507,0.01726378999287246,-55.11912885021039,0.4050508780504996,-0.46875,0.39587502167617816,0.3433115628749606,1.2118504014446776,-0.25675550294793253,-0.46777376654632974,-0.47524971726390547,0.22310485528953883,0.20160570700801736,0.24177371928469882,Packaged Foods,Consumer Defensive,MKC
