Quarters,Year,Quarter,FillingDate,Date,NetIncome,Revenue,OperatingIncome,EPSDiluted,GrossProfit,GrossProfitRatio,TotalAssets,CommonStockEquity,CurrentAssets,CurrentLiability,TotalLiability,Inventory,RetainedEarnings,MarketCap,EnterpriseValue,bookValuePerShare,currentRatio,debtToAssets,debtToEquity,roic,shareholdersEquityPerShare,roe,priceToSalesRatio,peRatio,pbRatio,payoutRatio,inventoryTurnover,dividendYield,assetTurnover,quickRatio,returnOnAssets,priceToFreeCashFlowsRatio,grossProfitMargin,epsdilutedGrowth,fiveYNetIncomeGrowthPerShare,fiveYRevenueGrowthPerShare,fiveYShareholdersEquityGrowthPerShare,grossProfitGrowth,netIncomeGrowth,operatingIncomeGrowth,threeYNetIncomeGrowthPerShare,threeYRevenueGrowthPerShare,threeYShareholdersEquityGrowthPerShare,Industry,Sector,Symbol
2023Q1,2023,Q1,2023-05-18,2023-03-31,376054.0,0.0,-425545.0,0.01,-375295.0,0.0,256101587.0,242387839.0,275823.0,1122091.0,13713748.0,0.0,-12463551.0,254500000.0,254506472.0,9.69551356,0.24581161420954273,0.0001613890819036588,0.00017052010600251277,-0.0007074695835300314,9.69551356,0.0015514557229911192,0.0,169.19112680625653,1.0499701678515314,0.0,0.0,0.0,0.0,0.03106699902236093,0.001468378249448333,-358.63254607970237,0.0,-0.9285714285714285,0.0,0.0,0.0,0.7363557172863877,-0.8960029955685939,-0.25946720256187905,0.0,0.0,0.0,Shell Companies,Financial Services,HWELU
2022Q4,2022,Q4,2023-03-03,2022-12-31,3616008.0,0.0,-337877.0,0.14,-1423490.0,0.0,254136756.0,241993117.0,467930.0,928258.0,12143639.0,0.0,-10762579.0,249250000.00000003,249112248.00000003,9.67972468,0.504094766756656,0.0,0.0,-0.0012339083770532572,9.67972468,0.014942606818027804,0.0,17.23240103451099,1.029987972757093,0.0,0.0,0.0,0.0,0.14839839785921585,0.0142285911605797,-1062.310872437455,0.0,15.14141414141414,-0.6278698901817249,0.0,0.049497314435628166,-1.5662478794729375,15.601991616795484,0.44143052453558207,-0.6278698901817249,0.0,0.049497314435628166,Shell Companies,Financial Services,HWELU
2022Q3,2022,Q3,2022-11-10,2022-09-30,-247638.0,0.0,-604897.0,-0.0099,-554697.0,0.0,252158296.0,238377109.0,807031.0,619548.0,13781187.0,0.0,-12536702.0,243500000.0,243127618.0,9.53508436,1.3026125497943661,0.0,0.0,0.017669471853459212,9.53508436,-0.0010388497496208833,0.0,-245.82253127549086,1.0214907002668616,0.0,0.0,0.0,0.0,0.6010543170182133,-0.0009820735780987353,-1076.005302695537,0.0,-1.045,-1.0414268732160823,0.0,0.02723384745463914,-1.1056793291551044,-1.0442012361238608,-0.9274732417972845,-1.0414268732160823,0.0,0.02723384745463914,Shell Companies,Financial Services,HWELU
2022Q2,2022,Q2,2022-08-12,2022-06-30,5602513.0,0.0,-313829.0,0.22,-263429.0,0.0,251491249.0,238624747.0,1047431.0,278502.0,12866502.0,0.0,-11375878.0,246000000.0,245468386.0,9.54498988,3.760946061428643,0.0,0.0,-0.002786396025743968,9.54498988,0.023478340241048008,0.0,10.977216831089905,1.0309073266403506,0.0,0.0,0.0,0.0,1.9088336888065436,0.022277168777351773,-1290.0383865080864,0.0,-0.5111111111111111,872.4439259604916,0.0,15360.448886313892,0.0,-0.49836239541630095,0.1464778466467403,872.4439259604916,0.0,15360.448886313892,Shell Companies,Financial Services,HWELU
2022Q1,2022,Q1,2022-05-13,2022-03-31,11168447.0,0.0,-367687.0,0.45,0.0,0.0,251472568.0,235980405.0,1047079.0,278163.0,15492163.0,0.0,-14020220.0,246250000.0,245728510.0,9.4392162,3.764264118520436,0.0,0.0,-0.0032223358302156183,9.4392162,0.04732785758207339,0.0,5.512180878863463,1.0435188464059122,0.0,0.0,0.0,0.0,1.8747640771777698,0.04441218813178859,-848.3597803394129,0.0,0.15384615384615383,0.0,0.0,0.0,0.0,0.1493656564392517,0.49981295036450873,0.0,0.0,0.0,Shell Companies,Financial Services,HWELU
2021Q4,2021,Q4,2022-03-28,2021-12-31,9717053.0,0.0,-735099.0,0.39,0.0,0.0,251541913.0,230580025.0,1238964.0,277888.0,20961888.0,0.0,-19420600.0,249750000.0,249000744.0,9.223201,4.4585012666973745,0.0,0.0,-0.006897915829326757,9.223201,0.04214178136202388,0.0,6.425559271931521,1.083138055865854,0.0,0.0,0.0,0.0,2.6962517273146016,0.03862995587538527,-205.90839611581328,0.0,0.6250000000000001,0.0,0.0,0.0,0.0,0.6255466554605992,-1.5539346141819823,0.0,0.0,0.0,Shell Companies,Financial Services,HWELU
2021Q3,2021,Q3,2021-11-22,2021-09-30,5977714.0,0.0,-287830.0,0.24,0.0,0.0,252084947.0,232057296.0,1832529.0,167651.0,20027651.0,0.0,-17943329.0,248250000.0,247266341.0,9.28229184,10.930617771441865,0.0,0.0,-0.0012403402304575677,9.28229184,0.025759646876174925,0.0,10.382313372637098,1.0697789049476816,,0.0,,0.0,5.867301716064921,0.023713093824678077,0.0,0.0,924.0769230769232,0.0,0.0,0.0,0.0,930.8046352465391,-43.770570850832165,0.0,0.0,0.0,Shell Companies,Financial Services,HWELU
2021Q2,2021,Q2,2021-09-14,2021-06-30,-6429.0,0.0,-6429.0,-0.00026,0.0,0.0,667347.0,15534.0,9231.0,651813.0,651813.0,0.0,-9466.0,247500000.0,247791499.0,0.00062136,0.014162037271426007,0.44954124316135385,19.312475859405176,-0.020374983361539485,0.00062136,-0.41386635766705293,0.0,-9624.358376108261,15932.792584009272,,0.0,,0.0,0.013042084156038618,-0.009633668840947813,0.0,0.0,0.0,0.0,0.0,0.0,0.0,0.0,0.0,0.0,0.0,0.0,Shell Companies,Financial Services,HWELU
2021Q1,2021,Q1,2021-03-31,2021-03-31,,,,,,,600913.0,21963.0,93292.0,578950.0,578950.0,0.0,-3037.0,0.0,207737.0,0.0,0.16113999481820537,0.49924032264237916,13.659336156262805,,0.0,,0.0,0.0,0.0,0.0,0.0,,,0.15936263926073063,,0.0,0.0,0.0,0.0,0.0,0.0,0.0,0.0,0.0,0.0,0.0,0.0,Shell Companies,Financial Services,HWELU
