Quarters,Year,Quarter,FillingDate,Date,NetIncome,Revenue,OperatingIncome,EPSDiluted,GrossProfit,GrossProfitRatio,TotalAssets,CommonStockEquity,CurrentAssets,CurrentLiability,TotalLiability,Inventory,RetainedEarnings,MarketCap,EnterpriseValue,bookValuePerShare,currentRatio,debtToAssets,debtToEquity,roic,shareholdersEquityPerShare,roe,priceToSalesRatio,peRatio,pbRatio,payoutRatio,inventoryTurnover,dividendYield,assetTurnover,quickRatio,returnOnAssets,priceToFreeCashFlowsRatio,grossProfitMargin,epsdilutedGrowth,fiveYNetIncomeGrowthPerShare,fiveYRevenueGrowthPerShare,fiveYShareholdersEquityGrowthPerShare,grossProfitGrowth,netIncomeGrowth,operatingIncomeGrowth,threeYNetIncomeGrowthPerShare,threeYRevenueGrowthPerShare,threeYShareholdersEquityGrowthPerShare,Industry,Sector,Symbol
2023Q1,2023,Q1,2023-05-15,2023-03-31,-21795000.0,24116000.0,-9232000.0,-0.17,22892000.0,0.9492453143,112272000.0,-25347000.0,86453000.0,68226000.0,137619000.0,777000.0,-2532329000.0,552577200.0,577263200.0,-0.1926561573658848,1.2671562161052972,0.4355048453755166,-1.9290251311792324,-0.615426197346821,-0.1926561573658848,0.8598650727896793,22.9133023718693,-6.338348245010324,-21.800497100248553,0.0,1.5752895752895753,0.0,0.21479977198232864,1.201418813941899,-0.194126763574177,-17.76889832143546,0.9492453143141483,-0.30769230769230776,-1.0727680747779615,-0.11976984624816531,-1.1170868354922738,0.14942759590279173,-0.28766394895427155,0.32097675786996177,0.15089585386349233,0.0,-1.1676277911771007,Biotechnology,Healthcare,CTIC
2022Q4,2022,Q4,2023-03-06,2022-12-31,-16926000.0,21083000.0,-13596000.0,-0.13,19916000.0,0.9446473462,125925000.0,-17577000.0,99396000.0,81134000.0,143502000.0,733000.0,-2518907000.0,771840260.0,791378260.0,-0.13686480930652672,1.225084428229842,0.3967282112368473,-2.842237014280025,-0.38323314482493764,-0.13686480930652672,0.9629629629629629,36.60960299767585,-11.400216530781046,-43.91194515560107,0.0,1.592087312414734,0.0,0.16742505459598966,1.1749205018857691,-0.1344133412745682,-49.764039974210185,0.944647346203102,0.0,0.6036796895611478,14.243498268715124,-1.2691680857488972,0.1654280531335947,-0.08305605323777834,-0.11278441643476837,0.06683849977767341,0.0,-1.3349628695852997,Biotechnology,Healthcare,CTIC
2022Q3,2022,Q3,2022-11-07,2022-09-30,-15628000.0,18241000.0,-12218000.0,-0.13,17089000.0,0.9368455677,123466000.0,-16837000.0,96935000.0,29770000.0,140303000.0,1147000.0,-2501449000.0,707694540.0,724888540.0,-0.13846558714441967,3.2561303325495463,0.39883044724863526,-2.9246302785531864,-0.35922873105095615,-0.13846558714441967,0.9281938587634376,38.796915739268684,-11.320939019708218,-42.032104294114156,0.0,1.004359197907585,0.0,0.14774107851554275,3.0981189116560297,-0.12657735732914324,-45.7669624264373,0.9368455676772107,0.38095238095238093,0.5397690634974318,2.7725579498857544,-1.173951171825567,0.49745881528215913,0.31044828803388635,0.35296298257692105,0.25838687694059786,2.7993845866600147,-1.2512410863231382,Biotechnology,Healthcare,CTIC
2022Q2,2022,Q2,2022-08-08,2022-06-30,-22664000.0,12329000.0,-18883000.0,-0.21,11412000.0,0.925622516,134534000.0,-5274000.0,107372000.0,29789000.0,139808000.0,702000.0,-2485744000.0,647918130.0,631130130.0,-0.04859530632365543,3.6044177380912417,0.36647241589486673,-9.348312476298824,-0.4136486838911326,-0.04859530632365543,4.297307546454304,52.552366777516426,-7.146996668725731,-122.85137087599544,0.0,1.3062678062678064,0.0,0.09164226143577088,3.4921951055758838,-0.16846299076813295,-32.00544013040901,0.9256225160191418,0.43243243243243246,-2.227324802189607,-0.8378406808188957,-1.0345561055524717,4.657907783837382,0.39053970473552585,0.462022792022792,-0.10349487372824082,14.831224058688319,-1.06914261120386,Biotechnology,Healthcare,CTIC
2022Q1,2022,Q1,2022-05-12,2022-03-31,-37187000.0,2295000.0,-35100000.0,-0.37,2017000.0,0.8788671024,131435000.0,-27917000.0,103283000.0,98932000.0,159352000.0,102000.0,-2463090000.0,466224780.0,417665780.0,-0.2796341927599816,1.0439797032305018,0.36780918324647166,-1.7316688755955152,-1.65245341655796,-0.2796341927599816,1.3320557366479207,203.1480522875817,-3.1343263774975125,-16.70038972668983,0.0,2.7254901960784315,0.0,0.01746110244607601,1.0040027493631989,-0.2829307262144786,-15.552749774827367,0.8788671023965141,0.05128205128205133,0.4731473052004273,-0.14495629057232354,-0.6671643146160042,0.0,0.02667120347589384,0.007633587786259542,-0.9968805244632853,1.0823322183574733,-1.3220220304492156,Biotechnology,Healthcare,CTIC
2021Q4,2021,Q4,2022-03-31,2021-12-31,-38206000.0,0.0,-35370000.0,-0.39,0.0,0.0,72434000.0,3767000.0,68379000.0,66651000.0,68667000.0,0.0,-2425915000.0,242204240.0,227314240.0,0.0385714139438682,1.0259260926317684,0.6979595217715437,13.420759224847359,-0.6388518572134219,0.0385714139438682,-10.14228829307141,0.0,-1.584857352248338,64.29632067958588,0.0,0.0,0.0,0.0,0.9819207513765735,-0.5274594803545296,-8.068633486574722,0.0,-0.5,-0.7211800512438975,-1.0,-0.9188115031221304,0.0,-0.5801315190868108,-0.5127667764424105,-27.80568786149331,-1.0,-0.9619050278578374,Biotechnology,Healthcare,CTIC
2021Q3,2021,Q3,2021-11-12,2021-09-30,-24179000.0,0.0,-23381000.0,-0.26,0.0,0.0,101230000.0,38888000.0,99045000.0,62342000.0,62342000.0,0.0,-2389127000.0,276777850.0,230120850.0,0.4144825895569317,1.5887363254306888,0.4802825249431987,1.2502314338613454,-0.26304479895596605,0.4144825895569317,-0.6217599259411644,0.0,-2.8617586542040616,7.117307395597614,0.0,0.0,0.0,0.0,1.5282794905521158,-0.23885211893707398,-13.500699965855324,0.0,-0.2380952380952382,0.7527222536124973,-1.0,-0.351279493809441,0.0,-0.2289199491740788,-0.19865682354147443,-0.008699102635210239,-1.0,-0.5793635965215003,Biotechnology,Healthcare,CTIC
2021Q2,2021,Q2,2021-08-05,2021-06-30,-19675000.0,0.0,-19506000.0,-0.21,0.0,0.0,77495000.0,61706000.0,74819000.0,15789000.0,15789000.0,0.0,-2364948000.0,230852500.0,162961500.0,0.6682405432039938,4.738678827031477,0.0514871927221111,0.06466145917738955,-0.2883924479205169,0.6682405432039938,-0.3188506790263508,0.0,-2.933322744599746,3.7411677956762714,0.0,0.0,0.0,0.0,4.552599911330673,-0.253887347570811,-13.121838231114648,0.0,0.0869565217391305,0.6985989529373112,-1.0,-0.5546273626000918,0.0,-0.13952276149658288,-0.14270650263620388,-0.08904623210996258,-1.0,-0.44204793910449597,Biotechnology,Healthcare,CTIC
2021Q1,2021,Q1,2021-05-06,2021-03-31,-17266000.0,0.0,-17070000.0,-0.23,0.0,0.0,42789000.0,26654000.0,39348000.0,15558000.0,16135000.0,0.0,-2345273000.0,222227970.0,194652970.0,0.3490251024657247,2.529116853065947,0.1292388230620019,0.2074735499362197,-0.4953281875689165,0.3490251024657247,-0.647782696780971,0.0,-3.2177106741573036,8.337509191866138,0.0,0.0,0.0,0.0,2.388803188070446,-0.4035149220594078,-13.245989747869107,0.0,-0.15,-2.897278589362112,-1.0,-0.8374670396456296,0.0,-0.15091321157179044,-0.15369018653690186,-1.828938557989649,-1.0,-0.7878798927902065,Biotechnology,Healthcare,CTIC
2020Q4,2020,Q4,2021-03-17,2020-12-31,-15002000.0,0.0,-14796000.0,-0.2,0.0,0.0,58241000.0,40029000.0,54325000.0,17038000.0,18212000.0,0.0,-2328007000.0,240340800.0,205201800.0,0.5362942122186495,3.18846108698204,0.09022853316392232,0.1312798221289565,-0.32106587969794287,0.5362942122186495,-0.37477828574283645,0.0,-4.005145980535929,6.004166978940269,0.0,0.0,0.0,0.0,3.0784716516023005,-0.25758486289727167,-22.17779828365784,0.0,-0.3333333333333335,0.8215271090889243,-1.0,-0.7653595577080223,0.0,-0.33197194353191867,-0.33948940793047255,0.3956027503914673,-1.0,0.0547144092957339,Biotechnology,Healthcare,CTIC
2020Q3,2020,Q3,2020-11-10,2020-09-30,-11263000.0,0.0,-11046000.0,-0.15,0.0,0.0,63091000.0,46819000.0,58688000.0,14519000.0,16272000.0,0.0,-2313005000.0,158480800.0,120216800.0,0.6351611677881485,4.0421516633376955,0.11153730326036994,0.15030222772805912,-0.19998189553724993,0.6351611677881485,-0.24056472799504475,0.0,-3.5177306223919027,3.38496764134219,0.0,0.0,0.0,0.0,3.9542668227839384,-0.17851991567735492,-13.931153305203939,0.0,0.21052631578947373,0.9174860427822744,-1.0,1.4802427449754503,0.0,0.1955,-0.10504201680672269,0.4528440133965101,-1.0,-0.2020614528604427,Biotechnology,Healthcare,CTIC
2020Q2,2020,Q2,2020-08-07,2020-06-30,-14000000.0,0.0,-9996000.0,-0.19,0.0,0.0,76412000.0,56863000.0,71527000.0,13745000.0,19549000.0,0.0,-2301742000.0,85474600.0,24166600.0,0.7717038746013436,5.203855947617315,0.11519133120452285,0.1547930992033484,-0.1478566991095465,0.7717038746013436,-0.2462057928705837,0.0,-1.5263321428571428,1.5031672616639993,0.0,0.0,0.0,0.0,5.1007639141506,-0.18321729571271528,-8.934315877495557,0.0,0.050000000000000044,0.8977277493512401,-1.0,2.148249817077702,0.0,-0.14885934679139998,0.16218254966054815,-2.116651614978925,-1.0,-0.4512416411501406,Biotechnology,Healthcare,CTIC
2020Q1,2020,Q1,2020-05-15,2020-03-31,-12186000.0,0.0,-11931000.0,-0.2,0.0,0.0,87981000.0,71787000.0,82639000.0,14405000.0,21952000.0,0.0,-2275749000.0,57464120.0,-13140880.0,1.149309168921407,5.736827490454703,0.11984405723963129,0.14687896137183612,-0.14067750645553054,1.149309168921407,-0.16975218354298133,0.0,-1.1788962744132612,0.8004808670093471,0.0,0.0,0.0,0.0,5.6333911836168,-0.1385071776860913,-5.503171806167401,0.0,-0.4285714285714285,0.8813353824635368,-1.0,0.13049957363294612,0.0,-0.48827552515876893,-0.25934135528815705,0.7240510315677249,-1.0,7.852120672279095,Biotechnology,Healthcare,CTIC
2019Q4,2019,Q4,2020-03-13,2019-12-31,-8188000.0,0.0,-9474000.0,-0.14,0.0,0.0,46280000.0,23688000.0,35580000.0,18488000.0,28350000.0,0.0,-2263563000.0,91598920.0,72714920.0,0.40859695725670125,1.9244915620943315,0.26490924805531546,0.5175616345829112,-0.24329113273927222,0.40859695725670125,-0.34566024991556904,0.0,-2.7967427943331704,3.866891252955083,0.0,0.0,0.0,0.0,1.8209649502379923,-0.17692307692307693,-7.974831969353996,0.0,0.1764705882352941,0.944886842578371,-1.0,-0.8412671032605274,0.0,0.18503035732059323,0.024505766062602966,0.378602701113435,-1.0,-0.13994926821145579,Biotechnology,Healthcare,CTIC
2019Q3,2019,Q3,2019-11-04,2019-09-30,-10047000.0,2289000.0,-9712000.0,-0.17,0.0,0.0,58582000.0,31951000.0,49667000.0,27919000.0,32391000.0,0.0,-2255375000.0,48524238.0,27575238.0,0.5511263669920999,1.7789677280704896,0.23843501416817453,0.4371694156677412,-0.19653155796588218,0.5511263669920999,-0.31445025194829584,21.198880733944954,-1.2074310241863242,1.518707959062314,0.0,0.0,0.0,0.03907343552627087,1.678749238869587,-0.1715031921067905,-8.672786058981233,0.0,0.1052631578947368,-1.546441022604086,-0.985504843696634,-0.5785374432135549,0.0,0.08422203992343451,0.11652870008187029,0.8337126737465875,-0.750597533275085,-0.13741376651727766,Biotechnology,Healthcare,CTIC
2019Q2,2019,Q2,2019-08-01,2019-06-30,-10971000.0,416000.0,-10993000.0,-0.19,0.0,0.0,66243000.0,40745000.0,56634000.0,17981000.0,31258000.0,0.0,-2245328000.0,48523401.0,28834401.0,0.7028271781691477,3.149657972304099,0.23662877587065803,0.38470978034114617,-0.18193704279898051,0.7028271781691477,-0.2692600319057553,116.64279086538461,-1.1057196472518456,1.1909044299914098,0.0,0.0,0.0,0.006279908820554625,3.004115455202714,-0.16561749920746344,-6.660727659574468,0.0,0.0,0.9002271694120458,-0.922817630242255,0.08328525787524427,0.0,-0.014518217125947846,-0.04377136346372958,0.7323020599880485,-0.972743247033804,-0.5315758716513959,Biotechnology,Healthcare,CTIC
2019Q1,2019,Q1,2019-05-02,2019-03-31,-10814000.0,640000.0,-10532000.0,-0.19,0.0,0.0,75767000.0,50342000.0,65583000.0,16216000.0,31180000.0,0.0,-2234357000.0,56239607.3,33008607.299999997,0.868369758335777,4.044338924518994,0.2291498937532171,0.3448810138651623,-0.14589278293392435,0.868369758335777,-0.21481069484724485,87.87438640625,-1.3001573723876456,1.1171508342934329,0.0,0.0,0.0,0.00844694919951958,3.8894301924025654,-0.1427270447556324,-16.273034519675925,0.0,-20.0,0.9085796578448776,-0.888791652968097,-0.5222252043418337,-1.0,-13.782505910165485,-51.63461538461539,-2.565329210391211,-0.9915880956471346,-0.5956201817364032,Biotechnology,Healthcare,CTIC
2018Q4,2018,Q4,2019-03-13,2018-12-31,846000.0,14477000.0,208000.0,0.01,14390000.0,0.9939904676383229,89832000.0,58694000.0,82492000.0,23055000.0,36893000.0,0.0,-2224746000.0,42526058.4,20166058.4,1.01250668460729,3.578052483192366,0.1567258883248731,0.23987119637441648,0.002858202904923529,1.01250668460729,0.014413739053395576,2.937491082406576,12.566802127659574,0.7245384264149658,0.0,0.0,0.0,0.16115638079971503,3.5010626762090653,0.009417579481699172,-3.362009518539015,0.9939904676383229,1.0384615384615385,-0.9796551295889191,-0.8920535594119133,-0.681412181753014,22.62889983579639,1.0571274225133365,1.0140825998645904,1.0129589341334693,-0.4979524679444285,-0.5570061900966813,Biotechnology,Healthcare,CTIC
2018Q3,2018,Q3,2018-11-01,2018-09-30,-14809000.0,723000.0,-14770000.0,-0.26,609000.0,0.8423236514522822,89629000.0,57116000.0,82300000.0,22997000.0,38267000.0,0.0,-2225592000.0,121724400.0,83206400.0,0.9853702297978055,3.5787276601295823,0.16058418592196722,0.2519959380909027,-0.2065474275965263,0.9853702297978055,-0.2592793612998109,168.36016597510374,-2.054905800526707,2.131178653967365,0.0,0.0,0.0,0.008066585591716966,3.5302430751837197,-0.16522554084057614,-10.084871582435792,0.8423236514522822,-0.3,0.8175634184250449,-0.6175464405226181,3.247462292296591,23.36,-0.30636908962597037,-0.05492464823941147,0.8620318275098179,-0.7722672693395901,1.7450343754847193,Biotechnology,Healthcare,CTIC
2018Q2,2018,Q2,2018-08-03,2018-06-30,-11336000.0,613000.0,-14001000.0,-0.2,25000.0,0.040783034257748776,102586000.0,69394000.0,95055000.0,22237000.0,38938000.0,0.0,-2210783000.0,288546180.0,237435180.0,1.1976665918779448,4.2746323694743,0.13903456612013335,0.20553650171484567,-0.16736196612357604,1.1976665918779448,-0.16335706257025104,470.7115497553018,-6.363491972477065,4.158085425252904,0.0,0.0,0.0,0.0059754742362505605,4.205603273822907,-0.11050240773594837,-22.752419176785995,0.040783034257748776,-1.5,0.8829798662042182,-0.6275417251693829,6.629865697411908,-0.997593145277751,-1.8191992041780651,-2.229012915129151,0.8946868225254819,-0.8312456495714292,2.7820571987595017,Biotechnology,Healthcare,CTIC
2018Q1,2018,Q1,2018-05-03,2018-03-31,-4021000.0,10477000.0,-4336000.0,-0.08,10387000.0,0.9914097547007731,115722000.0,82784000.0,107755000.0,20240000.0,38675000.0,564000.0,-2199447000.0,196216800.0,105721800.0,1.6454126252186356,5.323863636363637,0.12217210210677312,0.17078179358330112,-0.04473700501434143,1.6454126252186356,-0.048572187862388864,18.72833826477045,-12.199502611290724,2.3702261306532666,0.0,0.1595744680851064,0.0,0.09053593957933669,5.207905138339921,-0.03474706624496639,-79.8928338762215,0.9914097547007731,0.7575757575757576,0.956008243906763,0.9732366816147172,-0.02140138866804484,26.478835978835978,0.7181410346277863,0.6835729402320659,0.9513893426013389,0.32773215953564144,0.6184838001471957,Biotechnology,Healthcare,CTIC
2017Q4,2017,Q4,2018-03-07,2017-12-31,-14266000.0,462000.0,-13703000.0,-0.33,378000.0,0.8181818181818182,54886000.0,21813000.0,46924000.0,19258000.0,38796000.0,550000.0,-2195346000.0,114969320.0,101770320.0,0.5084733909881349,2.4365977775469934,0.25542032576613344,0.6426901389079906,-0.3824235320384014,0.5084733909881349,-0.6540136615779581,248.851341991342,-2.0147434459554185,5.270678952917985,0.0,0.15272727272727274,0.0,0.008417447072113107,1.4799044552913074,-0.25992056262070473,-10.896533030044546,0.8181818181818182,-0.17857142857142852,0.8092471801172649,0.0,-0.8429827928969059,-0.7689486552567237,-0.19141473191915817,-0.16452791705617403,0.8702325485044967,-0.9901797267229765,-0.8024668249896388,Biotechnology,Healthcare,CTIC
2017Q3,2017,Q3,2017-11-07,2017-09-30,-11974000.0,1705000.0,-11767000.0,-0.28,1636000.0,0.9595307917888563,65532000.0,34131000.0,57500000.0,26202000.0,37120000.0,601000.0,-2181080000.0,136780820.0,98769820.0,0.7960026120621297,2.19448897030761,0.22567600561557713,0.43330110456769505,-0.24053556827473427,0.7960026120621297,-0.3508247634115613,80.22335483870968,-2.855787957240688,4.007524537810202,0.0,0.11480865224625623,0.0,0.026017823353476164,2.117013968399359,-0.1827198925715681,-6.591211449498844,0.9595307917888563,-10.333333333333336,0.902702071565455,0.0,1.4687354426720816,-0.9261299498803449,-3.218228973693961,-3.232403718459495,-1.8805314923433623,-0.9854017687277926,-0.39127336999065604,Biotechnology,Healthcare,CTIC
2017Q2,2017,Q2,2017-08-04,2017-06-30,5398000.0,22225000.0,5271000.0,0.03,22147000.0,0.9964904386951631,86332000.0,44614000.0,78363000.0,36463000.0,47412000.0,1507000.0,-2169106000.0,105009750.0,45695750.0,1.4062726556343577,2.149110056769876,0.17868229625167956,0.34576590307975075,0.08779147235176549,1.4062726556343577,0.1209934101403147,4.724848143982002,4.86336374583179,2.353739857443852,0.0,0.051758460517584606,0.0,0.2574364082842978,2.0700161807860025,0.06252606217856646,159.58928571428572,0.9964904386951631,1.0422535211267605,1.0144338467814649,0.0,1.424197658467884,34.6634460547504,1.2722412749646963,1.2728260869565218,1.0897063327447976,6.5351290026738775,1.167523516051535,Biotechnology,Healthcare,CTIC
2017Q1,2017,Q1,2017-05-03,2017-03-31,-19828000.0,754000.0,-19320000.0,-0.71,621000.0,0.8236074270557029,44660000.0,-4704000.0,36770000.0,41874000.0,55033000.0,1502000.0,-2170154000.0,117789000.0,101869000.0,-0.16773043323230521,0.8781105220423174,0.388781907747425,-3.6911139455782314,-1.5261869025989414,-0.16773043323230521,4.215136054421769,156.21883289124668,-1.48513465805931,-25.040178571428573,0.0,0.08854860186418109,0.0,0.016883116883116882,0.8051296747385012,-0.4439767129422302,-13.53896551724138,0.8236074270557029,-2.0869565217391304,0.8346894893683807,0.0,-1.0527201902167171,-0.9249274661508704,-2.111738857501569,-2.4760705289672544,0.6534980221392198,-0.7291685542838349,-1.0922848506571705,Biotechnology,Healthcare,CTIC
2016Q4,2016,Q4,2017-03-02,2016-12-31,-6372000.0,9136000.0,-5558000.0,-0.23,8272000.0,0.9054290718038529,63843000.0,13319000.0,55824000.0,40646000.0,56086000.0,1525000.0,-2150326000.0,114270659.99999999,89528659.99999999,0.4750847155341537,1.3734192786498056,0.3016775527465815,1.4460545085967416,-0.17060069369839467,0.4750847155341537,-0.47841429536752006,12.507734238178632,-4.483312146892655,8.579522486673174,0.0,0.5665573770491803,0.0,0.14310104475040333,1.283225901687743,-0.0998073398806447,-7.843411352872536,0.9054290718038529,0.77,0.8966046740670849,0.0,-0.9325153717340736,0.9372365339578455,0.7816537024980297,0.806098241696902,-1.3168513633584316,-0.8591421383253209,-0.8505133790171263,Biotechnology,Healthcare,CTIC
2016Q3,2016,Q3,2016-11-08,2016-09-30,-29183000.0,4433000.0,-28664000.0,-1.0,4270000.0,0.9632303180690277,76486000.0,17891000.0,67915000.0,46299000.0,63969000.0,2600000.0,-2143954000.0,104810737.39999999,64310737.39999999,0.6389232120792234,1.4668783343052765,0.27580210757524254,1.1790844558716673,-0.735238290668445,0.6389232120792234,-1.631155329495277,23.643297405819986,-0.8978749391769181,5.858293969034711,0.0,0.06269230769230769,0.0,0.05795831916952122,1.3724702477375321,-0.3815469497685851,-7.90785705447412,0.9632303180690277,-0.42857142857142866,0.7685743261103989,0.0,-0.8533603654053469,-0.40702680183307877,-0.4764241627036325,-0.5033303613573189,0.2558019522140345,3.8541203487747375,1.7540940135124459,Biotechnology,Healthcare,CTIC
2016Q2,2016,Q2,2016-08-04,2016-06-30,-19766000.0,7361000.0,-19067000.0,-0.7,7201000.0,0.9782638228501562,97631000.0,41952000.0,88904000.0,40752000.0,60876000.0,2632000.0,-2114771000.0,95065360.0,41231360.0,1.5004077194889915,2.181586179819395,0.2342800954614825,0.5452183447749809,-0.2941303509448515,1.5004077194889915,-0.47115751334858885,12.914734411085451,-1.2023849033694223,2.2660507246376813,0.0,0.060790273556231005,0.0,0.0753961344245168,2.057175107970161,-0.20245618707172927,-3.669768770507624,0.9782638228501562,-7.999999999999999,0.8624382357446291,0.0,0.43219004787909376,-0.801543337467273,-6.967995169082125,-5.620062999757693,0.5771735465643772,8.268225180374147,8.558511082045571,Biotechnology,Healthcare,CTIC
2016Q1,2016,Q1,2016-05-10,2016-03-31,3312000.0,36475000.0,4127000.0,0.1,36285000.0,0.9947909527073338,123441000.0,59683000.0,113942000.0,46354000.0,68698000.0,2911000.0,-2095005000.0,147692002.0,67650002.0,2.1474112186521785,2.458083444794408,0.19927738757787122,0.4121609168439924,0.04896656462827175,2.1474112186521785,0.05549318901529749,4.049129595613434,11.148248943236714,2.4746075431865022,0.0,0.06526966678117485,0.0,0.2954852925689196,2.271799628942486,0.026830631637786474,-6.396639178829746,0.9947909527073338,1.076923076923077,1.017678398167874,0.0,0.29089045870132163,2.4269928220627124,1.129188282560362,1.157501049498149,1.065593938467242,11.43579892109,0.2771590568368533,Biotechnology,Healthcare,CTIC
2015Q4,2015,Q4,2016-02-17,2015-12-31,-25637000.0,11324000.0,-26203000.0,-1.3,10588000.0,0.935005298481102,144332000.0,52031000.0,134975000.0,72409000.0,96919000.0,2845000.0,-2098317000.0,280005810.0,208453810.0,2.2856000737984687,1.8640638594649837,0.39235928276473686,1.0883896138840308,-0.24114447685922272,2.2856000737984687,-0.4927254905729277,24.72675821264571,-2.7304853336973904,5.381518902192924,0.0,0.2586994727592267,0.0,0.07845799961200565,1.774144098109351,-0.17762519746140842,-12.653342220615482,0.935005298481102,0.31578947368421045,0.8327964307052439,0.0,2.4098588729979173,78.60902255639098,0.21339592538046145,0.179951804212437,0.35401685318337456,0.0,-0.29420389246910394,Biotechnology,Healthcare,CTIC
2015Q3,2015,Q3,2015-11-05,2015-09-30,-32592000.0,964000.0,-31953000.0,-1.9,133000.0,0.13796680497925312,63132000.0,-23278000.0,53339000.0,36488000.0,90649000.0,2594000.0,-2069480000.0,256965840.0,262261840.0,-1.3225835776459627,1.4618230651172988,0.818142938604828,-2.2188761921127242,-1.1261762943643605,-1.3225835776459627,1.4001202852478736,266.56207468879666,-1.9710806332842414,-11.038999914081964,0.0,0.32035466461063994,0.0,0.01526959386681873,1.2819831177373382,-0.5162516631819046,-10.618423140495867,0.13796680497925312,0.0,0.6492488815784309,0.0,0.4148575457373001,-0.8549618320610687,0.00012271444348999877,-0.029844973732555517,0.35481043665612916,0.0,0.22118120048289763,Biotechnology,Healthcare,CTIC
2015Q2,2015,Q2,2015-08-06,2015-06-30,-32596000.0,1100000.0,-31027000.0,-1.9,917000.0,0.8336363636363636,73458000.0,-11792000.0,63863000.0,33097000.0,88986000.0,3607000.0,-2036888000.0,342143100.0,338903100.0,-0.6720696690945981,1.9295706559506904,0.7027689291840236,-4.377883310719132,-0.7789465756175938,-0.6720696690945981,2.764246947082768,311.0391818181818,-2.6241187569026874,-29.01484905020353,0.0,0.05073468256168561,0.0,0.01497454327643007,1.684261413421156,-0.44373655694410413,-13.726904714142428,0.8336363636363636,-0.1874999999999999,0.8243752395600497,-0.5345446609658484,-1.3029883609056427,-0.6386918833727344,-0.13983984334021052,-0.12895244332860314,0.8424051664391882,0.0,0.7972723292208138,Biotechnology,Healthcare,CTIC
2015Q1,2015,Q1,2015-05-06,2015-03-31,-28597000.0,2728000.0,-27483000.0,-1.6,2538000.0,0.9303519061583577,63070000.0,17683000.0,53467000.0,35383000.0,48953000.0,3591000.0,-2004291000.0,314824160.0,285666160.0,1.0166383037439057,1.5110928977192437,0.24158871095608053,0.8616750551377029,-0.8348420413122721,1.0166383037439057,-1.6172029632980829,115.40475073313783,-2.7522481379165646,17.803775377481198,0.0,0.05291005291005291,0.0,0.04325352782622483,1.2906480513240821,-0.4534168384334866,-13.102932534232322,0.9303519061583577,0.40740740740740744,0.8780587322032369,14.65740035415325,1.204930572448889,-0.8549133939290001,0.3120594673915658,0.3020013206684614,0.6155782083417516,0.0,-0.6804553370422202,Biotechnology,Healthcare,CTIC
2014Q4,2014,Q4,2015-03-12,2014-12-31,-41569000.0,17789000.0,-39374000.0,-2.7,17493000.0,0.9833605036820507,92287000.0,41755000.0,80505000.0,36340000.0,53809000.0,4182000.0,-1975695000.0,382817960.0,329261960.0,2.5741164286022524,2.215327462850853,0.18829304235699504,0.41616572865525087,-0.6658661976594737,2.5741164286022524,-0.995545443659442,21.519925796840745,-2.3023043614231757,9.168194467728418,0.0,0.07077953132472502,0.0,0.1927573764452198,2.007264722069345,-0.4504318051296499,101.43560148383678,0.9833605036820507,-10.0,0.8131047843322072,108.480305937945,1.2768543752061272,-0.5546815335268062,-10.03084944601347,-6.269539614561028,-0.1657756379422181,0.0,-0.6343530224875253,Biotechnology,Healthcare,CTIC
2014Q3,2014,Q3,2014-10-31,2014-09-30,4603000.0,39534000.0,7472000.0,0.3,39282000.0,0.9936257398694794,68594000.0,18979000.0,55938000.0,28811000.0,52547000.0,4542000.0,-1931501000.0,351233960.0,335034960.0,1.3076520277253372,1.9415501023914477,0.1998862874303875,0.7224300542705095,0.22857142857142856,1.3076520277253372,0.2425312187154223,8.884351697273233,19.076361068868128,18.506452394752095,0.0,0.05548216644649934,0.0,0.5763477855205995,1.6924438582485857,0.06710499460594221,-67.67513680154143,0.9936257398694794,1.157894736842105,1.0159130109704322,238.34143677052185,1.2002616375532131,33.42769500438212,1.1679988320741632,1.280185990700465,1.070425086963828,0.0,-0.6998800295600717,Biotechnology,Healthcare,CTIC
2014Q2,2014,Q2,2014-08-04,2014-06-30,-27399000.0,1343000.0,-26668000.0,-1.9,1141000.0,0.849590469099032,55256000.0,9372000.0,42250000.0,23794000.0,48573000.0,5020000.0,-1936104000.0,405912930.0,386278930.0,0.648792340761355,1.7756577288392033,0.24522223830896192,1.4457959880495093,-1.163423785010034,0.648792340761355,-2.9234955185659413,302.24343261355176,-3.7037203000109495,43.311238796414855,0.0,0.0402390438247012,0.0,0.024305052844939917,1.4204001008657645,-0.4958556536846677,-23.007024315592588,0.849590469099032,0.050000000000000044,0.8435165640334932,5.913582296663967,1.016774433878709,-0.09873617693522907,0.055272050203434245,0.03596862234754004,0.6309115347478325,0.0,-0.38070570984861446,Biotechnology,Healthcare,CTIC
2014Q1,2014,Q1,2014-04-29,2014-03-31,-29002000.0,1411000.0,-27663000.0,-2.0,1266000.0,0.8972360028348689,73286000.0,25834000.0,59925000.0,18110000.0,50061000.0,5023000.0,-1908705000.0,483269200.0,446056200.0,1.8175294432171551,3.3089453340695747,0.18268154899980896,0.5182317875667725,-0.7052929478353985,1.8175294432171551,-1.1226290934427499,342.5012048192771,-4.165826494724501,18.706712084849425,0.0,0.028867210830181168,0.0,0.01925333624430314,2.8218663721700716,-0.3957372485877248,-23.20731847867845,0.8972360028348689,-3.788112985484504,0.8702503093470237,3.7240029443217164,1.0149218938384088,-0.9614623603543271,-3.8444488034523343,-3.6771508758347045,0.6973046436629531,0.0,0.09258599204411438,Biotechnology,Healthcare,CTIC
2013Q4,2013,Q4,2014-03-04,2013-12-31,10196000.0,32884000.0,10333000.0,0.7173310444779017,32851000.0,0.9989964724486072,93723000.0,45173000.0,80515000.0,20069000.0,50965000.0,5074000.0,-1879703000.0,271483580.0,213151580.0,3.1781085986857844,4.0119089142458515,0.14198222421390694,0.2945786199721072,0.17669288645690834,3.1781085986857844,0.22571004803754455,8.255795523658922,6.656619752844254,6.009863856728577,0.0,0.00650374458021285,0.0,0.3508637154167067,3.581344361951268,0.10878866446870032,26.935567020537754,0.9989964724486072,1.358665522238951,1.0178475031739442,-0.13583164783387702,1.0244607549605185,93.12893982808023,1.6559444158517755,1.663222079589217,1.1065025236135981,0.0,2.960397472232149,Biotechnology,Healthcare,CTIC
2013Q3,2013,Q3,2013-10-30,2013-09-30,-15544000.0,362000.0,-15580000.0,-2.0,349000.0,0.9640883977900553,47239000.0,2575000.0,33746000.0,20529000.0,46852000.0,3720000.0,-1889899000.0,179924516.0,161090516.0,0.2319903419943061,1.6438209362365435,0.17659137577002054,3.239611650485437,-1.4271319959695887,0.2319903419943061,-6.036504854368932,497.0290497237569,-2.89379368244982,69.87359844660195,0.0,0.0034946236559139786,0.0,0.007663159677385211,1.3500901164206731,-0.32905014924109316,-11.522543451809158,0.9640883977900553,-0.17647058823529416,0.9982785535399441,-0.9992970474334487,1.0000974714257411,0.29259259259259257,0.1369718505357837,0.1272686533721712,0.7347434906434652,0.0,1.1026380490232648,Biotechnology,Healthcare,CTIC
2013Q2,2013,Q2,2013-07-31,2013-06-30,-18011000.0,306000.0,-17852000.0,-1.7,270000.0,0.8823529411764706,49232000.0,1691000.0,35614000.0,22581000.0,49589000.0,3329000.0,-1867455000.0,107091410.7,86727410.7,0.15697086152960724,1.5771666445241574,0.16663958401039974,4.851567120047309,-1.8041435068216272,0.15697086152960724,-10.651094027202838,349.9719303921569,-1.4864723044250736,63.330225133057375,0.0,0.010814058275758487,0.0,0.006215469613259668,1.299765289402595,-0.36583929151771205,-6.871441174205968,0.8823529411764706,0.0555555555555556,0.9989005488927626,-0.99962497358519,1.0000446285920237,-0.7478991596638656,0.07083161370202229,0.03120421121180876,0.8419451340107859,-0.7891103012063846,-0.9292330152186828,Biotechnology,Healthcare,CTIC
2013Q1,2013,Q1,2013-05-02,2013-03-31,-19384000.0,1126000.0,-18427000.0,-1.8,1071000.0,0.9511545293072824,65267000.0,17940000.0,51756000.0,21705000.0,49167000.0,2309000.0,-1849444000.0,120567610.00000001,84319610.00000001,1.6813968527699936,2.3845196959225983,0.12358465993534251,0.4496098104793757,-0.7085672537106822,1.6813968527699936,-1.0804905239687848,107.07603019538189,-1.5549887794056956,6.720602564102564,0.0,0.023819835426591596,0.0,0.01725221015214427,2.077032941718498,-0.2969954188180857,-7.3669564951729205,0.9511545293072824,-0.03249610236008819,0.9988722295832579,-0.999263355862817,1.000348830250882,0.0,-0.04209451104779313,0.044490536686543944,0.8652555451738805,9.535398099290514,1.3389303927296383,Biotechnology,Healthcare,CTIC
2012Q4,2012,Q4,2013-02-28,2012-12-31,-18601000.0,0.0,-19285000.0,-1.7433479854166472,0.0,0.0,73713000.0,34552000.0,60311000.0,22667000.0,40769000.0,0.0,-1830060000.0,138706100.0,88270100.0,3.2383291001621415,2.660740283231129,0.0,0.0,-0.5581442463533225,3.2383291001621415,-0.5383479972215791,0.0,-1.8642290737057148,4.014415952766844,0.0,0.0,0.0,0.0,2.225084925221688,-0.25234354862778613,-7.71017787659811,0.0,0.5412242143640402,0.9989004111412767,-1.0,1.0007110943164914,0.0,-0.2246362499177036,-0.3106565176022835,0.8728568424371322,-1.0,1.3482925518734343,Biotechnology,Healthcare,CTIC
2012Q3,2012,Q3,2012-11-01,2012-09-30,-15189000.0,0.0,-14714000.0,-3.8,0.0,0.0,36175000.0,-8987000.0,19776000.0,26841000.0,46070000.0,0.0,-1811030000.0,118013830.0,109524830.0,-1.6981916441488256,0.7367832793115011,0.0,0.0,1.6372538110604207,-1.6981916441488256,1.690107933681985,0.0,-1.9424226413852133,-13.131615667074664,0.0,0.0,0.0,0.0,0.5323572147088409,-0.419875604699378,-8.743708231458843,0.0,0.7285714285714285,0.999048620138816,-1.0,0.9997713841442961,0.0,0.6970561250947386,0.7021457489878542,0.8559896647039392,-1.0,0.7399287942618791,Biotechnology,Healthcare,CTIC
2012Q2,2012,Q2,2012-08-02,2012-06-30,-50138000.0,0.0,-49400000.0,-14.0,0.0,0.0,38340000.0,-14100000.0,21797000.0,33381000.0,53291000.0,0.0,-1790827000.0,123343380.0,114988380.0,-3.3151353562712487,0.6529762439711213,0.0,0.0,3.50354609929078,-3.3151353562712487,3.555886524822695,0.0,-0.6150194463281344,-8.74775744680851,0.0,0.0,0.0,0.0,0.4420179143824331,-1.3077203964527908,-8.21194274300932,0.0,-2.111111111111111,0.9935355810000351,-1.0,0.9995376457708365,0.0,-1.8738965952080706,-1.7295833793789368,0.027455716525475807,-1.0,0.9142876459246031,Biotechnology,Healthcare,CTIC
2012Q1,2012,Q1,2012-04-20,2012-03-31,-17446000.0,0.0,-18098000.0,-4.5,0.0,0.0,44150000.0,12978000.0,31924000.0,14982000.0,31963000.0,0.0,-1732231000.0,268206085.0,244326085.0,3.18152177643546,2.1308236550527297,0.0,0.0,-1.394513792572045,3.18152177643546,-1.3442749267991987,0.0,-3.84337505731973,20.66621089536138,0.0,0.0,0.0,0.0,1.827526364971299,-0.3951528878822197,-13.964702957409143,0.0,-1.047096018735363,0.9979480536197926,-1.0,1.0003728524851694,0.0,-0.9455782312925171,-0.8260518615679548,0.7280358988287988,-1.0,1.0261202537156826,Biotechnology,Healthcare,CTIC
2011Q4,2011,Q4,2012-03-08,2011-12-31,-8967000.0,0.0,-9911000.0,-2.1982359199643065,0.0,0.0,62239000.0,28717000.0,51075000.0,17784000.0,34230000.0,0.0,-1714785000.0,236592440.0,192540440.0,7.039895273069588,2.8719635627530367,0.0,0.0,-0.3451265800745203,7.039895273069588,-0.3122540655360936,0.0,-6.596198282591725,8.238758923285857,0.0,0.0,0.0,0.0,2.645748987854251,-0.14407365156895194,-36.9849054244177,0.0,0.7252205100044617,0.9991758424250036,-1.0,1.0008681040891725,0.0,0.4618293122074181,0.35179856115107916,0.9453069501722232,-1.0,1.0541835333422767,Biotechnology,Healthcare,CTIC
2011Q3,2011,Q3,2011-10-25,2011-09-30,-16662000.0,0.0,-15290000.0,-8.0,0.0,0.0,62850000.0,16121000.0,49904000.0,30808000.0,47357000.0,0.0,-1696917000.0,196096820.0,163313820.0,4.357097682665124,1.619839002856401,0.19775656324582339,0.7709819490106072,-0.5355516637478108,4.357097682665124,-1.0335587122386949,0.0,-2.9422761373184487,12.164060542149992,0.0,0.0,0.0,0.0,1.4675408984679303,-0.26510739856801907,-11.582800945067927,0.0,-0.14285714285714285,0.9985153972605908,-1.0,1.0004757012162553,0.0,0.019709360475378006,0.09628228618712689,0.9944643259608581,-1.0,1.0018306474294238,Biotechnology,Healthcare,CTIC
2011Q2,2011,Q2,2011-07-28,2011-06-30,-16997000.0,0.0,-16919000.0,-7.0,0.0,0.0,56583000.0,3465000.0,42794000.0,36778000.0,53681000.0,0.0,-1667225000.0,260462475.0,233889475.0,1.0476317173903842,1.1635760508999946,0.21762720251665696,3.553823953823954,-1.0722479244565561,1.0476317173903842,-4.905339105339105,0.0,-3.831006574689651,75.16954545454546,0.0,0.0,0.0,0.0,1.057344064386318,-0.30039057667497304,-17.474838980207984,0.0,0.6111103333317778,0.997867074921253,-1.0,1.0000893695795248,0.0,0.1386946386946387,0.15700049825610363,0.9966205942842078,-1.0,1.0002978535509761,Biotechnology,Healthcare,CTIC
2011Q1,2011,Q1,2011-04-26,2011-03-31,-19734000.0,0.0,-20070000.0,-17.999964,0.0,0.0,60923000.0,4870000.0,47612000.0,39102000.0,56573000.0,0.0,-1644717000.0,326713687.2,305344687.2,1.6635115738732356,1.2176359265510714,0.36841586921195607,4.608829568788501,-0.7347611202635914,1.6635115738732356,-4.052156057494867,0.0,-4.138969382791122,67.08699942505133,0.0,0.0,0.0,0.0,1.120505344995141,-0.3239170756528733,-13.105767868747241,0.0,-1.6724642767262399,0.9990497516351358,-1.0,1.0001260987538436,0.0,-0.0008114413226493559,-0.22970406225108755,0.9958155200138336,-1.0,1.0003451196894437,Biotechnology,Healthcare,CTIC
2010Q4,2010,Q4,2011-02-16,2010-12-31,-19718000.0,0.0,-16321000.0,-6.735343165016932,0.0,0.0,53592000.0,-4746000.0,26905000.0,41070000.0,58737000.0,0.0,-1576643000.0,320565849.0,326147849.0,-1.6211552216842662,0.6551010469929389,0.5267763845350052,-5.948377581120944,,-1.6211552216842662,4.1546565528866415,0.0,-4.06438088294959,-67.54442667509481,0.0,0.0,0.0,0.0,0.551473094716338,-0.36792804896253173,-23.65625038742528,0.0,-0.12255943928836723,0.997297792139851,-1.0,0.9998864705438748,0.0,-0.5746685832934036,-0.2560412498076035,0.9957517900236305,-1.0,0.9996440157165519,Biotechnology,Healthcare,CTIC
2010Q3,2010,Q3,2010-10-28,2010-09-30,-12522000.0,0.0,-12994000.0,-5.999988,0.0,0.0,46613000.0,-5361000.0,20081000.0,25873000.0,52329000.0,0.0,-1542526000.0,275369927.4,282095927.4,-2.2602762250646546,0.776137285973795,0.5147491043271191,-4.475657526580862,,-2.2602762250646546,2.3357582540570787,0.0,-5.49772255630091,-51.36540335758254,0.0,0.0,0.0,0.0,0.6674139063888996,-0.2686375045588141,-24.62397633908611,0.0,0.7499999999999999,0.9967146170943475,-1.0,0.9999228651276961,-1.0,0.4667404820713738,0.33983640705177054,0.9982499831790309,-1.0,0.9996957145649017,Biotechnology,Healthcare,CTIC
2010Q2,2010,Q2,2010-08-06,2010-06-30,-23482000.0,299000.0,-19683000.0,-23.999952,299000.0,1.0,94578000.0,4924000.0,67943000.0,64648000.0,89962000.0,0.0,-1526919000.0,249803208.93,247786208.93,2.218136918150117,1.0509683207523821,0.6610099600329886,12.696385052802599,,2.218136918150117,-4.768887083671811,835.4622372240802,-2.6595180236990035,50.73176460804224,0.0,0.0,0.0,0.003161411744803231,0.998236604380646,-0.24828184144304172,-15.517654921729408,1.0,-0.1428571428571429,0.9984566435697424,-0.9999048066587071,1.0000793496496159,13.95,0.1277117384843982,0.23581938890398726,0.9941992288911041,-0.9041195676705193,1.0003093584046365,Biotechnology,Healthcare,CTIC
2010Q1,2010,Q1,2010-05-06,2010-03-31,-26920000.0,20000.0,-25757000.0,-20.999958,20000.0,1.0,75531000.0,-9905000.0,46592000.0,61484000.0,85693000.0,0.0,-1473280000.0,323871243.57,347482243.57,-4.960891347714659,0.7577906447205777,0.8621890349657756,-6.574659262998486,,-4.960891347714659,2.717819283190308,16193.5621785,-3.0077195725297177,-32.697753010600714,0.0,0.0,0.0,0.0002647919397333545,0.6751512588640948,-0.35640995088109517,-13.324196468918418,1.0,-0.5315364408841727,0.9981825155236385,-0.999991394238142,0.9997621373085807,0.0,0.016692844358403038,0.017733201128823126,0.9935312063084277,-0.9937248856440669,0.9994186176309242,Biotechnology,Healthcare,CTIC
2009Q4,2009,Q4,2010-02-26,2009-12-31,-27377000.0,20000.0,-26222000.0,-13.711693329266454,20000.0,1.0,69595000.0,-18564000.0,42165000.0,63859000.0,88364000.0,0.0,-1429083000.0,682843014.0,710347014.0,-9.297727105398781,0.6602828105670305,0.9385013291184712,-3.5183688860159448,,-9.297727105398781,1.4747360482654601,34142.1507,-6.235553694707236,-36.78318325791855,0.0,0.0,0.0,0.0002873769667361161,0.5921013482829358,-0.39337596091673255,-36.560636826042725,1.0,0.492158490640446,0.9983386732592534,-0.9999935006915366,0.9993063654681086,0.0,0.2183359981726816,0.03136197406819105,0.9948592433502191,-0.9937248856440669,0.9988534779840996,Biotechnology,Healthcare,CTIC
2009Q3,2009,Q3,2009-11-05,2009-09-30,-35024000.0,20000.0,-27071000.0,-26.999946,20000.0,1.0,87299000.0,-11475000.0,59497000.0,72882000.0,98932000.0,0.0,-1401706000.0,648462150.0,618651150.0,-6.529718041369107,0.8163469718174584,0.28844545756537876,-2.1944226579520696,,-6.529718041369107,3.0522004357298473,32423.1075,-4.628698535290087,-56.51086274509804,0.0,0.0,0.0,0.00022909769871361642,0.7545347273675256,-0.40119588998728506,-32.41176338281601,1.0,-0.5000000000000002,0.9973264135712936,-0.9999938520987259,0.9994087536575005,0.0,-0.9428634825539468,-0.24751152073732718,0.9934296986771455,-0.9947102170882294,0.9992870954382223,Biotechnology,Healthcare,CTIC
2009Q2,2009,Q2,2009-08-06,2009-06-30,-18027000.0,20000.0,-21700000.0,-17.999964,20000.0,1.0,43230000.0,-57523000.0,14778000.0,29912000.0,100860000.0,0.0,-1352870000.0,767420484.0,825565484.0,-38.67745078329184,0.494049211018989,1.6221374045801527,-1.2190775863567616,,-38.67745078329184,0.3133876884028997,38371.0242,-10.642653852554501,-13.34110675729708,-0.000998502246630055,0.0,2.345519877991685e-05,0.0004626416840157298,0.4005081572612998,-0.4170020818875781,-24.1593100582402,1.0,-0.19999999999999996,0.9986612721352034,-0.9999932972389299,0.9975501636113164,0.0,-0.20444978953698137,-2.304904051172708,0.9949691924966354,-0.9941395153064483,0.9967005700035511,Biotechnology,Healthcare,CTIC
2009Q1,2009,Q1,2009-05-08,2009-03-31,-14967000.0,20000.0,-6566000.0,-14.99997,20000.0,1.0,42933000.0,-115926000.0,14166000.0,36942000.0,158917000.0,0.0,-1325444000.0,108499614.0,230187614.0,-121.80286650605042,0.3834659736884847,2.851792327580183,-1.0561565136380104,,-121.80286650605042,0.1291082242119973,5424.9807,-1.8123139907797154,-0.9359385642565085,-0.2066546402084586,0.0,0.028507013859053913,0.00046584212610346356,0.29094255860538143,-0.34861295506952694,-5.646610148321623,1.0,0.6267943312297075,0.9995239442122064,-0.9999806971320067,0.9827582695394603,-0.9879007864488808,0.6087365696808094,0.24337404932011986,0.997783148723024,-0.9921197876335303,0.9907670076227714,Biotechnology,Healthcare,CTIC
2008Q4,2008,Q4,2009-03-16,2008-12-31,-38253000.0,2548000.0,-8678000.0,-40.192235153942576,1653000.0,0.6487441130298273,64243000.0,-123658000.0,28161000.0,42302000.0,187901000.0,0.0,-1312320000.0,39973542.0,175938542.0,-129.92684010838968,0.6657132050494067,2.273197079837492,-1.1809749470313284,,-129.92684010838968,0.3093451293082534,15.688203296703296,-0.261244490628186,-0.32325884293778,-0.0027971662353279483,0.0,0.0026767705498802184,0.039661908690440985,0.45298094652735094,-0.5954423049982099,-2.5326960653868085,0.6487441130298273,0.9526592278697602,0.9954740300828911,-0.9984681210790426,0.9935006672626355,-0.13364779874213836,0.16091601044111517,0.5140553253443835,0.9838749457764754,-0.9831695045182188,0.9909012269175334,Biotechnology,Healthcare,CTIC
2008Q3,2008,Q3,2008-11-07,2008-09-30,-45589000.0,2600000.0,-17858000.0,-848.998302,1908000.0,0.7338461538461538,93746000.0,-133380000.0,47343000.0,39718000.0,227126000.0,414000.0,-1270979000.0,12272760.0,181138760.0,-2380.085653104925,1.1919784480588147,1.9136389819298956,-1.3449992502624082,,-2380.085653104925,0.34179787074523915,4.720292307692308,-0.06730110333633113,-0.09201349527665317,-0.04516440369387352,1.671497584541063,0.16776992298390908,0.02773451667271137,0.3355909159575004,-0.4863034156123995,-0.6904894790142906,0.7338461538461538,0.45576923076923076,0.9290817589718497,-0.9801334746694707,0.857759757775681,-0.10127178520960904,0.2142943315581752,0.307534220016286,0.493757591842408,-0.8098182608306228,0.9187764748003736,Biotechnology,Healthcare,CTIC
2008Q2,2008,Q2,2008-08-18,2008-06-30,-58023000.0,2890000.0,-25789000.0,-1559.99688,2123000.0,0.7346020761245675,96818000.0,-134205000.0,47180000.0,50203000.0,231023000.0,593000.0,-1223333000.0,55059108.0,221646108.0,-3517.271202432121,0.9397844750313726,1.7692061393542524,-1.2763384374650721,,-3517.271202432121,0.43234603777802616,19.05159446366782,-0.23722966754562844,-0.4102612272270035,-0.004170759871085604,1.2934232715008431,0.004395276436370891,0.02984982131421843,0.2828317032846643,-0.5992997169947737,-2.2812026847862117,0.7346020761245675,0.3246753246753247,0.8634275171172165,-0.965842708975122,0.43733432089811425,-0.15215654952076677,-0.5203595011005135,-0.03329593717445308,0.7781302031966684,-0.9464696504576006,0.8741762804478976,Biotechnology,Healthcare,CTIC
2008Q1,2008,Q1,2008-05-12,2008-03-31,-38164000.0,3394000.0,-24958000.0,-2309.99538,2504000.0,0.7377725397760754,78636000.0,-114193000.0,27550000.0,47945000.0,192829000.0,341000.0,-1164017000.0,46908180.0,189356180.0,-4820.10046009033,0.574616748357493,1.9844727605676789,-1.36655486763637,,-4820.10046009033,0.33420612471867805,13.820913376546848,-0.3072802903259616,-0.4107798201290797,-0.43100828005450165,2.6099706744868034,0.3506637861456147,0.04316089322956407,0.3601418291792679,-0.4853247876290757,-1.9205773010153946,0.7377725397760754,-0.456992639907883,0.8541306680053878,-0.919021199763523,-2.0035207643668294,138.11111111111111,-0.016053885679295013,0.3087001080242639,0.7828494600614344,-0.8769214026904759,0.7688878896980759,Biotechnology,Healthcare,CTIC
2007Q4,2007,Q4,2008-03-26,2007-12-31,-37561000.0,67000.0,-36103000.0,-1585.4543919631928,18000.0,0.26865671641791045,73513000.0,-107889000.0,22637000.0,53546000.0,181402000.0,290000.0,-1109413000.0,133617240.0,266114240.0,-4554.00785108269,0.42275800246517015,2.017262252934855,-1.3745145473588596,,-4554.00785108269,0.34814485257996647,1994.2871641791044,-0.8893349484837997,-1.238469538136418,0.0,0.0,0.0,0.0009114034252445146,0.344432824113846,-0.510943642621033,-6.909926048508042,0.26865671641791045,0.5151505923919515,-1.1432448723655384,-0.9990192725390008,-1.2889521804184887,-0.1,0.22508303934311238,0.2629333224449798,0.8079042672300379,-0.9981650538298469,0.6602592151600782,Biotechnology,Healthcare,CTIC
2007Q3,2007,Q3,2007-11-09,2007-09-30,-48471000.0,20000.0,-48982000.0,-3269.99346,20000.0,1.0,84953000.0,-119348000.0,48366000.0,82282000.0,204152000.0,0.0,-1070351000.0,175933650.0,316059650.0,-7428.144644301986,0.5878077829902044,1.7871764387367133,-1.2721285652042766,,-7428.144644301986,0.40613164862419143,8796.6825,-0.9074170638113511,-1.4741231524617084,0.0,0.0,0.0,0.00023542429343283933,0.4656303930385747,-0.5705625463491578,-7.686384289396654,1.0,-0.676923076923077,0.7295080080807316,-0.9992311772873577,-2.717726931069494,0.0,-0.8669979200369771,-1.0158860811589432,0.5952993186529703,-0.9993275649278746,0.3274038289745316,Biotechnology,Healthcare,CTIC
2007Q2,2007,Q2,2007-08-09,2007-06-30,-25962000.0,20000.0,-24298000.0,-1949.9961,20000.0,1.0,89581000.0,-102081000.0,54450000.0,75877000.0,191662000.0,0.0,-1017748000.0,130268550.0,278396550.0,-7170.120109573646,0.7176087615482952,1.74315982183722,-1.5297068014615844,,-7170.120109573646,0.25432744585182354,6513.4275,-1.2544155881673216,-1.2761292503012314,0.0,0.0,0.0,0.00022326162914010784,0.5794114158440634,-0.289815920786774,-3.3212286158631414,1.0,0.1447368421052632,0.8014518938756636,-0.998575952433651,-1.4596067388871443,0.0,0.005820632610860075,-0.029445409481845528,0.7985940991691405,-0.9992998051064975,0.5458433583411494,Biotechnology,Healthcare,CTIC
2007Q1,2007,Q1,2007-05-10,2007-03-31,-26114000.0,20000.0,-23603000.0,-2279.99544,0.0,0.0,94355000.0,-106909000.0,58034000.0,33796000.0,201264000.0,0.0,-989847000.0,239053320.0,391788320.0,-8532.923617208076,1.71718546573559,1.7355836998569234,-1.5317793637579624,,-8532.923617208076,0.244263813149501,11952.666,-2.2885551811288964,-2.2360448605823646,0.0,0.0,0.0,0.00021196544963171003,1.4478636525032549,-0.2767632875841238,-9.993032355154252,0.0,0.14518933306122445,0.7419415207990806,-0.9972332756039262,-1.290055564907368,-1.0,0.2185648452929559,0.005645195264776509,0.9369037682058909,-0.9985336799492807,-0.20787279699174283,Biotechnology,Healthcare,CTIC
