Quarters,Year,Quarter,FillingDate,Date,NetIncome,Revenue,OperatingIncome,EPSDiluted,GrossProfit,GrossProfitRatio,TotalAssets,CommonStockEquity,CurrentAssets,CurrentLiability,TotalLiability,Inventory,RetainedEarnings,MarketCap,EnterpriseValue,bookValuePerShare,currentRatio,debtToAssets,debtToEquity,roic,shareholdersEquityPerShare,roe,priceToSalesRatio,peRatio,pbRatio,payoutRatio,inventoryTurnover,dividendYield,assetTurnover,quickRatio,returnOnAssets,priceToFreeCashFlowsRatio,grossProfitMargin,epsdilutedGrowth,fiveYNetIncomeGrowthPerShare,fiveYRevenueGrowthPerShare,fiveYShareholdersEquityGrowthPerShare,grossProfitGrowth,netIncomeGrowth,operatingIncomeGrowth,threeYNetIncomeGrowthPerShare,threeYRevenueGrowthPerShare,threeYShareholdersEquityGrowthPerShare,Industry,Sector,Symbol
2023Q1,2023,Q1,2023-04-26,2023-03-31,94595000.0,1769652000.0,121007000.0,2.45,332146000.0,0.1876900091,2039973000.0,133432000.0,1518074000.0,1302959000.0,1906541000.0,98778000.0,726117000.0,4617684500.0,4342118500.0,3.512292708607528,1.1650972900912462,0.20638606491360426,3.1553300557587387,0.1528294014762462,3.512292708607528,0.7089378859643863,2.6093743289641127,12.203828162165017,34.60702455183164,0.21032824145039378,14.552896393933873,0.004308652962323433,0.8674879520464241,1.0279955086844637,0.046370711769224394,142.06948589360982,0.18769000910913558,1.474747474747475,1.0507159779757989,0.890687602397558,0.40624461067874956,0.37798189497091744,1.4764385569925127,1.379077128757643,0.5543838644350765,0.4685579535697929,42.12990898854763,Staffing & Employment Services,Industrials,NSP
2022Q4,2022,Q4,2023-02-10,2022-12-31,38198000.0,1489714000.0,50863000.0,0.99,241038000.0,0.161801527,2039261000.0,81275000.0,1511873000.0,1353370000.0,1957986000.0,61485000.0,655190000.0,4296329507.2,3988488507.2,2.1490064913613245,1.1171172702217427,0.20840245559543383,5.229000307597662,0.06800896901262667,2.1490064913613245,0.46998462011688713,2.8839961947058295,28.118811895910778,52.861636508151335,0.5164144719618828,20.308628120679842,0.004591361059933183,0.7305165940014544,1.0260756481967237,0.018731295307466773,20.286757518179243,0.16180152700451228,0.01020408163265307,1.6563852583494094,0.949645832530175,0.3255571111378097,-0.014373162463760412,0.014043377843850381,-0.033592369516064674,0.9586413228283654,0.4490923877900952,19.837291679260094,Staffing & Employment Services,Industrials,NSP
2022Q3,2022,Q3,2022-10-31,2022-09-30,37669000.0,1439160000.0,52631000.0,0.98,244553000.0,0.1699275967,1781506000.0,60503000.0,1289006000.0,1121248000.0,1721003000.0,82197000.0,636624000.0,3881155530.0,3744103530.0,1.5914722361049005,1.149617212249208,0.23861328561340797,7.0259491264895955,0.07131815083593716,1.5914722361049005,0.6225972265838058,2.6968200408571668,25.758286190236003,64.14815017437152,0.524808197722265,14.533462291811137,0.005093586136188673,0.8078333724388242,1.0304018379519964,0.02114446990355351,42.25996875,0.1699275966536035,0.1264367816091954,1.1128626456059185,0.9484776917312047,-0.36075709064595585,0.019531575699968315,0.12113455757611834,0.08854188210961737,0.5391279700307848,0.4573558469029787,0.5596334727203485,Staffing & Employment Services,Industrials,NSP
2022Q2,2022,Q2,2022-08-02,2022-06-30,33599000.0,1432107000.0,48350000.0,0.87,239868000.0,0.1674930714,1892906000.0,35132000.0,1410645000.0,1246600000.0,1857774000.0,106268000.0,618765000.0,3816401070.0,3733848070.0,0.9189882026733631,1.1315939355045725,0.22627431050458924,12.191620175338722,0.06673081019738197,0.9189882026733631,0.9563645679152909,2.664885424063984,28.396686434120063,108.63033900717295,0.590880680972648,11.21917228140174,0.0052020213902728,0.7565653022389912,0.9892435424354243,0.017749956944507546,-94.42096711942403,0.1674930713975981,-0.5193370165745856,1.586756385433912,0.942773313975543,-0.5470220270970262,-0.16063742677780343,-0.5192175605288765,-0.5086132425428121,0.2548372557132616,0.4639222973664282,-0.7222303671078021,Staffing & Employment Services,Industrials,NSP
2022Q1,2022,Q1,2022-04-26,2022-03-31,69884000.0,1577837000.0,98395000.0,1.81,285774000.0,0.1811175679,1940077000.0,33961000.0,1431914000.0,1286595000.0,1906116000.0,72145000.0,604978000.0,3844880960.0,3699745960.0,0.8869880902632679,1.1129485191532689,0.2224236460717796,12.706310179323342,0.13489280265777387,0.8869880902632679,2.057772150407821,2.43680491711121,13.754510903783412,113.21459792114484,0.2467517600595272,17.90925220042969,0.004484924287486913,0.8132857613383386,0.9944753399476914,0.03602125070293602,70.9898443529477,0.18111756791100728,6.24,1.1070863788609897,0.9202720037013546,-0.5776931696606178,0.6748757501875469,6.198599093531108,7.901302695856703,-0.030843410641776408,0.4477953654964679,-0.6985576995454096,Staffing & Employment Services,Industrials,NSP
2021Q4,2021,Q4,2022-02-11,2021-12-31,9708000.0,1291236000.0,11054000.0,0.25,170624000.0,0.1321400581,1753085000.0,-1774000.0,1244848000.0,1128573000.0,1754859000.0,0.0,553590000.0,4525502760.0,4447474760.0,-0.04629919615826287,1.1030283375554792,0.28394744122504045,-280.59977452085684,0.0166744465924785,-0.04629919615826287,-5.472378804960541,3.5047836026876573,116.54055315203955,-2551.0162119503943,9.680778739184179,0.0,0.020766974407944016,0.7365507091783913,0.9932091233797016,0.005537666456560863,22.04207625467581,0.13214005805290435,-0.6428571428571428,0.09981508907352482,0.9101340564201835,-1.0316115413281643,-0.14034230321595736,-0.6443434935521688,-0.7208797313334848,-0.576504312967114,0.4365243124928688,-1.0245635421268624,Staffing & Employment Services,Industrials,NSP
2021Q3,2021,Q3,2021-11-02,2021-09-30,27296000.0,1209628000.0,39603000.0,0.7,198479000.0,0.16408267665761705,1734052000.0,97006000.0,1206468000.0,1004181000.0,1637046000.0,0.0,637857000.0,4255547129.85,4223005129.85,2.526846671388886,1.2014447594606947,0.2510760922971168,4.488165680473373,0.04767882800224851,2.526846671388886,0.2813846566191782,3.5180626852635686,38.97592256969886,43.868906354761556,0.6363569753810082,0.0,0.004081731319143506,0.6975730831601359,1.0811845673240184,0.01574116577818889,94.66658798856584,0.16408267665761705,0.07692307692307682,1.1073166083889312,0.8696164824165209,0.5138564291968541,-0.005387013039077142,0.08515544247435795,0.12435056639127842,-0.1883810743044924,0.40765634605281215,-0.3125686352784185,Staffing & Employment Services,Industrials,NSP
2021Q2,2021,Q2,2021-08-03,2021-06-30,25154000.0,1185371000.0,35223000.0,0.65,199554000.0,0.1683472938008438,1728084000.0,87262000.0,1201289000.0,1002689000.0,1640822000.0,0.0,627938000.0,3492035789.06,3475784789.06,2.258243447763389,1.1980673967700852,0.2541172767064564,5.032385230684605,0.04285093766918987,2.258243447763389,0.28825834842199355,2.9459433283419285,34.70656544744375,40.017828941119845,0.6904269698656277,0.0,0.0049733167267094125,0.6859452434025198,1.088022308013751,0.014556005379368133,-966.7873170155038,0.1683472938008438,-0.5911949685534591,1.7972475285381273,0.8101235673770046,0.4530433814227315,-0.20637117461074986,-0.5937792706953909,-0.5797981485016225,0.09668850071632333,0.37622372174689417,-0.20720058426857507,Staffing & Employment Services,Industrials,NSP
2021Q1,2021,Q1,2021-05-04,2021-03-31,61922000.0,1286835000.0,83824000.0,1.59,251445000.0,0.19539801140006294,1769084000.0,73644000.0,1251505000.0,1044351000.0,1695440000.0,0.0,620151000.0,3190649086.48,3136988086.48,1.9328194335540436,1.1983566827627876,0.24934711975236903,5.989843028624192,0.10693026685265775,1.9328194335540436,0.8408288523165499,2.479454698139233,12.881726553082911,43.32530941393731,0.24968508769096606,0.0,0.004845722478700076,0.7274018644677133,1.0473145522913274,0.03500229497299167,-315.8745754360954,0.19539801140006294,13.454545454545455,1.0850379284475802,0.7654335417751112,0.46462961267868913,0.5007162041181736,13.450875145857642,9.873524451939291,0.33846036898362936,0.3708122525225044,-0.2261416865429467,Staffing & Employment Services,Industrials,NSP
2020Q4,2020,Q4,2021-02-12,2020-12-31,4285000.0,1056335000.0,7709000.0,0.11,167550000.0,0.15861445469477012,1584276000.0,44132000.0,1077268000.0,904924000.0,1540144000.0,0.0,575028000.0,3113944946.1,2992787946.1,1.1539148900176506,1.1904513528207894,0.27374586246335864,9.827086921055017,0.009747919958712787,1.1539148900176506,0.09709507840116016,2.9478763328868207,181.67706803383896,70.559796657754,3.581563593932322,0.0,0.004928475058372838,0.6667619783421576,1.0853077164491163,0.0027047054932347646,14.800822026236988,0.15861445469477012,-0.7843137254901961,-0.15991141568325945,1.0196493415462715,-0.6819665299174315,-0.09448584847027287,-0.7858463691338897,-0.7320658974002503,-0.7053267709645703,0.3670799537972461,-0.28823849799459567,Staffing & Employment Services,Industrials,NSP
2020Q3,2020,Q3,2020-11-02,2020-09-30,20009000.0,1007820000.0,28772000.0,0.51,185033000.0,0.18359726935365442,1523282000.0,40639000.0,1048858000.0,841070000.0,1482643000.0,0.0,586124000.0,2506881624.54,2568361624.54,1.0616568744000277,1.2470519695150226,0.2848034704014096,10.675361106326434,0.039355419037106605,1.0616568744000277,0.4923595560914393,2.487429922545693,31.32192544030186,61.68659722286473,0.7720525763406467,0.0,0.006162237518029847,0.6616109164291313,1.1117528862044777,0.013135453579836169,-66.68834626745763,0.18359726935365442,-0.6165413533834586,1.1022405497651164,1.0203899471952047,-0.7099980710370788,-0.15989175887291202,-0.6141058031667663,-0.6057928124186499,0.11463214719520191,0.35515301923434406,-0.5735667806632967,Staffing & Employment Services,Industrials,NSP
2020Q2,2020,Q2,2020-08-04,2020-06-30,51851000.0,993366000.0,72987000.0,1.33,220249000.0,0.22171988974859216,1517733000.0,44638000.0,1068647000.0,840563000.0,1473095000.0,0.0,581613000.0,2496441910.0,2467257910.0,1.157414369798014,1.271346704530178,0.2834589483130432,9.637864599668443,0.09931421188782023,1.157414369798014,1.1615887808593575,2.5131139076634392,12.036614096160152,55.926383574532906,0.2992613450078108,0.0,0.006215646331622433,0.65450642504314,1.1483803117672322,0.03416345299206119,37.131199113530556,0.22171988974859216,-0.1582278481012658,8.104837247778761,1.0320374133046017,-0.7003922268714158,-0.05885344112946646,-0.1649326805385557,-0.143556165733798,2.9569758039904857,0.3357741450221156,-0.4294995153205206,Staffing & Employment Services,Industrials,NSP
2020Q1,2020,Q1,2020-05-05,2020-03-31,62092000.0,1229483000.0,85221000.0,1.58,234022000.0,0.1903417940711665,1522408000.0,-3310000.0,1079280000.0,888458000.0,1525718000.0,0.0,545295000.0,1445785523.8,1429965523.8,-0.08539510042644403,1.2147788640543504,0.2426419199058334,-111.6012084592145,0.14599958281331651,-0.08539510042644403,-18.75891238670695,1.1759296580757927,5.821142513528312,-436.79320960725073,0.2505475745667719,0.0,0.010760240536307962,0.8075910005727768,1.0636192144141874,0.040785387360024385,177.13618277382994,0.1903417940711665,2.0980392156862746,4.780265017880987,1.2559513261021729,-1.019935373810961,0.44515117083292166,2.0444716842363326,2.0744615606623618,0.8493021497202168,0.47805564184100235,-1.0406577434167137,Staffing & Employment Services,Industrials,NSP
2019Q4,2019,Q4,2020-02-12,2019-12-31,20395000.0,1075090000.0,27719000.0,0.51,161936000.0,0.15062552902547693,1394996000.0,4079000.0,974746000.0,869045000.0,1390917000.0,0.0,499473000.0,3402966319.2000003,3339752319.2000003,0.10313271630690314,1.1216289144980984,0.19311883331565108,66.0455994116205,0.06174395374165818,0.10313271630690314,5.0,3.165285063762104,41.71324245158127,834.2648490316254,0.5807796028438342,0.0,0.003480786728087461,0.7706760449492328,1.0028709675563405,0.01462011360606052,24.706081975925308,0.15062552902547693,-0.19047619047619047,2.142247448847275,1.2694290743437884,-0.9748615277395057,-0.05048491316125855,-0.2112997409025871,-0.2019405176633173,1.2383939913826187,0.5407279458860381,-0.9295844335465923,Staffing & Employment Services,Industrials,NSP
2019Q3,2019,Q3,2019-11-04,2019-09-30,25859000.0,1043388000.0,34733000.0,0.63,170546000.0,0.16345405544246244,1292122000.0,40988000.0,893743000.0,761212000.0,1251134000.0,0.0,490949000.0,3961368160.0,4018209160.0,1.0204142601075483,1.1741052426919176,0.18527662248611199,5.840733873328779,0.07496418821686603,1.0204142601075483,0.6308919683809896,3.796639562655503,38.29777021539889,96.64702254318337,0.4654859043273135,0.0,0.003038596644852116,0.8074996014308247,1.0508150160533465,0.020012816127269715,-89.80047060957088,0.16345405544246244,-0.08695652173913036,2.785082676610354,1.2855440748178018,-0.7971580633556089,-0.01835554148559588,-0.09444600084045385,-0.10297004132231405,0.9080159703224419,0.5412959363748219,-0.3886606949289557,Staffing & Employment Services,Industrials,NSP
2019Q2,2019,Q2,2019-07-29,2019-06-30,28556000.0,1043316000.0,38720000.0,0.69,173735000.0,0.16652193582768787,1316995000.0,134889000.0,919177000.0,769848000.0,1182106000.0,0.0,477155000.0,5064981330.0,4970584330.0,3.308454538765299,1.1939720568216063,0.12862615271887895,1.2558474004551892,0.07724389853763103,3.308454538765299,0.21169999036244616,4.854695346376362,44.34253160456647,37.54925405333274,0.43262361675304667,0.0,0.0024391007972382793,0.7921943515351235,1.0672834117903793,0.021682694315468168,-89.0655787085883,0.16652193582768787,-0.6270270270270271,17.348918981138812,1.2452436635333957,-0.33742637405330916,-0.23369222422667907,-0.6256865341005912,-0.546927838429225,2.0097072583928917,0.5099856935063323,1.1287908418608237,Staffing & Employment Services,Industrials,NSP
2019Q1,2019,Q1,2019-04-29,2019-03-31,76289000.0,1153010000.0,85461000.0,1.85,226717000.0,0.19663055827789871,1350978000.0,119194000.0,980081000.0,850389000.0,1231784000.0,0.0,460903000.0,5101172440.0,4900235440.0,2.9424804976794707,1.1525090282212023,0.10688553033432077,1.211470376025639,0.23861878155597252,2.9424804976794707,0.6400406060707754,4.424222201021673,16.716605408381287,42.797225028105444,0.16235630300567577,0.0,0.0024280692616617367,0.8534631948114625,1.0275673838678534,0.05646946138279084,45.51001828903817,0.19663055827789871,2.1355932203389836,8.776104075274544,1.2183894183786848,-0.40932900909041464,0.40302987171315235,2.0942607990265665,1.6199760875563323,1.4162184214834916,0.4878764415505103,1.2297189260490626,Staffing & Employment Services,Industrials,NSP
2018Q4,2018,Q4,2019-02-11,2018-12-31,24655000.0,966756000.0,32619000.0,0.59,161591000.0,0.16714765669931192,1191816000.0,77676000.0,866536000.0,772332000.0,1114140000.0,0.0,397947000.0,3847381377.84,3725789377.84,1.8848745803493308,1.1219734518315958,0.12115964209240353,1.859004068180648,0.10649862869443424,1.8848745803493308,0.3174082084556362,3.979681923711878,39.01218188846076,49.53114704464699,0.33413100790914624,0.0,0.0021411966194588654,0.8111621256972553,1.0205157885468943,0.020686918114876794,38.34268180662136,0.16714765669931192,-0.313953488372093,4.615795794036373,1.0904407381468315,-0.6305296937047014,-0.026876799113541378,-0.31905432651144805,-0.3223152514906613,3.4859528063511043,0.7154047772131754,-0.48050483736304556,Staffing & Employment Services,Industrials,NSP
2018Q3,2018,Q3,2018-11-01,2018-09-30,36207000.0,925126000.0,48133000.0,0.86,166054000.0,0.1794933879276985,1136677000.0,151920000.0,846162000.0,697258000.0,984757000.0,0.0,381505000.0,4857101600.0,4670778600.0,3.6757803048632955,1.2135565314417331,0.09184667236162956,0.6872037914691943,0.13879446103334453,3.6757803048632955,0.23832938388625594,5.250205485523053,33.537034275140165,31.97144286466561,0.2315574336454277,0.0,0.001726132309029731,0.8138864426745681,1.0984112050345782,0.031853376113003075,106.64167215562289,0.1794933879276985,0.48275862068965525,3.3637673477460623,1.082227776869746,-0.2578583471609555,0.07447717154984988,0.47422638436482084,0.43334028170691763,2.523246246407373,0.7176969490223902,0.00407523801575514,Staffing & Employment Services,Industrials,NSP
2018Q2,2018,Q2,2018-08-01,2018-06-30,24560000.0,922295000.0,33581000.0,0.58,154544000.0,0.16756460785323568,1051068000.0,117860000.0,749787000.0,654791000.0,933208000.0,0.0,353706000.0,3941159250.0,3744055250.0,2.8484423713657345,1.1450783532455395,0.0993275411295939,0.885796707958595,0.10824799574037408,2.8484423713657345,0.2083828270829798,4.2732089515827365,40.11766337540717,33.43932844052266,0.34136807817589576,0.0,0.0021272928770893996,0.8774836642348545,1.0196719258511495,0.023366708909414044,-287.2565051020408,0.16756460785323568,-0.5084745762711864,7.178070219948901,0.9573297052015836,-0.43312198524918644,-0.22619667534548368,-0.5087115680822548,-0.4809977899015502,3.019761361295457,0.7585273257441975,-0.2626534644468554,Staffing & Employment Services,Industrials,NSP
2018Q1,2018,Q1,2018-04-30,2018-03-31,49991000.0,1014372000.0,64703000.0,1.18,199720000.0,0.19689029271312694,1091467000.0,102832000.0,801013000.0,709629000.0,988635000.0,0.0,337527000.0,2863489439.85,2615176439.85,2.497639942536211,1.1287771497500807,0.09565108244225433,1.0152481717753228,0.23980146066464456,2.497639942536211,0.48614244593122763,2.8229184558031966,14.320024803714668,27.846287535494785,0.16807025264547618,0.0,0.0029341822892980977,0.929365706888069,0.9805292624737715,0.04580165960125226,168.5992369200424,0.19689029271312694,2.2777777777777777,3.5897147593650556,1.0051219408082175,-0.48047737021635134,0.3979533268937326,2.214028545711714,1.7287027665317138,3.38127501440805,0.7522700517063204,-0.41692924241555457,Staffing & Employment Services,Industrials,NSP
2017Q4,2017,Q4,2018-02-12,2017-12-31,15554000.0,826494000.0,23712000.0,0.36,142866000.0,0.1728578791860558,1063695000.0,66321000.0,778935000.0,726481000.0,997374000.0,0.0,296797000.0,2346092897.55,2098192897.5500002,1.6212100356179266,1.072202851829573,0.09814843540676604,1.5741620301262043,0.08973772985640502,1.6212100356179266,0.23452601740022014,2.838608504780434,37.70883530844156,35.3748118627584,3.081972482962582,0.0,0.02043269473687939,0.7770028062555526,0.9635833559308502,0.014622612685027193,18.443256588132638,0.1728578791860558,-0.20879120879120885,1.0044967886643075,0.8894521334037467,-0.664903042636894,0.020719317548547504,-0.18998021039475055,-0.20426859961743682,1.316883697693952,0.686774254785174,-0.6048320555473606,Staffing & Employment Services,Industrials,NSP
2017Q3,2017,Q3,2017-11-01,2017-09-30,19202000.0,795513000.0,29799000.0,0.455,139966000.0,0.17594432774825805,947372000.0,101940000.0,671039000.0,579341000.0,845432000.0,0.0,329180000.0,1801624000.0,1622040000.0,2.4896204757485467,1.1582798386442528,0.11019958369046161,1.024131842260153,0.0926836524810564,2.4896204757485467,0.18836570531685304,2.2647323173851337,23.45620247890845,17.673376495978026,0.325591084262056,0.0,0.0034702024395767373,0.8397049944477988,1.0202160730899419,0.020268701207128773,34.89152706497531,0.17594432774825805,0.3787878787878788,1.0411924677158857,0.8916292459982553,-0.523154456212129,0.07210098580653068,0.36981024397203593,0.29911064608945853,1.7572670796019985,0.7094632568416792,-0.5051035069255695,Staffing & Employment Services,Industrials,NSP
2017Q2,2017,Q2,2017-08-01,2017-06-30,14018000.0,795552000.0,22938000.0,0.33,130553000.0,0.16410366638510115,885888000.0,83703000.0,599032000.0,543370000.0,802185000.0,0.0,316230000.0,1464659000.0,1329098000.0,2.028770177904891,1.1024384857463607,0.11784785435630689,1.2472671230421848,0.07493133695588662,2.028770177904891,0.16747308937553015,1.8410600438437714,26.121040804679694,17.498285605055973,0.4499215294621201,0.0,0.004306121766226814,0.8980277416558301,0.9427572372416585,0.015823670712324808,-36.757070795793915,0.16410366638510115,-0.6094674556213017,1.9997475711330188,0.8428894692864471,-0.6013086204000103,-0.18069484015915052,-0.6065454137195464,-0.5711882150601959,7.90107289161477,0.6918403389746178,-0.5937046747244682,Staffing & Employment Services,Industrials,NSP
2017Q1,2017,Q1,2017-05-01,2017-03-31,35628000.0,882664000.0,53492000.0,0.845,159346000.0,0.1805284910226315,928528000.0,86387000.0,650476000.0,590947000.0,842141000.0,0.0,308518000.0,1823087250.0,1625478250.0,2.100340384147824,1.100734922082691,0.11243602777729912,1.2085151701066132,0.18729550037826012,2.100340384147824,0.41242316552259023,2.0654374144634877,12.792517472212868,21.1037222035723,0.14797350398562928,0.0,0.002891797965237264,0.9506056898661107,0.9642590621493975,0.03837040993917254,56.8046130117779,0.1805284910226315,2.7555555555555555,2.130378518183696,0.8091279777475687,-0.5891120833054571,0.4415364712906757,2.742436974789916,2.697518490357365,3.496529320229245,0.6725619665361573,-0.5783794873303674,Staffing & Employment Services,Industrials,NSP
2016Q4,2016,Q4,2017-02-13,2016-12-31,9520000.0,729069000.0,14467000.0,0.225,110539000.0,0.15161665082454473,907174000.0,60525000.0,640322000.0,600958000.0,846649000.0,0.0,278163000.0,1465984650.9,1286201650.9,1.464629505965041,1.0655020816762568,0.11508266330384248,1.724907063197026,0.058291333461617925,1.464629505965041,0.15729037587773648,2.010762562802698,38.497496084558826,24.221142517967785,0.5540966386554622,0.0,0.0035982641405976263,0.8036705196577504,0.9370338692554222,0.010494127918128164,17.21002853771924,0.15161665082454473,-0.3181818181818182,0.0659065866454099,0.7878666860567015,-0.7003090416167158,-0.06160650616319739,-0.32314255243512263,-0.3647301629122206,1.1624228669523493,0.5721247072058284,-0.7129055069129615,Staffing & Employment Services,Industrials,NSP
2016Q3,2016,Q3,2016-11-01,2016-09-30,14065000.0,702538000.0,22773000.0,0.33,117796000.0,0.16767206898416884,794886000.0,69580000.0,548664000.0,484865000.0,725306000.0,0.0,273918000.0,1514035520.0,1396705520.0,1.669145516480353,1.1315809555237024,0.1313395883183249,1.5004311583788446,0.0818963128354836,1.669145516480353,0.202141419948261,2.1550941301395796,26.911402772840383,21.759636677206096,0.3787415570565233,0.0,0.0035184115099228318,0.8838223342718327,0.9711218586616893,0.017694361203996548,-43.85712067666995,0.16767206898416884,0.4666666666666667,3.1856465401712546,0.8163238529065399,-0.6440539416191688,0.040058626687503866,0.44805930196643673,0.4212694252012732,0.6806758664852351,0.5677339024363303,-0.6629987894568472,Staffing & Employment Services,Industrials,NSP
2016Q2,2016,Q2,2016-08-01,2016-06-30,9713000.0,707332000.0,16023000.0,0.225,113259000.0,0.1601214139894703,846495000.0,64867000.0,611481000.0,541547000.0,781628000.0,0.0,265180000.0,1611712870.0,1446420870.0,1.5541472998227035,1.12913745252028,0.12333209292435278,1.609447022368847,0.05869036388106541,1.5541472998227035,0.14973715448533154,2.278580454440065,41.48339519201071,24.846422217768666,0.5502934211880984,0.0,0.003316347532795962,0.8356009190839875,0.969733005630167,0.011474373741132552,-38.094754419967856,0.1601214139894703,-0.7058823529411765,0.7762319915869674,0.8438341881040603,-0.681536375484471,-0.2450205311433447,-0.7029027620591564,-0.6979243255471975,2.2062931423719103,0.4881434727031746,-0.690703963397576,Staffing & Employment Services,Industrials,NSP
2016Q1,2016,Q1,2016-05-02,2016-03-31,32693000.0,802408000.0,53043000.0,0.765,150016000.0,0.1869572586514591,880510000.0,55352000.0,636393000.0,590427000.0,825158000.0,0.0,260812000.0,1084881560.0,872327560.0,1.3196643143238604,1.0778521307460533,0.11856764829473827,1.8861107096401215,0.2059608766560372,1.3196643143238604,0.5906380979910392,1.3520323326786372,8.295977426360382,19.599681312328368,0.14229345731502158,0.0,0.004288025690103905,0.9112991334567466,0.9418776580339314,0.037129618062259374,12.01060103844919,0.1869572586514591,4.884615384615384,3.522301205787526,0.8181000289973608,-0.7290368511039602,0.5458395589674893,4.157438081716359,4.290544584081388,1.946301948052935,0.5569239278743368,-0.7255026782151055,Staffing & Employment Services,Industrials,NSP
2015Q4,2015,Q4,2016-02-12,2015-12-31,6339000.0,650011000.0,10026000.0,0.13,97045000.0,0.14929747342737276,784912000.0,172455000.0,542048000.0,487711000.0,612457000.0,0.0,232771000.0,1144303263.675,874765263.675,3.6282812929031296,1.1114122912954598,0.0,0.0,0.037000988209601036,3.6282812929031296,0.0367574149778203,1.7604367674931654,45.12948665700426,6.6353730751500395,0.8425619182836409,0.0,0.004667468991434187,0.828132325661985,0.9843493380301039,0.008076064577939947,13.7944314159052,0.14929747342737276,-0.4583333333333333,-0.12716940450285139,0.6006542530114996,-0.23061932574708321,-0.09085373279746681,-0.4695397489539749,-0.49709069020866775,-0.2968937415245741,0.27895079710129134,-0.25005027417937187,Staffing & Employment Services,Industrials,NSP
2015Q3,2015,Q3,2015-11-02,2015-09-30,11950000.0,626286000.0,19936000.0,0.24,106743000.0,0.17043810655195868,780093000.0,175941000.0,568464000.0,492064000.0,604152000.0,0.0,231720000.0,1055637900.0,854552900.0,3.660861423220974,1.1552643558561488,0.0,0.0,0.06785582609666517,3.660861423220974,0.06792049607538891,1.6855524472844674,22.08447489539749,5.99995396183948,0.45230125523012554,0.0,0.005120126891995826,0.8028350465905988,0.9841402744358457,0.015318686361754303,25.367373960686308,0.17043810655195868,0.6551724137931035,0.7400514585778927,0.5929125116955474,-0.20034066272086143,0.024218232759861447,0.6338528848783156,0.6318245068347385,0.08226375111213438,0.2687882789880304,-0.2988226626940073,Staffing & Employment Services,Industrials,NSP
2015Q2,2015,Q2,2015-08-03,2015-06-30,7314000.0,627838000.0,12217000.0,0.145,104219000.0,0.16599664244598128,753048000.0,191347000.0,551594000.0,462763000.0,561701000.0,0.0,225175000.0,1260589400.0,1092861400.0,3.8630986029233627,1.191957870443402,0.0,0.0,0.03834931105308368,3.8630986029233627,0.038223750568339196,2.007825904134506,43.088234891987966,6.587975771765431,0.7605961170358218,0.0,0.004413015054703776,0.8337290584398338,0.9832398009348198,0.009712528285049558,-34.11054767832017,0.16599664244598128,-0.462962962962963,0.4645612357220441,0.5601373949861259,-0.14771231813635938,-0.19745110118589249,-0.46950025386233407,-0.4805697278911565,0.30369475412077274,0.21143640815306128,-0.24082869104431792,Staffing & Employment Services,Industrials,NSP
2015Q1,2015,Q1,2015-05-01,2015-03-31,13787000.0,699479000.0,23520000.0,0.27,129860000.0,0.18565246419120518,840621000.0,213101000.0,633593000.0,531745000.0,627520000.0,0.0,223424000.0,1300665329.46,1072077329.46,4.28359664765812,1.191535416412002,0.0,0.0,0.06467777226310327,4.28359664765812,0.06469702160008635,1.8594773101980189,23.584995456952203,6.103515842065499,0.351345470370639,0.0,0.003724247806321626,0.8320979371202956,0.9726579469482552,0.016400970235100003,-32.216217012855125,0.18565246419120518,0.6452719206271436,5.046120247661904,0.5409047799629985,-0.04524697391485278,0.2811886462968261,0.6887555120039196,0.8079790913982627,0.0015138934299791422,0.18530563287564963,-0.16200339916327705,Staffing & Employment Services,Industrials,NSP
2014Q4,2014,Q4,2015-02-10,2014-12-31,8164000.0,595865000.0,13009000.0,0.16410661156672607,101359000.0,0.17010396650247958,796670000.0,204096000.0,569509000.0,496451000.0,592574000.0,0.0,214481000.0,842982367.86,566526367.86,4.102584884164934,1.1471605455523304,0.0,0.0,0.03983847790063061,4.102584884164934,0.040000783944810284,1.4147203944853282,25.81401175465458,4.130322827786924,6.795443410093092,0.0,0.06581157817195724,0.7479445692695846,0.9672716944874721,0.010247655867548671,6.262730903917446,0.17010396650247958,-0.00541447535317539,3.930199789868534,0.5174403976013718,-0.07792952388341802,0.005376077447255919,-0.02635658914728682,-0.10034578146611342,-0.24069668676236503,0.21379257799573428,-0.16053336985448452,Staffing & Employment Services,Industrials,NSP
2014Q3,2014,Q3,2014-11-03,2014-09-30,8385000.0,560303000.0,14460000.0,0.165,100817000.0,0.17993300053720934,779358000.0,248008000.0,573651000.0,454535000.0,531350000.0,0.0,261795000.0,673931000.0,494473000.0,5.030588235294117,1.2620612274082303,0.0,0.0,0.033709151646430596,5.030588235294117,0.03380939324537918,1.2027974149701144,20.093351222420992,2.717376052385407,0.5738819320214669,0.0,0.007140196845077612,0.7189289132850372,1.0405469325794494,0.010758855365570122,28.08513918986498,0.17993300053720934,3.714285714285714,0.44942257447891876,0.4449667670283475,0.1024014325390115,0.05619519554126114,3.4341618191433105,3.235500878734622,1.109935535654815,0.22486921362419074,0.07277528292782569,Staffing & Employment Services,Industrials,NSP
2014Q2,2014,Q2,2014-08-01,2014-06-30,1891000.0,564621000.0,3414000.0,0.035,95453000.0,0.16905676551173265,737256000.0,247370000.0,534275000.0,412630000.0,489886000.0,0.0,258222000.0,817410000.0,648521000.0,4.993338716188938,1.2948040617502363,0.0,0.0,0.007564651437470011,4.993338716188938,0.007644419290940696,1.447714484583464,108.06583818085669,3.3044023123256663,2.5658381808566895,0.0,0.005935821680674325,0.7658411732152739,1.0734677556164118,0.0025649163926777132,-19.22322562438267,0.16905676551173265,-0.8108108108108107,-0.6493213815946073,0.394581376028424,0.12268198370857115,-0.10099269138034961,-0.8022793810121288,-0.7942257850641914,-0.7086510478811234,0.2400272141748249,0.02319564314956299,Staffing & Employment Services,Industrials,NSP
2014Q1,2014,Q1,2014-05-02,2014-03-31,9564000.0,636999000.0,16591000.0,0.185,106176000.0,0.16668158034784983,799389000.0,247316000.0,598037000.0,474892000.0,552073000.0,0.0,261183000.0,769016540.0,555498540.0,4.98158965475567,1.2593115908459187,0.0,0.0,0.038622287696018685,4.98158965475567,0.0386711737210694,1.2072492107522932,20.1018543496445,3.109449206682948,0.454935173567545,0.0,0.005657875707068667,0.7968573498009105,1.0357175947373298,0.011964137610099713,118.09222051597051,0.16668158034784983,0.7365305350727924,0.15883597679062256,0.3642950202412332,0.14083482296213007,0.18002178310253616,0.8082813386273398,1.41358743089904,0.11771186116530435,0.21940186836290793,0.022856498208883996,Staffing & Employment Services,Industrials,NSP
2013Q4,2013,Q4,2014-02-10,2013-12-31,5289000.0,557133000.0,6874000.0,0.10653426257905975,89978000.0,0.16150183169907364,766560000.0,253272000.0,565317000.0,436687000.0,513288000.0,0.0,255970000.0,896854990.0000001,671099990.0000001,5.101559037988962,1.2945588029870365,0.0,0.0,0.02081606628501852,5.101559037988962,0.020882687387472756,1.6097682061554424,42.39246502174324,3.54107437853375,0.8218944980147476,0.0,0.004846937407350546,0.7267963368816531,1.1049401516417938,0.006899655604257984,13.434017225883764,0.16150183169907364,-0.45367044831251413,-0.4609418988042261,0.29406578405385847,0.20203369674688487,-0.07628658542845117,-0.47540170601071213,-0.5982935951379149,-0.3027743523905315,0.31348853960654666,0.08179069248746992,Staffing & Employment Services,Industrials,NSP
2013Q3,2013,Q3,2013-11-01,2013-09-30,10082000.0,539869000.0,17112000.0,0.195,97409000.0,0.1804308082145854,710469000.0,248739000.0,509418000.0,386681000.0,461730000.0,0.0,255028000.0,944145644.4,782303644.4,4.952936263315351,1.3174115097457595,0.0,0.0,0.04047331563655019,4.952936263315351,0.0405324456558883,1.7488421161429901,23.41166545328308,3.7957282307961355,0.43096607815909543,0.0,0.004602044214016605,0.7598769263683567,1.1073830883855167,0.014190626191994302,-59.46624956855829,0.1804308082145854,1.7857142857142856,-0.14534976791680407,0.2939283082668921,0.15398163573479837,-0.003447711415300882,1.8904816513761469,0.6730543605788033,0.40489381798889396,0.31404498191467256,0.0818933775493245,Staffing & Employment Services,Industrials,NSP
2013Q2,2013,Q2,2013-08-01,2013-06-30,3488000.0,547274000.0,10228000.0,0.07,97746000.0,0.17860523247952578,708318000.0,241477000.0,510301000.0,391790000.0,466841000.0,0.0,249291000.0,757380573.68,578887573.68,5.024788926799082,1.3024860256770208,0.0,0.0,0.01940853004670976,5.024788926799082,0.014444439843132059,1.3839147733676367,54.28473148509175,3.136450153347938,1.2456995412844036,0.0,0.00573687806499748,0.7726388430055428,1.1015671660838715,0.004924341891636243,-17.85853746003301,0.17860523247952578,-0.7254901960784313,-0.6646259479733088,0.3750007670491211,0.2297636595001653,-0.09593222220166854,-0.7352159720640704,-0.5352810214003362,-0.28012519967780547,0.4016771082089697,0.108583069309929,Staffing & Employment Services,Industrials,NSP
2013Q1,2013,Q1,2013-04-29,2013-03-31,13173000.0,611836000.0,22009000.0,0.255,108118000.0,0.17671075255460614,760711000.0,239388000.0,561159000.0,447459000.0,521323000.0,0.0,250148000.0,705580980.0,478148980.0,4.807567176768285,1.2541014930976917,0.0,0.0,0.05483349079292867,4.807567176768285,0.055027820943405685,1.1532191306167012,13.390666135276703,2.9474367136197306,0.33014499354740756,0.0,0.006163714900591566,0.8042949293489906,1.0727887918222676,0.017316694513422312,48.23166176772165,0.17671075255460614,0.34435892006352564,0.017499791448459853,0.3632667183006228,0.23280948665380397,0.15630514528945597,0.3947061937533086,0.0958474407488548,4.7715385299569935,0.3465920668006558,0.07153863626178779,Staffing & Employment Services,Industrials,NSP
2012Q4,2012,Q4,2013-02-11,2012-12-31,9445000.0,532438000.0,20084000.0,0.18968148772944532,93503000.0,0.17561293521499216,750200000.0,240905000.0,551465000.0,435759000.0,509295000.0,0.0,241324000.0,810646320.0,546102320.0,4.838032694702173,1.2655275048822858,0.0,0.0,0.04895063125074056,4.838032694702173,0.03920632614516095,1.5225177767176648,21.45702276336686,3.3650041302588156,3.185283218634198,0.0,0.037112362392516626,0.7097280725139963,1.0827865861634527,0.012589976006398294,13.482010377860565,0.17561293521499216,-0.15697116564690972,-0.27840889563867877,0.34564032720426674,0.2321855007017992,-0.049959357854094694,-0.17525323087670275,0.04932079414838036,4.386851085282328,0.3546674988976974,0.08736497506489596,Staffing & Employment Services,Industrials,NSP
2012Q3,2012,Q3,2012-11-01,2012-09-30,11452000.0,511953000.0,19140000.0,0.225,98420000.0,0.1922442099177073,730434000.0,260247000.0,535909000.0,395956000.0,470187000.0,0.0,261964000.0,628059600.0,425841600.0,5.221020743891184,1.3534559395488388,0.0,0.0,0.043687081981665876,5.221020743891184,0.04400434971392562,1.2267915218779848,13.710696821515892,2.413321191022375,0.38054488298987077,0.0,0.006938831919773219,0.7008887866665572,1.154239359928881,0.015678350131565617,26.048674878686075,0.1922442099177073,1.0454545454545454,-0.0010972976362391823,0.41566899295874365,0.3608208165872925,0.12745434966893487,1.037359900373599,1.0329261816250663,0.9578972645900264,0.3058148687528534,0.14413274912869667,Staffing & Employment Services,Industrials,NSP
2012Q2,2012,Q2,2012-07-31,2012-06-30,5621000.0,519256000.0,9415000.0,0.11,87294000.0,0.16811360870168088,682057000.0,252532000.0,487916000.0,354447000.0,429525000.0,0.0,254870000.0,671208867.325,490618867.32500005,5.0885729707534,1.376555592232407,0.0,0.0,0.02185010862678032,5.0885729707534,0.02225856525113649,1.2926357467703793,29.85273382516456,2.657916095088939,0.7802882049457391,0.0,0.006534478630295411,0.761308805569036,1.1685809161877516,0.008241246699322784,-16.41378395630059,0.16811360870168088,-0.5925925925925927,-0.5558261424678436,0.48604509776030813,0.33319889297586713,-0.15251834880198828,-0.5951454912129069,-0.5914692354421591,0.04055953707404402,0.2802770145846909,0.14409406646690656,Staffing & Employment Services,Industrials,NSP
2012Q1,2012,Q1,2012-04-30,2012-03-31,13884000.0,595177000.0,23046000.0,0.27,103004000.0,0.17306448333856986,741630000.0,256475000.0,549366000.0,413446000.0,485155000.0,0.0,253635000.0,768665680.0,534117680.0,5.11171124486786,1.3287490990359079,0.0,0.0,0.05346578289316224,5.11171124486786,0.05413393118237645,1.2914909010260813,13.840854220685681,2.997039399551613,0.2808268510515701,0.0,0.005072426285508155,0.8025255181155023,1.1322083174102544,0.018720925528902553,25.775986050098922,0.17306448333856986,0.24926042050903732,0.7852711242535927,0.5752534819711947,0.23204909983288735,0.14517599448558025,0.28033935817041683,0.38074411359415256,0.6645718454517442,0.26130820486849893,0.1706339938106315,Staffing & Employment Services,Industrials,NSP
2011Q4,2011,Q4,2012-02-14,2011-12-31,10844000.0,495114000.0,16691000.0,0.21612787499501734,89946000.0,0.18166725239035858,712259000.0,245207000.0,522788000.0,396226000.0,467052000.0,0.0,243650000.0,635955450.0,424747450.0,4.887132777932794,1.3194187155815116,0.0,0.0,0.043884687550769734,4.887132777932794,0.04422385984086914,1.2844626692034562,14.661459101807452,2.5935452495238716,0.3569715971966064,0.0,0.006086904357844562,0.6951319674444268,1.115600692534059,0.015224798844240649,12.080532074539825,0.18166725239035858,1.7015984374377167,-0.1237007999462507,0.5152837989642585,0.15839855098553257,0.033517563111146856,1.645523298365455,0.18426280686817084,0.09359636130049878,0.13791078928142841,0.1515103982540914,Staffing & Employment Services,Industrials,NSP
2011Q3,2011,Q3,2011-11-01,2011-09-30,4099000.0,471821000.0,14094000.0,0.08,87029000.0,0.1844534261934081,636470000.0,238452000.0,459343000.0,330250000.0,398018000.0,0.0,236677000.0,565706250.0,395796250.0,4.689321533923303,1.39089477668433,0.0,0.0,0.03543089472873654,4.689321533923303,0.017190042440407293,1.1989848904563383,34.50269882898268,2.372411428715213,0.9558428885093926,0.0,0.006925855954393292,0.7413090954797555,1.176778198334595,0.006440209279306173,-10.087846392524698,0.1844534261934081,-0.36,-0.6335925621911205,0.5095866349262825,0.20592515244927742,0.03802435562552928,-0.39192998071502744,0.2363157894736842,-0.6568295947680611,0.11683567495189044,0.09256219876752465,Staffing & Employment Services,Industrials,NSP
2011Q2,2011,Q2,2011-08-01,2011-06-30,6741000.0,472903000.0,11400000.0,0.125,83841000.0,0.17729005736905878,683542000.0,251093000.0,514561000.0,362318000.0,432449000.0,0.0,236496000.0,761746860.0,496555860.0,4.880140713674882,1.4201916548446392,0.0,0.0,0.026149311573437292,4.880140713674882,0.026846626548728957,1.6107888086986126,28.25051401869159,3.0337239986777806,0.590713543984572,0.0,0.00522745837114445,0.6918419058375345,1.211239850076452,0.009861866571476223,-77.2876278409091,0.17729005736905878,-0.24242424242424246,-0.31044571449063185,0.5033151742259477,0.27791700587818197,-0.07825503798414671,-0.23275665832005463,-0.2464802696807456,-0.39461313148518884,0.10975185819177725,0.19436254743293815,Staffing & Employment Services,Industrials,NSP
2011Q1,2011,Q1,2011-05-02,2011-03-31,8786000.0,536381000.0,15129000.0,0.165,90959000.0,0.16957908650753847,728646000.0,248267000.0,553269000.0,412431000.0,480379000.0,0.0,233737000.0,774325440.0,496520440.0,4.870272284996862,1.3414825752671355,0.0,0.0,0.034737235027843524,4.870272284996862,0.03538931875762787,1.4436108661567058,22.03293421352151,3.118922128192631,0.4519690416571819,0.0,0.005128334670238911,0.7361338702195579,1.1544573516539736,0.012057981516401655,13.886256590509666,0.16957908650753847,0.07986134291950198,-0.11612503839668774,0.577196316067398,0.286280373516195,0.1256187506187506,0.12800102708948516,0.19577932342712615,-0.33709377565309767,0.16742893127143976,0.24888902323509146,Staffing & Employment Services,Industrials,NSP
2010Q4,2010,Q4,2011-02-14,2010-12-31,7789000.0,435526000.0,12652000.0,0.1527973948524796,80808000.0,0.18554116172168825,659845000.0,240395000.0,498088000.0,353609000.0,419450000.0,0.0,228922000.0,746798400.0,511969400.0,4.715846672944131,1.4085840575324724,0.0,0.0,0.03185448995798968,4.715846672944131,0.032400840283699744,1.7147045182147564,23.969649505713186,3.1065471411635017,0.4338169212992682,0.0,0.0045246481513618675,0.6600428888602626,1.1937224448472747,0.011804287370518834,25.953930631820395,0.18554116172168825,0.09140996323199697,-0.2440345393485698,0.5115177249280751,0.3973750952414575,0.09665336698965882,0.07672103953552668,0.0475244245736049,-0.4187242929452321,0.07519020166385372,0.20106627230891155,Staffing & Employment Services,Industrials,NSP
2010Q3,2010,Q3,2010-11-01,2010-09-30,7234000.0,414146000.0,12078000.0,0.14,73686000.0,0.1779227615382015,626207000.0,231758000.0,467143000.0,329919000.0,394449000.0,0.0,224512000.0,681652160.0,473722160.0,4.57802623261694,1.415932395527387,0.0,0.0,0.030491570864552883,4.57802623261694,0.031213593489760872,1.6459223558841567,23.557235277854577,2.941223862822427,0.46627038982582253,0.0,0.004948271564194853,0.6613563885424468,1.2212967425337735,0.011552090602628205,12.185415802645691,0.1779227615382015,0.4000000000000001,0.02069035863029427,0.47171012892141606,0.47360611421078835,0.03263870398138935,0.4134427510746385,0.40949935815147626,-0.3787102212828853,0.12761009283612582,0.19322900670659982,Staffing & Employment Services,Industrials,NSP
2010Q2,2010,Q2,2010-08-02,2010-06-30,5118000.0,412418000.0,8569000.0,0.1,71357000.0,0.17302106115639956,607750000.0,230085000.0,458475000.0,314213000.0,377665000.0,0.0,220651000.0,613204960.0,443822960.0,4.532622828099759,1.4591216786065504,0.0,0.0,0.02160113735412261,4.532622828099759,0.02224395332159854,1.4868530471511914,29.953348964439236,2.6651235847621533,0.6651035560765924,0.0,0.005551161882317455,0.6785981077745784,1.243443142072416,0.008421225832990539,-30.275746025476447,0.17302106115639956,1.2222222222222223,-0.2798325015560227,0.5102982280531614,0.711798269720242,-0.018270619797757445,1.226185297955633,1.2783834086679076,-0.6046139185864948,0.1539042275185141,0.1875407450047925,Staffing & Employment Services,Industrials,NSP
2010Q1,2010,Q1,2010-05-03,2010-03-31,2299000.0,457662000.0,3761000.0,0.045,72685000.0,0.15881807971821998,630452000.0,225030000.0,472065000.0,341950000.0,405422000.0,0.0,218937000.0,535164520.0,322695520.0,4.486601802376585,1.3805088463225619,0.0,0.0,0.009693223771531662,4.486601802376585,0.010216415589032574,1.1693444507081645,58.19535885167464,2.378191885526374,1.466289691170074,0.0,0.006298997549389111,0.7259267953785538,1.211811668372569,0.003646590065540279,70.2684506302521,0.15881807971821998,1.803495906016376,-0.4907001267157579,0.5565239567181666,0.8147236628191662,0.1849913593530927,1.818440726237095,1.9327876984126984,-0.7042774934602468,0.21172758347357032,0.0813822313372037,Staffing & Employment Services,Industrials,NSP
2009Q4,2009,Q4,2010-02-11,2009-12-31,-2809000.0,395897000.0,-4032000.0,-0.05600526357763777,61338000.0,0.1549342379457283,576470000.0,223160000.0,418221000.0,290594000.0,353310000.0,0.0,220009000.0,591590020.0,364505020.0,4.44931812744238,1.439193513974824,0.0,0.0,-0.013247799844561979,4.44931812744238,-0.012587381251120272,1.4943028616028917,-52.6513011747953,2.6509680050188202,-1.1854752580989676,0.0,0.005628898202170483,0.6867608028171457,1.2333565042636807,-0.004872760074244973,14.269622750735683,0.1549342379457283,-1.487002291979459,-1.8048093667116163,0.6185031382586325,0.7933851093390557,-0.1373117115089802,-1.481652949245542,-1.421625013071212,-1.2270756036120505,0.2120675261099524,0.054623212812122464,Staffing & Employment Services,Industrials,NSP
2009Q3,2009,Q3,2009-11-02,2009-09-30,5832000.0,390908000.0,9563000.0,0.115,71101000.0,0.1818867866608,578097000.0,226796000.0,419904000.0,290340000.0,351301000.0,0.0,226148000.0,652809500.0,458143500.0,4.563299798792756,1.4462492250464971,0.0,0.0,0.024490593698203018,4.563299798792756,0.02571473923702358,1.669982451113817,27.98394633058985,2.8783995308559236,0.5696159122085048,0.0,0.005088773983834488,0.6761979391001857,1.2485844182682373,0.01008827238335435,45.086642723945026,0.1818867866608,0.0454545454545455,0.6763437769473984,0.7206968775107988,0.9247661717227795,-0.012033293037086442,0.083008356545961,0.11133062173155142,-0.4666178882724233,0.27964617360882826,0.17351688633874687,Staffing & Employment Services,Industrials,NSP
2009Q2,2009,Q2,2009-08-03,2009-06-30,5385000.0,404312000.0,8605000.0,0.11,71967000.0,0.1779986742911415,571719000.0,220036000.0,414668000.0,289025000.0,351683000.0,0.0,223638000.0,575606720.0,394221720.0,4.447687580853816,1.4347132600986074,0.0,0.0,0.023473887322148383,4.447687580853816,0.02447326801068916,1.4236696412671401,26.722688950789227,2.615966114635787,0.615041782729805,0.0,0.005753928654620294,0.7071865724245652,1.2170158290805293,0.009418962812150725,-49.167738959596825,0.1779986742911415,-0.33333333333333337,0.9790809161393192,0.7934973937590324,0.7847843135377937,-0.13874893790165269,-0.3405584129316679,-0.332790571450725,-0.42710816123956313,0.33671061407043257,0.16467453089610637,Staffing & Employment Services,Industrials,NSP
2009Q1,2009,Q1,2009-05-04,2009-03-31,8166000.0,461979000.0,12897000.0,0.165,83561000.0,0.1808761870128296,602962000.0,214497000.0,433002000.0,328082000.0,388465000.0,0.0,221565000.0,518973930.0,322763930.0,4.366617808721143,1.319798099255674,0.0,0.0,0.036371506455828394,4.366617808721143,0.03807046252395138,1.1233712571350645,15.888254041146215,2.4194927201779044,0.40509429341170705,0.0,0.006374115940660063,0.766182611839552,1.1232344352936157,0.013543142022216988,-10.093234470418919,0.1808761870128296,-0.16510815822002467,-0.050061952607422654,0.9697203271769055,0.7815215802511862,-0.045802311241035946,-0.1588380716934487,-0.1106130611681953,-0.14749149305230266,0.40969226307636597,0.1532609384709012,Staffing & Employment Services,Industrials,NSP
2008Q4,2008,Q4,2009-02-09,2008-12-31,9708000.0,425985000.0,14501000.0,0.19763038964211554,87572000.0,0.20557531368475415,616840000.0,208479000.0,449620000.0,351207000.0,408361000.0,0.0,216707000.0,532482480.0,280829480.0,4.244106510321241,1.2802136631673058,0.000870566111147137,0.0025757990013382643,0.04356509830502029,4.244106510321241,0.04656584116385823,1.2500028874256135,13.712466007416564,2.55413005626466,0.3381747012772971,0.0,0.0061654610683153374,0.6905923740354063,1.0748874595324125,0.015738278970235393,6.309931269848794,0.20557531368475415,-0.1407374363386281,0.29823616916133416,0.9979462403399797,0.8269021466449357,0.024245897612837578,-0.18618492748763518,-0.1431188323583289,-0.02222319504357026,0.5342042371955315,0.2575915101524113,Staffing & Employment Services,Industrials,NSP
2008Q3,2008,Q3,2008-11-03,2008-09-30,11929000.0,421914000.0,16923000.0,0.23,85499000.0,0.20264556283982044,594685000.0,217967000.0,433890000.0,324982000.0,376718000.0,0.0,210265000.0,691170240.0,502399240.0,4.292040800252048,1.335120098959327,0.0010762000050446876,0.002936224290833016,0.04948591437744782,4.292040800252048,0.05472846807085476,1.6381780173210654,14.485083410176879,3.1709856996701333,0.28367843071506416,0.0,0.004896044135233601,0.709474763950663,1.1247084453908216,0.020059359156528248,30.915160352462316,0.20264556283982044,0.06976744186046518,0.6778344135385721,1.0364920435645228,1.0161238793946161,0.017106624950928493,0.0857376899972695,0.08675828409966607,0.6778344182102539,0.49459077244586275,0.38155118479479433,Staffing & Employment Services,Industrials,NSP
2008Q2,2008,Q2,2008-08-01,2008-06-30,10987000.0,420469000.0,15572000.0,0.215,84061000.0,0.19992199187098217,559877000.0,207437000.0,386659000.0,301637000.0,352440000.0,0.0,201720000.0,707959760.0,550179760.0,4.085979357075323,1.281868603652735,0.0011645414975074882,0.00314312297227592,0.04709506247836182,4.085979357075323,0.05296547867545327,1.6837383017535181,16.10903249294621,3.412890467949305,0.2599435696732502,0.0,0.004034127589398584,0.7510024523243498,1.0679260170337193,0.019623953118274192,-46.606962475312706,0.19992199187098217,-0.15686274509803924,6.213861750183844,1.15718790050889,1.2005132873284692,-0.0293971618922258,-0.16486774095469747,-0.1342155009451796,0.5458275051631973,0.5395994704598295,0.5431181147906058,Staffing & Employment Services,Industrials,NSP
2008Q1,2008,Q1,2008-05-01,2008-03-31,13156000.0,456066000.0,17986000.0,0.255,86607000.0,0.18990014603149544,572976000.0,197324000.0,409754000.0,326461000.0,375652000.0,0.0,193589000.0,597333000.0,439035000.0,3.8996837944664033,1.2551392049892636,0.001116975231074251,0.003243396647138716,0.05831081138592125,3.8996837944664033,0.06667207232774523,1.3097512202181263,11.350961538461538,3.0271685147270477,0.21951961082395866,0.0,0.004834824126575964,0.7959600402111083,1.05602813199739,0.02296082209377007,-1247.0417536534446,0.18990014603149544,-0.029922562213367372,4.25,1.178653762599778,1.045410059037725,0.026806250444597255,-0.010901435982256973,-0.004703668861712135,1.888888888888889,0.5374854999134858,0.5773292953214522,Staffing & Employment Services,Industrials,NSP
2007Q4,2007,Q4,2008-02-07,2007-12-31,13301000.0,402081000.0,18071000.0,0.26286561264822134,84346000.0,0.20977365257249161,560651000.0,198675000.0,413411000.0,316231000.0,361976000.0,0.0,183321000.0,715484000.0,580857000.0,3.9263833992094863,1.3073070002624663,0.001121910065263417,0.0031659745816031205,0.05887552281581112,3.9263833992094863,0.06694853403800176,1.7794523988947502,13.447936245395084,3.6012784698628413,0.21832944891361553,0.0,0.004058790972264928,0.7171680778238155,1.1049675711742366,0.02372420632443356,27.387995712754556,0.20977365257249161,0.1682916117698726,13.215735822902941,1.1617964809193144,0.8396116429828113,0.12398390234801844,0.094372223136416,0.14358941906087838,2.7774432924934596,0.6293607986750471,0.5826059904028625,Staffing & Employment Services,Industrials,NSP
2007Q3,2007,Q3,2007-11-01,2007-09-30,12154000.0,383380000.0,15802000.0,0.225,75042000.0,0.19573791016745787,546419000.0,202743000.0,407606000.0,297414000.0,343676000.0,0.0,172924000.0,796351213.46,682660213.46,3.836670250962664,1.3705003799417648,0.0011291701057247277,0.003043261666247417,0.05025136966024369,3.836670250962664,0.05994781570757067,2.0771850734519277,16.38043470174428,3.9278851228402463,0.24123745269047228,0.0,0.0036817925940754175,0.701622747378843,1.1662766379524838,0.02224300399510266,55.0346381105736,0.19573791016745787,-0.09999999999999998,2.285714284545363,-0.6779068059437728,0.8021559085439963,-0.043648922476964835,-0.1092707951630634,-0.13716282625313966,2.285714301934695,0.5871729750710796,0.6182791919701922,Staffing & Employment Services,Industrials,NSP
2007Q2,2007,Q2,2007-08-01,2007-06-30,13645000.0,376758000.0,18314000.0,0.25,78467000.0,0.20826896840942993,514859000.0,204237000.0,382312000.0,263295000.0,310622000.0,0.0,163703000.0,1004914119.12,887444119.12,3.8168145785022873,1.452029092842629,0.0011770212815547557,0.0029671411154687938,0.05711025953993034,3.8168145785022873,0.06680963782272556,2.667266837386333,18.411764732869184,4.920333333920886,0.21912788567240749,0.0,0.0029753786349607,0.7317692805214632,1.243232875671775,0.026502401628407002,111.12618811456375,0.20826896840942993,0.6666666666666667,5.636363651548172,-0.6511032886364476,0.9804895437585668,0.15279063275889931,0.6257595615393781,0.8264685349556198,3.6363636378147626,0.5451573390389794,0.5316252914701176,Staffing & Employment Services,Industrials,NSP
2007Q1,2007,Q1,2007-05-01,2007-03-31,8393000.0,407758000.0,10027000.0,0.15,68067000.0,0.16692989469244013,560940000.0,224659000.0,408872000.0,289318000.0,336281000.0,0.0,153048000.0,1816949125.785,1677556125.785,4.148950918888867,1.4132269682494694,0.0010607195065425892,0.0026484583301804067,0.028608182066887033,4.148950918888867,0.03735884162219186,4.45594967060119,54.12096764521029,8.087586634788725,0.36637674252353153,0.0,0.0016923974129828584,0.7269191000820052,1.2357993626390338,0.014962384568759582,145.6005389682667,0.16692989469244013,-0.3918189404717335,2.5500000027701657,-0.626279580234524,1.0305989996432365,-0.08825814402057437,-0.37154623736428305,-0.40651080201242973,-0.11428571989355822,0.577158494425677,0.692716404591463,Staffing & Employment Services,Industrials,NSP
