Quarters,Year,Quarter,FillingDate,Date,NetIncome,Revenue,OperatingIncome,EPSDiluted,GrossProfit,GrossProfitRatio,TotalAssets,CommonStockEquity,CurrentAssets,CurrentLiability,TotalLiability,Inventory,RetainedEarnings,MarketCap,EnterpriseValue,bookValuePerShare,currentRatio,debtToAssets,debtToEquity,roic,shareholdersEquityPerShare,roe,priceToSalesRatio,peRatio,pbRatio,payoutRatio,inventoryTurnover,dividendYield,assetTurnover,quickRatio,returnOnAssets,priceToFreeCashFlowsRatio,grossProfitMargin,epsdilutedGrowth,fiveYNetIncomeGrowthPerShare,fiveYRevenueGrowthPerShare,fiveYShareholdersEquityGrowthPerShare,grossProfitGrowth,netIncomeGrowth,operatingIncomeGrowth,threeYNetIncomeGrowthPerShare,threeYRevenueGrowthPerShare,threeYShareholdersEquityGrowthPerShare,Industry,Sector,Symbol
2023Q1,2023,Q1,2023-05-12,2023-03-31,192184.0,9224638.0,365577.0,0.01,7974374.0,0.8644647085,89468635.0,36360511.0,43810799.0,25707414.0,53420148.0,10180002.0,-11016657.0,28000677.9,32394316.9,2.5321885671203694,1.7042087158202688,0.23225798627641966,0.5714937559595903,0.00568209100455786,2.5321885671203694,0.0052855142767383,3.0354229510144464,36.424309385796946,0.7700848291158505,0.0,0.12281569296351807,0.0,0.10310471373571307,1.2025829980409544,0.0021480600436119316,-17.581054800076853,0.86446470853382,1.0588235294117647,1.0882565873176777,0.17366794709850567,-0.34963439787000666,0.2318734705611651,1.078132660951639,1.160495371858158,1.1932315990482165,0.17526172862958003,-0.22645918023835981,Drug Manufacturers—Specialty & Generic,Healthcare,CPIX
2022Q4,2022,Q4,2023-03-13,2022-12-31,-2459714.0,9123680.0,-2277804.0,-0.17,6473371.0,0.709513157,92925158.0,36266132.0,45870210.0,28579832.0,56951152.0,9399581.0,-11208841.0,32403222.0,33604463.0,2.5182309648096104,1.6049852917259975,0.22554937167822733,0.5779279411435441,-0.03748164919090849,2.5182309648096104,-0.06782399622876793,3.5515517861213897,-3.293393256289146,0.8934843671776191,0.0,0.2819603341893644,0.0,0.0981830991344669,1.151918982588841,-0.0264698393087478,16.22384578064237,0.7095131569717482,-4.821917808219179,-2.355465430859859,-0.14468799522441753,-0.3823242865723955,-0.2955019731452864,-4.811821579959643,-7.531548470706329,-1.707181909922779,-0.2947242308642666,-0.2499170132345291,Drug Manufacturers—Specialty & Generic,Healthcare,CPIX
2022Q3,2022,Q3,2022-11-14,2022-09-30,-423226.0,11413072.0,-266986.0,-0.0292,9188629.0,0.8050969099,91424673.0,38764263.0,49014672.0,25954343.0,52933551.0,10647529.0,-8768112.0,34890721.980000004,33278788.980000004,2.6775563395779294,1.8884959638546812,0.19611341677973515,0.4625292373029251,-0.004767996252848372,2.6775563395779294,-0.010917942642170187,3.0570841908296034,-20.609982597950033,0.9000744314421766,0.0,0.2089163598427391,0.0,0.1248357978813881,1.3342006384056804,-0.004629231761102389,14.436875037756883,0.8050969099292461,0.6856835306781485,0.37573114765155796,0.11714269899040729,-0.34733858460266265,0.11144685281764181,0.6898684366724166,0.8554126695470118,0.7700429238960542,0.16806949905014065,-0.2045922081036932,Drug Manufacturers—Specialty & Generic,Healthcare,CPIX
2022Q2,2022,Q2,2022-08-12,2022-06-30,-1364666.0,10299152.0,-1846538.0,-0.0929,8267268.0,0.8027134661,92517637.0,39462846.0,43748498.0,24251969.0,53313345.0,9420459.0,-8359473.0,30478647.875000004,31774406.875000004,2.6866482327507124,1.803915302712122,0.21090383015294695,0.4944479675895651,-0.031198521814595166,2.6866482327507124,-0.034581033511875955,2.95933566909198,-5.583536168373801,0.7723378054132234,0.0,0.21568842876976588,0.0,0.1113209581865996,1.2985574078541828,-0.014750333495871711,14.123922470220512,0.8027134661183756,0.02722513089005241,0.7117384816446561,0.2953517898801511,-0.354633613691476,-0.07763913619750178,0.02692962872379643,-0.44717772842052794,-1.624634141452291,-0.06009050220705159,-0.2285286992797107,Drug Manufacturers—Specialty & Generic,Healthcare,CPIX
2022Q1,2022,Q1,2022-05-13,2022-03-31,-1402433.0,11175045.0,-1275958.0,-0.0955,8963160.0,0.8020692534,96697106.0,41022911.0,45341927.0,24557398.0,55903703.0,9878680.0,-7023853.0,41430376.86,44952791.86,2.792265429081593,1.8463652786015847,0.21499299058650215,0.5067704727243759,-0.020483065916243062,2.792265429081593,-0.03418657929955288,3.7074013446925718,-7.385446730788565,1.0099326412989074,0.0,0.22390491442176486,0.0,0.11556752277570748,1.299087957119887,-0.014503360627979911,-215.33907596831534,0.8020692534124023,0.6816666666666666,-0.2015873545977139,0.26623154349084366,-0.3809429860132299,0.7945636683325932,0.6803626877346398,0.6648783292321601,-18.992651485282465,-0.011206777487273185,-0.22057741113818932,Drug Manufacturers—Specialty & Generic,Healthcare,CPIX
2021Q4,2021,Q4,2022-03-11,2021-12-31,-4387576.0,8319861.0,-3807447.0,-0.3,4994618.0,0.6003246929,84459798.0,42814306.0,45688013.0,19278960.0,41857820.0,8429882.0,-5638600.0,69119371.74,58138248.739999995,2.8927173958135284,2.3698380514301602,0.19014600295397344,0.37510109354569476,-0.06370939395822513,2.8927173958135284,-0.10247920403054063,8.307755591109034,-3.938357520188824,1.6143989754265782,0.0,0.39445902089732693,0.0,0.09850675939338618,1.7593356695589388,-0.05194869161302043,36.75944455080954,0.6003246929245573,-3.285714285714285,-5.382875157112012,-0.0008352921907463846,-0.3625183459642881,-0.25945461147454235,-3.157744215268394,-1.4353710994342441,-1.0725512606848804,-0.35359865746106767,-0.19599452903021308,Drug Manufacturers—Specialty & Generic,Healthcare,CPIX
2021Q3,2021,Q3,2021-11-12,2021-09-30,-1055278.0,8072540.0,-1563395.0,-0.07,6744513.0,0.8354883345266794,87570774.0,46822032.0,47215628.0,17945483.0,40924509.0,10262769.0,-1790903.0,39880777.160000004,30361338.160000004,3.1464543746619404,2.6310591918868944,0.18640684847663902,0.34863484779985626,-0.024364861222714276,3.1464543746619404,-0.02253806498615865,4.940300965990878,-9.44793153083832,0.8517523793072459,0.0,0.1294024059198838,0.0,0.09218303814466684,1.9890108836858835,-0.012050572945718168,-189.68174781570602,0.8354883345266794,-1.8750000000000002,-11.83265629956064,0.0006639679483104198,-0.31534137912099097,-0.0779677296846381,-1.8589551995832518,-0.08892068071342155,0.32785315092682005,-0.005237070594928861,-0.15810129734534173,Drug Manufacturers—Specialty & Generic,Healthcare,CPIX
2021Q2,2021,Q2,2021-08-13,2021-06-30,1228560.0,9055483.0,-1435729.0,0.08,7314834.0,0.807779551902422,88851474.0,47952759.0,46680506.0,18646791.0,41043067.0,10104219.0,-735625.0,42606816.730000004,32516558.730000004,3.2019664885910384,2.50340694010031,0.1753511033480435,0.3249073530889015,-0.021825108520265698,3.2019664885910384,0.025620215095444248,4.7050849446683305,8.670072428290032,0.8885164820234849,0.0,0.17226952424526823,0.0,0.10191708243354522,1.8672357619067002,0.013827120076814933,16.073749628401167,0.807779551902422,7.000000000000001,28.741780075986608,0.3249126293716378,-0.30143958071796323,-0.09913951400460354,6.364231423981586,-3.427163120567376,2.7842616378245446,-0.06745840069414218,-0.16218624443216006,Drug Manufacturers—Specialty & Generic,Healthcare,CPIX
2021Q1,2021,Q1,2021-05-14,2021-03-31,166828.0,10537159.0,-324300.0,0.01,8119830.0,0.770590061324879,93348025.0,47017210.0,49383017.0,22847570.0,46470098.0,10010763.0,-1964185.0,45373228.89,37281577.89,3.139784180785905,2.1614122202054746,0.18030669636556318,0.3579811307391485,-0.005044863599492188,3.139784180785905,0.0035482326577863724,4.306021090694371,67.9940251186851,0.9650344818418616,0.0,0.24147300260729376,0.0,0.11288036356419967,1.640096605459574,0.0017871615387684955,27.215097870211757,0.770590061324879,1.1666666666666665,1.7192705511579425,0.48612531135940823,-0.3195336081320631,0.015547964634177456,1.1887675030409324,0.8142553173209923,1.0734641946857542,0.2855717552921159,-0.19357995063643904,Drug Manufacturers—Specialty & Generic,Healthcare,CPIX
2020Q4,2020,Q4,2021-03-12,2020-12-31,-883775.0,10261534.0,-1745945.0,-0.06,7995516.0,0.7791735621594198,96463305.0,46990510.0,49969592.0,25667446.0,49589911.0,10638157.0,-2131013.0,44344228.900000006,38854044.900000006,3.126043860467264,1.9468081086057414,0.1996988595818897,0.4099468594829041,-0.02570211197686001,3.126043860467264,-0.018807520922841655,4.321403495812615,-12.543981471528388,0.9436847759260327,0.0,0.2130085126587246,0.0,0.1063775909398916,1.4466382436335894,-0.009161774003078165,69.00214564693069,0.7791735621594198,-1.0,-7.396306172846096,0.39580930157287875,-0.33183110973980956,0.12488530286936275,-0.8345591059021832,-0.4444984057066931,-0.15504912333276258,-0.07836831256573294,-0.23323896866382804,Drug Manufacturers—Specialty & Generic,Healthcare,CPIX
2020Q3,2020,Q3,2020-11-13,2020-09-30,-481737.0,9250689.0,-1208686.0,-0.03,7107850.0,0.7683589838551486,96009629.0,47928803.0,48894079.0,23938041.0,48166252.0,10080394.0,-1247237.0,48582011.43,41251242.43,3.166840011383201,2.0425263286999966,0.20118566440872301,0.40300945967709645,-0.017427013732503865,3.166840011383201,-0.010051095997536178,5.251718161749897,-25.211895406622283,1.013628724047208,0.0,0.212574925146775,0.0,0.09635167947581591,1.5167463787032531,-0.005017590475222022,-178.23486343108084,0.7683589838551486,0.5,-5.174378335929664,0.28715201969193305,-0.3222763320652082,0.017122447212763812,0.4753891808009583,0.23547435042714498,0.32027728305849057,-0.13383101401337688,-0.22807439992389217,Drug Manufacturers—Specialty & Generic,Healthcare,CPIX
2020Q2,2020,Q2,2020-08-14,2020-06-30,-918275.0,9598177.0,-1580962.0,-0.06,6988195.0,0.728075237620644,97523455.0,48480629.0,45754978.0,22664403.0,49112285.0,7627270.0,-765500.0,50754071.79,42928193.79,3.180838283044088,2.0188035837520184,0.20044264223411692,0.40320968195359014,-0.022500627792416922,3.180838283044088,-0.018941070257153636,5.287886625762371,-13.817775663608396,1.0468938385679774,0.0,0.34219084941269945,0.0,0.09841916490755993,1.5574235509313878,-0.009415939991051383,19.418632429613584,0.728075237620644,0.14285714285714296,-3.496128397741037,0.18889015139001955,-0.3205084909752215,0.04355106276318577,0.13010837233095243,0.14357467845358696,0.8130678510787261,0.16339168533905976,-0.2359230050529476,Drug Manufacturers—Specialty & Generic,Healthcare,CPIX
2020Q1,2020,Q1,2020-05-22,2020-03-31,-1055620.0,8330734.0,-1846001.0,-0.07,6696553.0,0.8038370928660068,97419137.0,49890203.0,44737017.0,19372591.0,47576079.0,8150152.0,152775.0,55323428.82,49571775.82,3.273503482208788,2.3092944562758797,0.2183870813801194,0.42643805237673615,-0.025428359375863796,3.273503482208788,-0.021158863594922635,6.640882882588737,-13.1021174333567,1.108903662308209,0.0,0.20050926657564178,0.0,0.08551434817165338,1.7022319833211779,-0.010835858667070722,174.3140004033046,0.8038370928660068,-0.16666666666666682,-26.46123912925924,0.07053138721299276,-0.2983482782500854,-0.38338352136465037,-0.09879609370608698,-0.8507964135073977,0.1281371992018741,-0.09005650044375095,-0.2742504813956746,Drug Manufacturers—Specialty & Generic,Healthcare,CPIX
2019Q4,2019,Q4,2020-03-20,2019-12-31,-960706.0,13678372.0,-997409.0,-0.06,10860159.0,0.7939657584981604,104549283.0,51122873.0,50163075.0,24150235.0,53464030.0,9411521.0,1208395.0,78421697.10000001,71705965.10000001,3.3572698077965977,2.077125750536175,0.20561502081272046,0.42049481452265014,-0.013098565566918362,3.3572698077965977,-0.01879209722818199,5.733262489132479,-20.40730907790729,1.533984545430379,0.0,0.2994428849492021,0.0,0.1308318106782234,1.5732392666158321,-0.009189025237026254,156.1364085421213,0.7939657584981604,0.5384615384615385,-2.6299464830435113,0.6639206694894944,-0.2815975555580558,0.2852193769901526,0.5082552409109429,0.46000914955186145,-0.35842634286604386,0.596648508761525,-0.26014275946356774,Drug Manufacturers—Specialty & Generic,Healthcare,CPIX
2019Q3,2019,Q3,2019-11-13,2019-09-30,-1953668.0,10371918.0,-1847085.0,-0.13,8450043.0,0.8147039920678123,103765900.0,51732908.0,49397584.0,21052950.0,52058972.0,9864240.0,2169101.0,91132400.11,84153976.11,3.366268682375428,2.3463497514600093,0.19274154611486047,0.3866011166432013,-0.02580802449422471,3.366268682375428,-0.037764511517504484,8.786455900441943,-11.66170507348229,1.7615943822450497,0.0,0.1948325466533661,0.0,0.09995497557482756,1.7831674420924384,-0.018827649545756362,164.4707137043287,0.8147039920678123,-2.25,-3.990139274590562,0.21708715595926373,-0.2717780910634699,-0.11688062084335067,-2.5553104874005244,-2.0697007719601475,-20.41912005867721,0.2449383194917957,-0.26751047396611793,Drug Manufacturers—Specialty & Generic,Healthcare,CPIX
2019Q2,2019,Q2,2019-08-14,2019-06-30,-549507.0,11580600.0,-601715.0,-0.04,9568404.0,0.8262442360499456,107546224.0,54061023.0,51932357.0,22317129.0,53857507.0,10648859.0,4122769.0,99351219.2,98400039.2,3.482499258549612,2.3270178256351883,0.18596654774229915,0.36995230371426746,-0.00818904896800143,3.482499258549612,-0.0101645690278558,8.579108094571957,-45.200160871472065,1.8377606209930584,0.0,0.1889588358715239,0.0,0.10768021013922348,1.7411802387305284,-0.0051094959875113794,56.52120341182488,0.8262442360499456,0.0,-1.8692341826402545,0.3575706997465862,-0.23651287566745716,-0.033788410413762036,-6.438032973280273,-2.4034423855743343,-10.97056840621303,0.6345953976940845,-0.24023685105078146,Drug Manufacturers—Specialty & Generic,Healthcare,CPIX
2019Q1,2019,Q1,2019-05-15,2019-03-31,-73878.0,11902747.0,-176796.0,0.0,9903011.0,0.8319937406045848,114617629.0,55431533.0,57966169.0,27998645.0,59426902.0,11259233.0,4672276.0,89147412.948,84537997.948,3.582479477736375,2.0703205101532594,0.17449322739000298,0.36080546428329885,-0.0007774689327427353,3.582479477736375,-0.0013327793045160776,7.489650325928964,-301.6710419475351,1.6082436859179052,0.0,0.17760854580414137,0.0,0.10384743694183379,1.5804508753905768,-0.000644560532655932,-114.74494470201488,0.8319937406045848,1.0,-1.2986301591224576,0.7021380876413977,-0.18943847374925138,-0.06852648258194427,0.9667230756133628,0.9218646486547644,0.6917363294992329,0.6246618382442228,-0.2235909400798311,Drug Manufacturers—Specialty & Generic,Healthcare,CPIX
2018Q4,2018,Q4,2019-03-12,2018-12-31,-2220097.0,13497906.0,-2262689.0,-0.14,10631554.0,0.7876446909616943,112693868.0,55844767.0,59116037.0,27804224.0,57123367.0,12078343.0,4746154.0,93595030.92,85656070.92,3.59788272625104,2.1261530981767374,0.1774719455010631,0.35813561546420275,-0.02988872501863064,3.59788272625104,-0.03975479027426151,6.934040800106327,-10.539520448881287,1.6759857001462646,0.0,0.23731334670658052,0.0,0.11977498190052364,1.585150802985906,-0.019700246689553686,90.73022409422485,0.7876446909616943,-0.2727272727272728,-0.7229222799671005,0.9261231310984769,-0.18176575031799808,0.5118675632641156,-0.35120970588736516,-0.2522609377585599,-16.561056988541598,0.7781148559652586,-0.2309790214760038,Drug Manufacturers—Specialty & Generic,Healthcare,CPIX
2018Q3,2018,Q3,2018-11-14,2018-09-30,-1643044.0,8492530.0,-1806883.0,-0.11,7032067.0,0.8280296919763604,87432076.0,58201864.0,63626211.0,15518289.0,29487463.0,6426429.0,6966252.0,88922446.67999999,62663213.67999999,3.73733130213956,4.100079009999105,0.13724940032305763,0.2061789636153234,-0.025802881533547133,3.73733130213956,-0.028230092424531283,10.470666183104445,-13.530137762591872,1.5278281582184376,0.0,0.22725887113978852,0.0,0.09713288747713139,3.534415037637203,-0.01879223364203316,-35.58658691520564,0.8280296919763604,-1.2,-1.3461652160169,0.5230396962533107,-0.15972905855875769,-0.18614150609838312,-1.2798270541482584,-1.079319614535696,-14.836497275322655,0.14838633368945886,-0.20018760996163085,Drug Manufacturers—Specialty & Generic,Healthcare,CPIX
2018Q2,2018,Q2,2018-08-14,2018-06-30,-720688.0,10163724.0,-868978.0,-0.05,8640405.0,0.8501219631701924,90444641.0,59906724.0,66647890.0,16814287.0,30774191.0,7345501.0,8609295.0,96087468.02,72180813.02,3.821811789686911,3.9637654573161503,0.13267784434016383,0.20031140410882758,-0.012152596266900878,3.821811789686911,-0.012030168767031894,9.453962742396389,-33.3318537355971,1.6039513030290222,0.0,0.20738122559645694,0.0,0.11237508256569895,3.361195095575566,-0.007968277523485333,137.8356945185593,0.8501219631701924,0.6666666666666666,-0.3242685439432528,0.6853679679889334,-0.15277040576105516,0.22391511526643554,0.6970930621093552,0.6456364880504294,-2.9048546053034214,0.22412627300226304,-0.18358356222441943,Drug Manufacturers—Specialty & Generic,Healthcare,CPIX
2018Q1,2018,Q1,2018-05-09,2018-03-31,-2379239.0,8587605.0,-2452222.0,-0.15,7059644.0,0.8220736747905848,91094840.0,61085817.0,66823172.0,16289856.0,30220535.0,6661525.0,9329983.0,104804123.2,81541147.2,3.8934847704541458,4.1021339906258225,0.13173084227383242,0.19644494564098242,-0.033611073910196215,3.8934847704541458,-0.03894912300182545,12.204115489708714,-11.012357648811237,1.7156866904145687,0.0,0.22937105242418215,0.0,0.09427103664708122,3.5098065323597702,-0.026118263120062563,-267.189781922569,0.8220736747905848,-1.9999999999999998,-4.328229650930553,0.0009151649237187545,-0.14250290240529503,-0.2565257634712267,-1.972024058610072,-1.714658938190642,-56.74559475075381,0.07198511452794029,-0.16545978715351783,Drug Manufacturers—Specialty & Generic,Healthcare,CPIX
2017Q4,2017,Q4,2018-03-09,2017-12-31,-800545.0,11649288.0,-903326.0,-0.05,9495479.0,0.8151123914182566,93232312.0,64120163.0,68684845.0,17694743.0,29310711.0,6737848.0,11709222.0,115754370.56,80141502.56,4.076946705311513,3.8816525902636734,0.10511377214371773,0.15283803941671203,-0.011911519068752862,4.076946705311513,-0.012485074312739972,9.936604757303623,-36.1486145563335,1.8052725561536707,0.0,0.31965829445840865,0.0,0.12494904127230053,3.3049621574046033,-0.008586561706203318,-123.92260515627041,0.8151123914182566,0.0,-1.5370313030770513,0.03016163943806187,-0.09375883758871971,0.051477264875188916,-0.07740457665965485,-0.07622216741784407,-2.3150371309016595,0.37204075635879513,-0.1275981238822227,Drug Manufacturers—Specialty & Generic,Healthcare,CPIX
2017Q3,2017,Q3,2017-11-08,2017-09-30,-743031.0,11196961.0,-839349.0,-0.05,9030608.0,0.8065231271235115,90351057.0,65095333.0,66082815.0,15798091.0,25433027.0,5857468.0,12509767.0,112022142.53999999,78003189.53999999,4.10251973904087,4.182962042692373,0.0885435131102008,0.12289667525012891,-0.011541187147385884,4.10251973904087,-0.011414504938472318,10.004691678393806,-37.69093837942158,1.720893609070254,0.0,0.36984461545500547,0.0,0.12392728288723838,3.6257132586462504,-0.008223821886223202,127.97455470801864,0.8065231271235115,0.84375,-1.4867625587139652,0.09426831720628183,-0.04466271719800824,0.290418494695994,0.8560187931235275,0.5006463910674882,-2.1014544168617695,0.2725700896102844,-0.1125055550509537,Drug Manufacturers—Specialty & Generic,Healthcare,CPIX
2017Q2,2017,Q2,2017-08-09,2017-06-30,-5160611.0,8667127.0,-1680871.0,-0.32,6998201.0,0.8074418431851754,87802792.0,66656650.0,63293153.0,12981290.0,21309236.0,5554324.0,13252798.0,112082306.0,84166201.0,4.162981354077423,4.875721365133973,0.07630736844905797,0.10051510239413472,-0.07227207907194134,4.162981354077423,-0.07742079747482059,12.931886887084959,-5.429701347379215,1.6814872334568267,0.0,0.3004732889186875,0.0,0.09871129154981768,4.242979395730316,-0.05877502164168082,-39.333887580671764,0.8074418431851754,-3.0,-4.653219100275103,-0.13462131599987165,-0.012211975284178805,-0.15227349647945587,-3.049297498677857,-1.555284112848547,-8.914416484348944,-0.014944353660642867,-0.08732711001400284,Drug Manufacturers—Specialty & Generic,Healthcare,CPIX
2017Q1,2017,Q1,2017-05-15,2017-03-31,-1274446.0,9636755.0,-657802.0,-0.08,8255258.0,0.8566429259641861,91861605.0,72358656.0,63542348.0,14070829.0,19649452.0,5646904.0,18413409.0,111332999.86,80458757.86,4.510514162660415,4.515892276140944,0.044632357555694786,0.056662191182766025,-0.017471531240546505,4.510514162660415,-0.01761290314734425,11.552955311201748,-21.83948944482544,1.5386272495166302,0.0,0.2446468011497982,0.0,0.10490514508210476,3.936340069231173,-0.013873543794493902,129.23682315590304,0.8566429259641861,-0.6,-4.755837245372214,0.17187967793250344,0.10122152598124654,0.10424525222821836,-0.6999549149386283,0.3129079531341559,-5.96876791477937,0.32919023656652285,0.02053599094774263,Drug Manufacturers—Specialty & Generic,Healthcare,CPIX
2016Q4,2016,Q4,2017-03-13,2016-12-31,-749694.0,9081440.0,-957371.0,-0.05,7475928.0,0.8232095350517099,93404566.0,73248199.0,65545264.0,14792263.0,20283747.0,5371729.0,18604931.0,88781264.0,58370934.0,4.5377265016186294,4.431050475508717,0.043895070397307986,0.055974072481973246,-0.010121103634049899,4.5377265016186294,-0.010234982023244011,9.776121848517416,-29.60583384687619,1.2120607088237079,0.0,0.29888179392519615,0.0,0.09722693856315333,3.884636718533195,-0.008026309977180344,260.06504169827843,0.8232095350517099,-6.0,-2.0363423847421847,-0.12177899671903213,0.11313025772720414,0.0965300415602969,-8.061526289019083,-8.356922202071743,0.44055857971323026,0.24608942660436167,0.03197450328874002,Drug Manufacturers—Specialty & Generic,Healthcare,CPIX
2016Q3,2016,Q3,2016-11-03,2016-09-30,106166.0,8791753.0,130132.0,0.01,6817805.0,0.7754773137962361,91074271.0,74529758.0,66962992.0,11685931.0,16651656.0,4983227.0,19354625.0,81249384.42,49403140.42,4.595654357820425,5.730223120434307,0.040626182997391215,0.049644599677889735,0.0010403483041608313,4.595654357820425,0.0014244779917304978,9.241545391459473,191.32628247273138,1.0901603144880734,0.0,0.3961184188478671,0.0,0.09653388276915223,4.862166993797927,0.0011657079308381177,-384.9514100936209,0.7754773137962361,0.0,-0.9279682275507556,-0.1558394974587104,0.11815219359059398,0.08918034997269782,3.2097660477895262,2.2357158457491764,1.1455753338555397,0.5140581437658143,0.033249263070046206,Drug Manufacturers—Specialty & Generic,Healthcare,CPIX
2016Q2,2016,Q2,2016-08-05,2016-06-30,-48044.0,7414835.0,-105309.0,0.0,6259574.0,0.8441959935723452,87888930.0,74470923.0,63992079.0,8895271.0,13514472.0,4921681.0,19248459.0,73111626.0,40774386.0,4.5836643477194725,7.193943725829151,0.03982299022186298,0.04699820895196908,-0.0008063250102025032,4.5836643477194725,-0.0006451377002538293,9.860182458544257,-380.44098118391474,0.9817472787332043,0.0,0.23472894728447455,0.0,0.08436597191477925,6.17781504352144,-0.00054664449777691,-45.910862943014905,0.8441959935723452,1.0,-1.0277994091108982,-0.35072778532553894,0.1512565495621442,-0.0389982917262408,0.8101860448577897,0.7896272945745261,0.9148273270617916,0.18624859137515923,0.01611913384254391,Drug Manufacturers—Specialty & Generic,Healthcare,CPIX
2016Q1,2016,Q1,2016-05-13,2016-03-31,-253111.0,7737532.0,-500583.0,-0.02,6513593.0,0.841817907829008,89205734.0,75402289.0,64922913.0,11138136.0,13887016.0,4073689.0,19296503.0,73373249.69,38632470.69,4.614164958488157,5.828884922935041,0.019057070927750004,0.02254573465269735,-0.003927932992803017,4.614164958488157,-0.0033568079080463988,9.482771727470723,-72.4714153968022,0.9730904812452046,0.0,0.3004497888768632,0.0,0.08673805654690314,5.039424639814059,-0.0028373848703492537,-737.6568312422086,0.841817907829008,-3.0,-1.439131564134693,-0.09243361834354397,0.20244036626733194,0.010119975137771978,-2.6755770923943625,-4.077121201876087,-1.3399356620971559,-0.13415897324805579,0.016218963986155622,Drug Manufacturers—Specialty & Generic,Healthcare,CPIX
2015Q4,2015,Q4,2016-03-14,2015-12-31,151059.0,8037488.0,162679.0,0.01,6448336.0,0.8022825041853873,91918959.0,76887908.0,67112074.0,12411747.0,15099176.0,4270143.0,19549614.0,86444023.5,49940964.5,4.678523508105798,5.407141637675985,0.018494552358888226,0.022110108653235826,0.0015339232596306652,4.678523508105798,0.0019646652370877357,10.755104517729917,143.06334528230693,1.1242863247105124,0.0,0.37215428148425006,0.0,0.08744102508819752,4.741016232444958,0.0016433932851654684,77.65474845128928,0.8022825041853873,0.0,-0.7768453573599508,-0.22397309281723687,0.22313726604116685,-0.06611795265719625,0.19307654032366345,-0.39945142570251474,-0.9030225384684186,-0.3197999117676894,0.039962228799931665,Drug Manufacturers—Specialty & Generic,Healthcare,CPIX
2015Q3,2015,Q3,2015-11-06,2015-09-30,126613.0,7885048.0,270884.0,0.01,6904872.0,0.8756918156997903,92059237.0,77589693.0,67722388.0,11874487.0,14515206.0,4206039.0,19398555.0,95809015.13999999,59192724.139999986,4.672759948067659,5.703184314404488,0.018466370734747672,0.021910126645300683,0.001319348185186978,4.672759948067659,0.001631827567612621,12.150720596754768,189.17689166989172,1.2348162679287829,0.0,0.2330401596371313,0.0,0.08565189389957685,4.931035252301847,0.0013753427046109452,119.95995259648791,0.8756918156997903,-0.5,-0.8462645934054966,-0.20817193747551643,0.2718770848663802,-0.10007741693319466,-0.6881437839595269,-0.5980538066953441,-0.9207394389562987,-0.26362910968456926,0.08812682837123616,Drug Manufacturers—Specialty & Generic,Healthcare,CPIX
2015Q2,2015,Q2,2015-08-07,2015-06-30,405998.0,8909741.0,673931.0,0.02,7672740.0,0.8611630798246548,92916727.0,78741243.0,68200959.0,11548006.0,14214835.0,4795543.0,19270542.0,120268183.75,83027502.75,4.681203872009084,5.905864527607624,0.018295952245498272,0.021589702362204265,0.004631229655381531,4.681203872009084,0.0051561035174412986,13.498505035107081,74.0571282062966,1.527384876944348,0.0,0.2579480571855992,0.0,0.0958895269739753,5.0992024077576685,0.004369482364569298,85.73841066802402,0.8611630798246548,6.4074074074074066,0.7176573073385419,0.008364914625847866,0.30479889992344245,0.019642301134109766,7.772455219204425,162.73445092322643,-0.726414675818485,-0.15318133937074635,0.11075134206279924,Drug Manufacturers—Specialty & Generic,Healthcare,CPIX
2015Q1,2015,Q1,2015-05-15,2015-03-31,46281.0,8686774.0,4116.0,0.0027,7524933.0,0.8662517293531523,92189835.0,79372185.0,67545073.0,11894602.0,12845301.0,4634065.0,18864544.0,113305594.32000001,74260845.32000001,4.6654249975254,5.678632458656456,0.0,0.0,3.0573555620610664e-05,4.6654249975254,0.0005830883955128613,13.043460589627404,612.0524314513516,1.4275226808988566,0.0,0.2507174586459189,0.0,0.09422702622257649,4.883285460076764,0.000502018470908425,-826.0954105484186,0.8662517293531523,-0.9325,-0.8298967401531051,0.019788274905928258,0.28034614634585264,-0.055665411683976276,-0.9308116302120006,-0.9956496832385974,-0.8713898108623827,-0.0039112277007974094,0.13904230201898965,Drug Manufacturers—Specialty & Generic,Healthcare,CPIX
2014Q4,2014,Q4,2015-03-09,2014-12-31,668913.0,9329412.0,946138.0,0.04,7968503.0,0.8541270339438327,95405114.0,80760673.0,70814971.0,13749482.0,14652323.0,5600319.0,18818263.0,103343381.96000001,63477344.96000001,4.673243853456719,5.150373737716083,0.0,0.0,0.007777184202945128,4.673243853456719,0.008282657575178948,11.077159199315027,38.6236259274375,1.2796250714750732,0.0,0.2430056216440528,0.0,0.09778733664109453,4.379232832189605,0.0070112908203222735,83.40769236853468,0.8541270339438327,0.0,0.8997069300657429,-0.28454693137072645,-0.08160454073606248,-0.05016149096160787,-0.1032376126126126,-0.04337548203405733,-0.13629385362781904,-0.15728539168768285,0.14637343902608416,Drug Manufacturers—Specialty & Generic,Healthcare,CPIX
2014Q3,2014,Q3,2014-11-07,2014-09-30,745920.0,9729047.0,989038.0,0.04,8389324.0,0.862296584650069,93904132.0,81102839.0,70149972.0,12155483.0,13018839.0,6130722.0,18149350.0,86671830.7,47027749.7,4.622586386190179,5.77105590950191,0.0,0.0,0.008309270605909401,4.622586386190179,0.009197211949633476,8.908563264212827,29.048634806681683,1.068665804658207,0.0,0.21852613770449875,0.0,0.10360616506204434,4.901039061960763,0.007943420423714688,75.26758698967275,0.862296584650069,0.0,-0.48033466914155837,-0.3579091560868068,0.029650800914779188,-0.007339417409190861,0.03231520821512102,-0.18638476681235497,-0.5321978313459227,-0.1365221855563829,0.12470492890417091,Drug Manufacturers—Specialty & Generic,Healthcare,CPIX
2014Q2,2014,Q2,2014-08-08,2014-06-30,722570.0,9750168.0,1215609.0,0.04,8451352.0,0.8667903978680163,93468664.0,80933074.0,70632037.0,11863154.0,12736400.0,6996843.0,17403430.0,79845277.5,40794436.5,4.561307123016762,5.953900370845729,0.0,0.0,0.008644169215645228,4.561307123016762,0.008927994011447038,8.1891181259646,27.625447188507685,0.9865593082501721,0.0,0.18562886147366747,0.0,0.10431483218803683,5.048484576698574,0.007730612261666648,168.43822581972142,0.8667903978680163,1.0,0.42059390730407425,-0.4224814709961179,1.3657402616785268,0.20055679877355395,1.5236448728695167,1.9790614408493057,-0.6171633202418229,-0.21823786108846563,0.14564119481178306,Drug Manufacturers—Specialty & Generic,Healthcare,CPIX
2014Q1,2014,Q1,2014-05-12,2014-03-31,286320.0,8093244.0,408051.0,0.02,7039527.0,0.8698028874453804,91106132.0,79148215.0,69266130.0,11349856.0,12145693.0,7422145.0,16680860.0,80585316.0,41537357.0,4.41975021230915,6.10282015912801,0.0,0.0,0.0030629029219290667,4.41975021230915,0.0036175168321862976,9.957109411257093,70.36298197820621,1.0181570866759282,0.0,0.1419693363576163,0.0,0.08883314242777862,5.109920337315293,0.0031427083305435467,142.87062002255144,0.8698028874453804,1.25,-0.8645253462103244,-0.5040155123931039,1.4705562618010979,0.17039561364772982,1.1908338182159917,1.1650640331996132,-0.5467024891568514,-0.133743333366219,0.1517763478140664,Drug Manufacturers—Specialty & Generic,Healthcare,CPIX
2013Q4,2013,Q4,2014-03-11,2013-12-31,-1500363.0,8159667.0,-2472077.0,-0.08,6014656.0,0.737120277089739,87613738.0,79468481.0,68679715.0,7545770.0,8321895.0,5722882.0,16394540.0,92352033.55000001,51482576.55000001,4.39713043990681,9.101750384652593,0.0,0.0,-0.019235746025322808,4.39713043990681,-0.018879975823370778,11.31811304922125,-15.388281627512809,1.1621215403626504,0.0,0.37481307495069793,0.0,0.0931322779539437,7.874563099590897,-0.017124745893161184,-18.25346067913633,0.737120277089739,-1.0,-1.763010016611662,-0.533246389392267,1.540570516168919,0.09404485422087182,-0.8298404033456025,-0.631983907766734,-3.015483897187603,-0.2836050042639275,0.14957081980582565,Drug Manufacturers—Specialty & Generic,Healthcare,CPIX
2013Q3,2013,Q3,2013-11-06,2013-09-30,-819942.0,6528575.0,-1514768.0,-0.04,5497632.0,0.8420875918558032,91911297.0,81097988.0,78270464.0,5411902.0,10978915.0,5435613.0,17894903.0,82597333.71000001,41446081.71000001,4.447769306087447,14.462653610505143,0.0528765359496559,0.05992689978942511,-0.009659810904708736,4.447769306087447,-0.010110509769983443,12.651663450293519,-25.183895235882538,1.0184880753145196,0.0,0.18966453277670797,0.0,0.07103125745249793,12.817870685758907,-0.008921014355830491,-50.13638247039521,0.8420875918558032,-0.3333333333333334,-1.378118876989673,-0.5768854837050968,1.1427064776062472,-0.07232611489043249,-0.2831281747931983,-0.32811009483193987,-1.9066537684318579,-0.40295415288789616,0.21063695162085697,Drug Manufacturers—Specialty & Generic,Healthcare,CPIX
2013Q2,2013,Q2,2013-08-09,2013-06-30,-639018.0,7081088.0,-1140544.0,-0.03,5926255.0,0.8369130562986931,95465610.0,83026421.0,82441231.0,6094620.0,12592242.0,6094294.0,18714845.0,95708714.4,51903903.400000006,4.510951713295608,13.526886171738353,0.06138284770819565,0.07057935208359759,-0.007485429943982644,4.510951713295608,-0.0076965620377638586,13.516102949151318,-37.44366919241712,1.1527500914437827,0.0,0.18949413992826733,0.0,0.07417422881391529,12.002281192264654,-0.006693698390446571,-126.73058815117305,0.8369130562986931,-1.5999999999999999,-1.33211276949561,-0.5339272681412106,1.3367599724574628,-0.35228625136441927,-1.7476439349533,-1.8601056822098094,-3.470712943519937,-0.2675985255373683,0.25734426315206976,Drug Manufacturers—Specialty & Generic,Healthcare,CPIX
2013Q1,2013,Q1,2013-05-08,2013-03-31,854709.0,10258132.0,1326051.0,0.05,9149497.0,0.8919262298437961,98277750.0,85172858.0,86020255.0,8235787.0,13248109.0,5992031.0,19353863.0,96230504.78999999,49380911.78999999,4.540522389376526,10.444691563781337,0.04436356143684608,0.05118944112454228,0.008896094123957556,4.540522389376526,0.010034992602925218,9.380899445435094,28.147154408693485,1.1298259451385322,0.0,0.18501823505252227,0.0,0.10437898710542315,9.244530607700272,0.008696871875882384,148.33744362420555,0.8919262298437961,-0.4444444444444444,-0.6703698894239154,-0.33526182433435764,1.5133582232875786,-0.20602122391571248,-0.5266081417889781,-0.5923597130396531,1.8491145094377492,0.09219830908706075,0.2460687604492238,Drug Manufacturers—Specialty & Generic,Healthcare,CPIX
2012Q4,2012,Q4,2013-03-12,2012-12-31,1805500.0,13696366.0,3252993.0,0.09,11523604.0,0.8413621540195406,98593731.0,85696321.0,87232242.0,8055360.0,13027244.0,6218355.0,18499154.0,80005569.0,30016139.0,4.498743683705318,10.829092926945536,0.04422138158053883,0.05087675817495129,0.01971927513488654,4.498743683705318,0.021068582395736685,5.841372010648664,11.078035031847135,0.9335939754053152,0.0,0.3494110580692161,0.0,0.1389172096550439,9.565397201366544,0.018312523338831755,58.583082969106165,0.8413621540195406,-0.10000000000000009,0.16678538540944876,-0.02968487844194758,1.6950504339623886,-0.007429290472742257,-0.03423065278626195,0.09191507816121508,3.6518427074058746,-0.04710995649498786,-0.11589767171015683,Drug Manufacturers—Specialty & Generic,Healthcare,CPIX
2012Q3,2012,Q3,2012-11-02,2012-09-30,1869494.0,12531719.0,2979163.0,0.1,11609857.0,0.9264377057927967,96933796.0,83450210.0,86791929.0,8658134.0,13601875.0,7511641.0,16693654.0,123592067.4,77734237.4,4.294315539542468,10.0243226773806,0.05100121117716261,0.059241804184794744,0.02031134465972889,4.294315539542468,0.02240250803443155,9.862339508251024,16.52747580361317,1.4810276379172682,0.0,0.12272444862580627,0.0,0.12928121581042798,8.64256686255953,0.01928629721671067,180.21275130793862,0.9264377057927967,0.11111111111111122,-0.21762357006851507,-0.11323577788468303,1.7358482088414318,0.030710582047925525,0.07177934861748907,0.5357056513865699,0.17590735712340144,-0.2532858806854024,-0.04346937725594462,Drug Manufacturers—Specialty & Generic,Healthcare,CPIX
2012Q2,2012,Q2,2012-08-09,2012-06-30,1744290.0,12366940.0,1939931.0,0.09,11263935.0,0.9108101923353715,95380596.0,83324557.0,86257157.0,7132066.0,12166990.0,7316606.0,14824160.0,127721738.82,80483270.82,4.214448089988821,12.09427352467013,0.052787717954708525,0.06042545176687828,0.018921986791985455,4.214448089988821,0.020933684651932804,10.32767514195104,18.30569154498392,1.5328222965529836,0.0,0.15075364178418243,0.0,0.12965886688315514,10.587457266940604,0.018287681909641244,852.6435383023465,0.9108101923353715,3.4999999999999996,0.4219403169324198,0.7058639210325012,4.837194817225711,0.19731501833292905,3.12159032910531,2.0029194368551813,2.077606770611263,-0.34261393494089176,1.1858404308996757,Drug Manufacturers—Specialty & Generic,Healthcare,CPIX
2012Q1,2012,Q1,2012-05-04,2012-03-31,423208.0,10256212.0,646015.0,0.02,9407662.0,0.9172647757281148,94568144.0,81951139.0,86283249.0,6159965.0,12719920.0,6005478.0,13079870.0,150059985.0,100976379.0,4.095918991995101,14.007100527356892,0.069367492292119,0.08004714858203496,0.004270649010332398,4.095918991995101,0.00516415031156553,14.631131357269137,88.64434568817224,1.8310909016163888,0.0,0.1412959967549627,0.0,0.10845313829993322,12.35535429178575,0.004475164490909328,62.60118460843385,0.9172647757281148,-0.5485327313769751,-0.7175564591981606,-0.14351619137152422,2.307144135202734,-0.15098130701954673,-0.5357856230084516,-0.6224935997788775,-0.820774418847515,-0.4374356422165835,1.289540772082829,Drug Manufacturers—Specialty & Generic,Healthcare,CPIX
2011Q4,2011,Q4,2012-03-07,2011-12-31,911665.0,13031830.0,1711269.0,0.0443,11080630.0,0.8502742899500684,95518316.0,82928817.0,87308067.0,6599948.0,12683047.0,5774694.0,12656662.0,109444871.94,43705676.94,4.076545822124884,13.22859922532723,0.05087978100451436,0.058603886752659214,0.010116021502542224,4.076545822124884,0.010993343845722531,8.398273453536456,30.012359786763778,1.3197447630297199,0.0,0.3378880335477516,0.0,0.13643278635691192,11.770098188652396,0.009544399840549953,112.30194574161236,0.8502742899500684,-0.5077777777777778,-0.8741493567772401,0.037280155767678444,2.5897819961299997,-0.05399050731741134,-0.5065177664754803,-0.4476855497747195,-0.5881096694771858,-0.33773305712932294,1.3553433915691526,Drug Manufacturers—Specialty & Generic,Healthcare,CPIX
2011Q3,2011,Q3,2011-11-07,2011-09-30,1847412.0,13054278.0,3098360.0,0.09,11713022.0,0.8972554437709999,96078666.0,83547065.0,85878391.0,7453231.0,12621609.0,6874599.0,11744997.0,113427656.46000001,47521227.46000001,4.110043681140514,11.522303682792067,0.053793190675649055,0.06186187390305093,0.020465254459457016,4.110043681140514,0.022112230992195836,8.688926071591245,15.349534437905568,1.357649804454531,0.0,0.19510316165350153,0.0,0.13587072493283786,10.140597815900245,0.019228118758434887,44.89247290881372,0.8972554437709999,-0.18181818181818185,-0.4153400329700647,0.0924390908117239,0.0,-0.10632513544150073,-0.15163671881995885,-0.14689372406457632,-0.2358263599075044,-0.24111590483884612,0.9800076426561092,Drug Manufacturers—Specialty & Generic,Healthcare,CPIX
2011Q2,2011,Q2,2011-08-08,2011-06-30,2177619.0,14389741.0,3631857.0,0.11,13106581.0,0.9108281379074161,94581055.0,81506628.0,84343879.0,10727930.0,13155980.0,7453251.0,9897585.0,117711820.75,54307839.75,3.9814447522255323,7.862083272355431,0.0679633886511416,0.07886535313422609,0.02467444341552823,3.9814447522255323,0.026717078763214202,8.180259863606997,13.51382183361736,1.444199369283195,0.0,0.17216111465989808,0.0,0.15214189564707223,6.9586363818555865,0.023023839182170255,30.544874334865874,0.9108281379074161,2.666666666666667,2.418315135749525,1.9817991455169846,0.0,0.3265785012513678,2.019605912696212,1.5794420600553551,0.017537177930984523,-0.14846483624273205,1.0624651561065743,Drug Manufacturers—Specialty & Generic,Healthcare,CPIX
2011Q1,2011,Q1,2011-05-09,2011-03-31,721160.0,10666927.0,1408001.0,0.03,9879989.0,0.9262263630378271,91575049.0,78457822.0,81101944.0,8753139.0,13189309.0,7822872.0,7719966.0,113065943.13000001,54209937.13000001,3.837333715610072,9.265469678934608,0.07756302702060253,0.09053065480201579,0.009411626289857793,3.837333715610072,0.00919169028169046,10.59967347015687,39.19585914706862,1.4411047904184748,0.0,0.10059451311487648,0.0,0.11648289699522847,8.123306850262518,0.007875070861277944,121.65071224222133,0.9262263630378271,-0.24623115577889454,1.2838029877497237,2.680384370823592,0.0,-0.1669988697983216,-0.13896895006172735,-0.37073199727198214,-0.744830390166464,-0.3658231550081571,1.1241155581993694,Drug Manufacturers—Specialty & Generic,Healthcare,CPIX
2010Q4,2010,Q4,2011-03-11,2010-12-31,837554.0,12814914.0,2237522.0,0.0398,11860715.0,0.9255399607051596,92054054.0,77777680.0,81038842.0,9227620.0,14338579.0,7683842.0,6998806.0,121800252.68,63065566.68000001,3.825019184681054,8.782204078624824,0.07777260955829278,0.0920480528604093,0.010175991229968782,3.825019184681054,0.010768564966195958,9.504570430983774,36.355940237883175,1.5660052174351307,0.0,0.12418253785020567,0.0,0.13921075110934278,7.698568428262109,0.009098502060539344,-120.38762429650482,0.9255399607051596,-0.20400000000000001,-0.884328930915262,0.02046504833340388,2.3682891357425433,0.05134798442325959,-0.16929433748180003,-0.08443006280645717,-0.49294407012776637,-0.14950316131049696,1.2914440871409254,Drug Manufacturers—Specialty & Generic,Healthcare,CPIX
2010Q3,2010,Q3,2010-11-15,2010-09-30,1008244.0,12190870.0,2443857.0,0.05,11281436.0,0.9254004021041976,89909866.0,74682722.0,79897028.0,9912895.0,15283935.0,7646228.0,6161252.0,118104907.27,60636310.269999996,3.673908433186817,8.059908634157832,0.08953125344442177,0.10778588118413789,0.0151725419181286,3.673908433186817,0.01350036491706877,9.687980207319084,29.284802902372835,1.5814221028258717,0.0,0.11893890687015872,0.0,0.13558990289230327,7.092783894109642,0.011213941749173556,2836.605516139879,0.9254004021041976,4.0,-0.6809210212683681,0.020168770713662625,0.0,0.14228393280418297,2.5093280984601676,1.4199958410076645,-0.5966342682053655,-0.1753419831357192,1.3405955416709976,Drug Manufacturers—Specialty & Generic,Healthcare,CPIX
2010Q2,2010,Q2,2010-08-16,2010-06-30,287304.0,10739935.0,1009860.0,0.01,9876210.0,0.9195781911156818,96702030.0,73352173.0,86660674.0,15426695.0,23400000.0,7967089.0,5153008.0,131260495.2,73763087.2,3.587682264511219,5.617578749045081,0.14475287643909854,0.19083138818532341,0.004930746698620853,3.587682264511219,0.0039167755807316025,12.221721565353981,114.21742753320525,1.789456124224159,0.0,0.1084116168402286,0.0,0.11106214626518182,4.891224854059797,0.002971023462485741,1415.5127272727273,0.9195781911156818,-0.5,-0.5484299856179424,1.2283339861179103,0.0,0.06523808147323307,-0.1121028005612248,0.24595932427563946,-0.773515938882186,0.4325740412740463,3.9690967531440258,Drug Manufacturers—Specialty & Generic,Healthcare,CPIX
2010Q1,2010,Q1,2010-05-17,2010-03-31,323578.0,10130652.0,810508.0,0.02,9271364.0,0.9151793981275835,98689669.0,73727554.0,88343972.0,15459298.0,25004731.0,7406402.0,4865704.0,213056301.51,154837659.51,3.6438778769637152,5.714617313153547,0.15740423650625476,0.21069696683549274,0.005403317954040739,3.6438778769637152,0.004388834057888317,21.03085778783044,164.60969342013362,2.8897785149633473,0.0,0.11601962734401941,0.0,0.10265159568019222,5.017547433266374,0.0032787423777862704,467.8566442462252,0.9151793981275835,0.25786163522012573,1.1286782024184296,2.5320912732813103,0.0,-0.058661436829737616,0.11842027948582351,0.16883053206140447,-0.7864525510215492,-0.1634205585374257,1.942155197343306,Drug Manufacturers—Specialty & Generic,Healthcare,CPIX
2009Q4,2009,Q4,2010-03-19,2009-12-31,289317.0,10714306.0,693435.0,0.0159,9849128.0,0.9192502062196095,103724320.0,72253872.0,93173595.0,18624374.0,31502984.0,4822873.0,4542126.0,192970919.60999998,134424648.60999998,5.0884875423950415,5.002777274554302,0.19431711868537677,0.27895267675066604,0.005457153844955382,5.0884875423950415,0.004004172952834971,18.010585063558946,166.74695888074328,2.6707346508710286,0.0,0.17939058316484802,0.0,0.10329598690066129,4.557375566019024,0.002789287989547678,-98.43160018811939,0.9192502062196095,-0.7728571428571429,-0.9427817141917629,0.2217868348131262,3.4808918540991978,-0.16791542501193957,-0.7753988900248964,-0.7076653658277471,-0.9427817141917629,0.2217868348131262,3.4808918540991978,Drug Manufacturers—Specialty & Generic,Healthcare,CPIX
2009Q3,2009,Q3,2009-11-12,2009-09-30,1288137.0,13597760.0,2372059.0,0.07,11836691.0,0.8704883010142848,101655736.0,70687015.0,91553055.0,13558538.0,30995141.0,1687591.0,4252809.0,254912667.11,195582023.11,4.48947000486311,6.752428248532401,0.19881445745471757,0.285917151827673,0.015586336410518787,4.48947000486311,0.018223106464461684,18.746666150160028,49.47312807372197,3.606216320069535,0.0,1.0435401705745053,0.0,0.1337628404952968,6.403614091725819,0.012671562379913319,504.8715347213145,0.8704883010142848,2.5,-0.4736897301768844,0.46910196195603676,0.0,0.30885636891848844,3.353711583764546,2.992585623009648,-0.4736897301768844,0.46910196195603676,0.0,Drug Manufacturers—Specialty & Generic,Healthcare,CPIX
2009Q2,2009,Q2,2009-08-31,2009-06-30,295871.0,9820613.0,594116.0,0.02,9043537.0,0.9208729638363715,33347739.0,19899923.0,19911212.0,7936729.0,13468511.0,1108376.0,2964672.0,173705375.24999997,169006205.24999997,1.9280675892037487,2.5087428334771165,0.2348567019791057,0.3935663469652621,0.011262324248046561,1.9280675892037487,0.01486794697647825,17.687834277758423,146.77458693991636,8.728947104468695,0.0,0.701094213515991,0.0,0.2944911197727678,2.21578851942658,0.008872295659984625,59.58496778154912,0.9208729638363715,-0.75,-0.07879626245830688,3.0363340061566646,0.0,0.042917731327916514,-0.757102512950603,-0.7193627850403278,-0.07879626245830688,3.0363340061566646,0.0,Drug Manufacturers—Specialty & Generic,Healthcare,CPIX
2009Q1,2009,Q1,2009-03-31,2009-03-31,1218090.0,9404599.0,2117025.0,0.08,8671381.0,0.9220362292959009,30985849.0,18464269.0,17621183.0,6358774.0,12533819.0,1346828.0,2668801.0,173705375.24999997,170893654.24999997,1.7889696667288366,2.7711604469666637,0.23431831737126196,0.393221740866102,0.047909280679552385,1.7889696667288366,0.06597011774471007,18.470258567111685,35.65117833041893,9.407649728781571,0.0,0.5444035912529291,0.0,0.3035127099470471,2.4358112114064756,0.03931117072183499,-98.30096552102708,0.9220362292959009,0.19940029985007507,1.9496033709488065,5.4279379227835,0.0,-0.035831126309023284,0.10377530317597392,0.4116455044589334,1.9496033709488065,5.4279379227835,0.0,Drug Manufacturers—Specialty & Generic,Healthcare,CPIX
2008Q4,2008,Q4,2008-12-31,2008-12-31,1103567.0,9811092.0,1499686.0,0.0667,8993633.0,0.9166801208265094,31119187.0,17554815.0,17710198.0,7605934.0,13564372.0,1762776.0,1450711.0,170703441.80999997,165699841.80999997,1.7307649647676426,2.3284711647511007,0.219348628870028,0.3888363961682308,0.04483538925797695,1.7307649647676426,0.06286406322140108,17.39902569561064,38.670837794624155,9.724023967783198,0.0,0.4637339060663408,0.0,0.31527468889209737,1.9667404423966866,0.03546259097321534,79.5035584041298,0.9166801208265094,-0.0471428571428573,-0.6944559415536239,0.566256880150866,0.5241013301837286,0.14317845815108443,-0.08721357740099536,-0.30263640032959654,-0.6944559415536239,0.566256880150866,0.5241013301837286,Drug Manufacturers—Specialty & Generic,Healthcare,CPIX
2008Q3,2008,Q3,2008-09-30,2008-09-30,1209009.0,8602709.0,2150508.0,0.07,7867217.0,0.9145046054678823,30372299.0,21101929.0,17016430.0,8880387.0,9270370.0,1798569.0,347144.0,171090817.92,163128343.92,2.0757716246120332,1.9161811303944298,0.10539027684404134,0.15168968675802103,0.049641158329367496,2.0757716246120332,0.057293766839988894,19.888016428313453,35.37831768001727,8.107828337399866,0.0,0.40893176742176696,0.0,0.28324194358813604,1.617703823042847,0.03980630508082381,130.61823525370002,0.9145046054678823,0.0,-0.23491215038617663,0.43953351740721025,0.0,0.032402259123063624,0.14227393017725426,0.16971554886406656,-0.23491215038617663,0.43953351740721025,0.0,Drug Manufacturers—Specialty & Generic,Healthcare,CPIX
2008Q2,2008,Q2,2008-06-30,2008-06-30,1058423.0,8357532.0,1838488.0,0.07,7620302.0,0.9117885519313597,28647366.0,19544923.0,14962110.0,8711970.0,9102443.0,947999.0,-861865.0,170397809.01,163740213.01,1.9304300683273206,1.7174198258258464,0.12773526892489873,0.1872240172038539,0.04463572444700606,1.9304300683273206,0.054153347137770765,20.388532046302664,40.248040955742646,8.718264533966185,0.0,0.7776695966978868,0.0,0.29173823520110015,1.5287239281127,0.036946607935961724,173.49822224145478,0.9117885519313597,-0.22222222222222213,2.359400727450743,2.5016747075484873,0.0,0.009534021802951008,-0.24140978319297618,0.025061623973607488,2.359400727450743,2.5016747075484873,0.0,Drug Manufacturers—Specialty & Generic,Healthcare,CPIX
2008Q1,2008,Q1,2008-03-31,2008-03-31,1395250.0,8303827.0,1793539.0,0.09,7548336.0,0.9090189378945395,30631284.0,18235071.0,16587570.0,8758787.0,12396213.0,1173805.0,-1920288.0,169879175.73,161584431.73,1.8065560043555315,1.8938204571021078,0.11810190522865446,0.19838765640122816,0.06497952075372095,1.8065560043555315,0.07651464587113481,20.45793773521534,30.43884173624798,9.316068784706129,0.0,0.6436256448047163,0.0,0.2710897460256645,1.6931584247910128,0.04554983721870751,93.15068063714321,0.9090189378945395,0.8329938900203666,2.112213119481067,4.803403892601804,0.0,0.13095172813058764,0.7120850318182153,0.34616926162326395,2.112213119481067,4.803403892601804,0.0,Drug Manufacturers—Specialty & Generic,Healthcare,CPIX
2007Q4,2007,Q4,2007-12-31,2007-12-31,814942.0,7433832.0,1332328.0,0.0491,6674322.0,0.8978306208695596,28918667.0,16746169.0,14788580.0,8119260.0,12172498.0,949109.0,-3315538.0,168839956.89,162101385.89,1.6692614086227158,1.8214196860305003,0.14094518948608523,0.24339578801575454,0.04019613472677835,1.6692614086227158,0.048664384074948726,22.712371881689013,51.79508384952548,10.082303414589926,0.0,0.8002347464832806,0.0,0.2570599813608283,1.6242927311109634,0.028180482869421333,64.98898639249447,0.8978306208695596,-0.29857142857142865,-0.7718771001970446,0.19984578650027454,0.46994166457939446,0.0037027234311322317,-0.34323890881250757,-0.36532900923285644,-0.7718771001970446,0.19984578650027454,0.46994166457939446,Drug Manufacturers—Specialty & Generic,Healthcare,CPIX
2007Q3,2007,Q3,2007-09-30,2007-09-30,1240850.0,7338604.0,2099242.0,0.07,6649700.0,0.9061260152475866,28124954.0,15839680.0,13557516.0,7845590.0,12285274.0,1036285.0,-4130480.0,169835535.54,165204363.54,1.5696468560150896,1.7280428877879166,0.1612191436828661,0.2862608966847815,0.0623914606675695,1.5696468560150896,0.07833807248631286,23.14275787874642,34.217579792078006,10.722156984232003,0.0,0.6647823716448661,0.0,0.26092856898539285,1.5279087997206073,0.04411918327048642,118.8133017450288,0.9061260152475866,0.7500000000000001,-0.20895863584642704,0.23708100794654408,0.0,-0.012554634921266612,-0.0069148212470688045,0.027458212624581466,-0.20895863584642704,0.23708100794654408,0.0,Drug Manufacturers—Specialty & Generic,Healthcare,CPIX
2007Q2,2007,Q2,2007-06-30,2007-06-30,1249490.0,7384368.0,2043141.0,0.04,6734246.0,0.9119596964831655,28123971.0,14539996.0,13766434.0,8554867.0,13583975.0,1285775.0,-5371330.0,338931459.9,334446325.9,0.7219988747937411,1.6091932229922452,0.1775216949270784,0.3433711398545089,0.0662266537123275,0.7219988747937411,0.08593468663952865,45.898506128080285,67.81396007571088,23.310285635566885,0.0,0.5056265676343061,0.0,0.2625649130416185,1.3899926205749311,0.0444279365812175,293.89448173063414,0.9119596964831655,0.0,0.9938269039919618,0.555475613767343,0.0,0.2621127190038857,0.6905469325020566,0.6337194658273942,0.9938269039919618,0.555475613767343,0.0,Drug Manufacturers—Specialty & Generic,Healthcare,CPIX
2007Q1,2007,Q1,2007-03-31,2007-03-31,739104.0,5906785.0,1250607.0,0.04,5335693.0,0.9033159324404054,26853919.0,12223208.0,12814129.0,8383144.0,14630711.0,988066.0,-6620820.0,166100554.61999997,162052039.61999997,1.2385063440072936,1.5285588557228649,0.18436597652655465,0.40504497673605816,0.04685403575261575,1.2385063440072936,0.060467268494490155,28.12029803353262,56.1830793163073,13.588949367465561,0.0,0.5779897294310299,0.0,0.2199598874190393,1.3290900168242368,0.02752313358806214,50.59812961790162,0.9033159324404054,-0.8181818181818181,1.602574289854499,3.222063199528582,0.0,0.04532455805754357,-0.7881456813740904,0.31423986582343927,1.602574289854499,3.222063199528582,0.0,Drug Manufacturers—Specialty & Generic,Healthcare,CPIX
