Year,Date,FillingDate,NetIncome,Revenue,OperatingIncome,EPSDiluted,GrossProfit,GrossProfitRatio,TotalAssets,CommonStockEquity,CurrentAssets,CurrentLiability,TotalLiability,Inventory,RetainedEarnings,EnterpriseValue,bookValuePerShare,currentRatio,debtToAssets,debtToEquity,roic,shareholdersEquityPerShare,roe,priceToSalesRatio,peRatio,pbRatio,payoutRatio,inventoryTurnover,dividendYield,assetTurnover,quickRatio,returnOnAssets,priceToFreeCashFlowsRatio,grossProfitMargin,epsdilutedGrowth,fiveYNetIncomeGrowthPerShare,fiveYRevenueGrowthPerShare,fiveYShareholdersEquityGrowthPerShare,grossProfitGrowth,netIncomeGrowth,operatingIncomeGrowth,threeYNetIncomeGrowthPerShare,threeYRevenueGrowthPerShare,threeYShareholdersEquityGrowthPerShare,Industry,Sector,Price,MarketCap,AvgVolume,Symbol
2022,2022-12-31,2023-03-13,-5650039.0,42010949.0,-5704929.0,-0.39,32892428.0,0.7829489403,92925158.0,36266132.0,45870210.0,28579832.0,56951152.0,9399581.0,-11208841.0,33969323.0,2.49019143079537,1.6049852917259975,0.22554937167822733,0.5779279411435441,-0.09317330034628053,2.49019143079537,-0.15579381335732193,0.7799890928433918,-5.799620498194791,0.9035449934390576,0.0,0.9700986671639938,0.0,0.4520944586395,1.151918982588841,-0.06080203813051359,5.136396311610189,0.7829489402869714,-0.026315789473684233,0.22630876323591623,0.1154137430041385,-0.38205283888874864,0.21044660858006767,-0.00945450348491662,0.25692107504864914,0.35158300557395494,0.29149881367327624,-0.2500571846326842,Drug Manufacturers—Specialty & Generic,Healthcare,1.4618,21121694,31873,CPIX
2021,2021-12-31,2022-03-11,-5597121.0,35985043.0,-7677420.0,-0.38,27173795.0,0.7551413792,84459798.0,42814306.0,45688013.0,19278960.0,41857820.0,8429882.0,-5638600.0,58624451.78,2.8725114281715585,2.3698380514301602,0.19014600295397344,0.37510109354569476,-0.12890210829142404,2.8725114281715585,-0.13073015827933776,1.9342918328595577,-12.435960341039616,1.625755063739676,0.0,1.0452397791570511,0.0,0.42606120133036546,1.7593356695589388,-0.06626964701004849,11.624214368749668,0.7551413791557787,0.13636363636363635,-5.454231485951992,0.1869646294666919,-0.3632662065002689,-0.05607588604102374,0.15525087691575587,-0.20305660262050476,0.15792158131555117,-0.07472534877857494,-0.196853255559917,Drug Manufacturers—Specialty & Generic,Healthcare,1.4618,21121694,31873,CPIX
2020,2020-12-31,2021-03-12,-6625779.0,37441134.0,-6381595.0,-0.44,28788114.0,0.7688900128,96463305.0,46990510.0,49969592.0,25667446.0,49589911.0,10638157.0,-2131013.0,37051118.800000004,3.099191382982821,1.9468081086057414,0.1770255746472713,0.36340256788019537,-0.0973020692192803,3.099191382982821,-0.14100249177972318,1.1946337629624146,-6.750669287339647,0.9518611906957385,0.0,0.8133946509719682,0.0,0.38813861913605385,1.4466382436335894,-0.06868704114999999,13.549417503197388,0.7688900127864717,0.26666666666666666,-10.988054579546597,0.2314792543383324,-0.3262140754018259,0.06753203612462486,0.2807204282211903,0.31293389815143585,0.12851499430458033,-0.04516301237307651,-0.23092799486383647,Drug Manufacturers—Specialty & Generic,Healthcare,1.4618,21121694,31873,CPIX
2019,2019-12-31,2020-03-20,-9211688.0,34388295.0,-9288182.0,-0.6,26966979.0,0.7841906381,104549283.0,51122873.0,50163075.0,24150235.0,53464030.0,8871254.0,1208395.0,72574172.7,3.3205084171327046,2.077125750536175,0.20561502081272046,0.42049481452265014,-0.12178384733107356,3.3205084171327046,-0.1801872128743625,2.3057236393953233,-8.607532593374852,1.5509673077254482,0.0,0.8365577177702272,0.0,0.3289194723602265,1.4936351965105101,-0.088108571724973,38.92083030222707,0.7841906381226519,-0.33333333333333326,-5.349069838670806,0.06635645751155443,-0.27563831750676515,-0.19172623994902238,-0.3229352348706059,-0.2567269021422931,-9.28337181002051,0.09810247888214421,-0.26396118043140443,Drug Manufacturers—Specialty & Generic,Healthcare,1.4618,21121694,31873,CPIX
2018,2018-12-31,2019-03-12,-6963068.0,40741765.0,-7390772.0,-0.45,33363670.0,0.8189058574168301,112693868.0,55844767.0,59116037.0,27804224.0,57123367.0,12078343.0,4746154.0,86213773.56,3.576571091219627,2.1261530981767374,0.1774719455010631,0.35813561546420275,-0.09767689480900187,3.576571091219627,-0.12468613218495476,2.3109635422029458,-13.521731162183107,1.685972359057385,0.0,0.6108532436941061,0.0,0.36152601488485603,1.585150802985906,-0.061787461230809824,-81.00428072179903,0.8189058574168301,0.09999999999999998,-2.884597509618267,0.4936029435402838,-0.1749022221072006,-0.012311473931591621,0.12728558889724592,-0.8108654297550711,-11.192735126173844,0.30126002035339255,-0.22242838153829664,Drug Manufacturers—Specialty & Generic,Healthcare,1.4618,21121694,31873,CPIX
2017,2017-12-31,2018-03-09,-7978633.0,41150131.0,-4081348.0,-0.5,33779546.0,0.8208855033778629,93232312.0,64120163.0,68684845.0,17694743.0,29310711.0,6737848.0,11709222.0,81496338.72,4.029780517669619,3.8816525902636734,0.10511377214371773,0.15283803941671203,-0.1146999417766733,4.029780517669619,-0.1244325127495387,2.8459011885041146,-14.677853552105981,1.8264021992582895,0.0,1.0939078768176427,0.0,0.4413719891447077,3.3049621574046033,-0.08557798073268846,-57.216201963665924,0.8208855033778629,-7.333333333333334,-2.679146798687509,0.03574765832221746,-0.07999382306608038,0.24800202461308832,-7.445831035384357,-1.8478541040560843,-4.644878808676199,0.2346970874859484,-0.12091215285090931,Drug Manufacturers—Specialty & Generic,Healthcare,1.4618,21121694,31873,CPIX
2016,2016-12-31,2017-03-13,-944683.0,33025560.0,-1433131.0,-0.06,27066900.0,0.8195742933655024,93404566.0,73248199.0,65545264.0,14792263.0,20283747.0,5371729.0,18604931.0,58890557.5,4.511322404270619,4.431050475508717,0.043895070397307986,0.055974072481973246,-0.01393497543266825,4.511322404270619,-0.012897013344997056,2.7039931344086217,-94.53000371553209,1.2191547194218386,0.0,1.1092629579787068,0.0,0.3535754344171997,3.884636718533195,-0.010113884582473195,-57.18477446497867,0.8195742933655024,-2.5,-1.2091964288036992,-0.19093027738540247,0.10665318166817733,-0.05197671483412368,-2.2916957794547352,-2.289239031674778,0.4931796705394415,0.16430844554185667,0.040740417619484125,Drug Manufacturers—Specialty & Generic,Healthcare,1.4618,21121694,31873,CPIX
2015,2015-12-31,2016-03-14,731351.0,33519051.0,1111610.0,0.04,28550881.0,0.8517807082306715,91918959.0,76887908.0,67112074.0,12411747.0,15099176.0,4270143.0,19549614.0,51422943.2,4.599667742883003,5.407141637675985,0.018494552358888226,0.022110108653235826,0.007612803517491968,4.599667742883003,0.009511911808030984,2.623165023377303,120.22408146020175,1.143560860050972,0.0,1.1634668909214516,0.0,0.36465873161161455,4.741016232444958,0.007956476095426625,27.6720065713382,0.8517807082306715,-0.7142857142857143,-0.6378678749580808,-0.11122374777381058,0.2025214831089906,-0.10354659307037467,-0.6982530594461496,-0.6876478713826656,-0.8534898617380144,-0.1969250228698373,0.05011246065163501,Drug Manufacturers—Specialty & Generic,Healthcare,1.4618,21121694,31873,CPIX
2014,2014-12-31,2015-03-09,2423723.0,36901871.0,3558836.0,0.14,31848706.0,0.8630648023239798,95405114.0,80760673.0,70814971.0,13749482.0,14652323.0,5600319.0,18818263.0,65488197.7,4.584047579247424,5.150373737716083,0.0,0.0,0.02781181632023272,4.584047579247424,0.030011178832053568,2.8549835508340484,43.46793536225056,1.3045239816166467,0.0,0.9022994940109662,0.0,0.3867913307037189,4.379232832189605,0.025404539635055623,30.727990688932653,0.8630648023239798,2.272727272727273,-0.3681015772941329,-0.3168615808213665,-0.09913357533940002,0.19785836037556737,2.1516235281148943,1.9362061463621494,-0.5053552280102264,-0.1668438243766609,0.12449308293510285,Drug Manufacturers—Specialty & Generic,Healthcare,1.4618,21121694,31873,CPIX
2013,2013-12-31,2014-03-11,-2104614.0,32027462.0,-3801338.0,-0.11,26588040.0,0.8301638137920513,87613738.0,79468481.0,68679715.0,7545770.0,8321895.0,5722882.0,16394540.0,52812157.67,4.334723940662839,9.101750384652593,0.0,0.0,-0.028007334955386664,4.334723940662839,-0.026483631919427274,2.925040225478997,-44.512492395280084,1.1788524644129037,0.0,0.9504690119418853,0.0,0.3655529684168937,7.874563099590897,-0.024021506764156098,-13.749681826867954,0.8301638137920513,-1.3666666666666667,-1.2442982872444805,-0.49481836039662896,1.5045133388430825,-0.39303721501749866,-1.3602253969710185,-1.4310834689823275,-1.95019286350556,-0.22567841134529032,0.13325547699815934,Drug Manufacturers—Specialty & Generic,Healthcare,1.4618,21121694,31873,CPIX
2012,2012-12-31,2013-03-12,5842492.0,48851237.0,8818102.0,0.3,43805058.0,0.8967031479673687,98593731.0,85696321.0,87232242.0,8055360.0,13027244.0,6218355.0,18499154.0,32181995.0,4.380166806161631,10.829092926945536,0.04422138158053883,0.05087675817495129,0.0623902662797934,4.380166806161631,0.068176695706692,1.6820746013043641,14.064448012936944,0.9588675924605913,0.0,0.8114974137050716,0.0,0.4954801538040994,9.565397201366544,0.05925825040539342,17.869712547704477,0.8967031479673687,0.07142857142857129,-0.25926116093621476,-0.10741015311809876,1.6240148987663023,-0.04314448278560117,0.032633562960951996,-0.1047145907192933,0.3716449163091649,-0.18564236208274051,-0.13920064269235086,Drug Manufacturers—Specialty & Generic,Healthcare,1.4618,21121694,31873,CPIX
2011,2011-12-31,2012-03-07,5657856.0,51142776.0,9849487.0,0.28,45780222.0,0.8951454258173236,95518316.0,82928817.0,87308067.0,6599948.0,12683047.0,5774694.0,12656662.0,43705676.94,4.076545822124884,13.22859922532723,0.05087978100451436,0.058603886752659214,0.06460870171468501,4.076545822124884,0.06822545171481223,2.13998692483959,19.343877246080492,1.3197447630297199,0.0,0.9286299845498307,0.0,0.5354237610302929,11.770098188652396,0.059233205074511575,13.210997658725292,0.8951454258173236,1.3333333333333337,-0.38134504469917696,0.38253189217783723,2.5897819961299997,0.08253770862780498,1.3030496442353094,0.5148985341939636,-0.40813837436928385,-0.2730079582979625,1.3553433915691526,Drug Manufacturers—Specialty & Generic,Healthcare,1.4618,21121694,31873,CPIX
2010,2010-12-31,2011-03-11,2456680.0,45876371.0,6501747.0,0.12,42289725.0,0.9218193173998004,92054054.0,77777680.0,81038842.0,9227620.0,14338579.0,7683842.0,6998806.0,63065566.68000001,3.825019184681054,8.782204078624824,0.07777260955829278,0.0920480528604093,0.035196560763403155,3.825019184681054,0.031585925422306246,2.65496703477265,49.57920961623004,1.5660052174351307,0.0,0.4667776875162191,0.0,0.4983633963584048,7.698568428262109,0.026687363491889233,-288.639870799564,0.9218193173998004,-0.2941176470588236,-0.4129701058364695,1.0041585863421092,4.826661542741874,0.07332319697471648,-0.20532183482321203,0.12552498123907777,-0.7003144923563597,-0.19347915847680436,1.2914440871409254,Drug Manufacturers—Specialty & Generic,Healthcare,1.4618,21121694,31873,CPIX
2009,2009-12-31,2010-03-19,3091415.0,43537278.0,5776635.0,0.17,39400737.0,0.9049885250060878,103724320.0,72253872.0,93173595.0,18624374.0,31502984.0,4822873.0,4542126.0,134424648.60999998,5.0884875423950415,5.002777274554302,0.19431711868537677,0.27895267675066604,0.03748433790373789,5.0884875423950415,0.042785457919819164,4.432314753577383,62.42155116993351,2.6707346508710286,0.0,0.8576922925401519,0.0,0.4197403077696725,4.557375566019024,0.02980414814963357,-627.8069954420199,0.9049885250060878,-0.4137931034482758,0.05783490881560082,1.7236622878304442,6.751306135335514,0.23013945773969288,-0.3513945662511547,-0.20674818849908566,-0.5157221029374823,0.6861370282015787,3.4808918540991978,Drug Manufacturers—Specialty & Generic,Healthcare,1.4618,21121694,31873,CPIX
2008,2008-12-31,2008-12-31,4766249.0,35075160.0,7282221.0,0.29,32029488.0,0.9131672670915828,31119187.0,17554815.0,17710198.0,7605934.0,13564372.0,1762776.0,1450711.0,165699841.80999997,1.7307649647676426,2.3284711647511007,0.219348628870028,0.3888363961682308,0.1947439509225571,1.7307649647676426,0.27150664931530183,4.866790110437129,35.81504906898485,9.724023967783198,0.0,1.7277702895886942,0.0,1.1271232760675913,1.9667404423966866,0.1531611028270115,27.256711500152324,0.9131672670915828,0.2083333333333333,1.2832399784301531,2.071891650121727,1.6364787136557883,0.26130334688629314,0.17848518909916117,0.08280693938933445,1.2832399784301531,2.071891650121727,1.6364787136557883,Drug Manufacturers—Specialty & Generic,Healthcare,1.4618,21121694,31873,CPIX
TTM,,,,,,,,,,,,,,,,25515333.0,2.5321885671203694,1.7042087158202688,0.23225798627641966,0.5714937559595903,-0.06621042074757018,2.5321885671203694,-0.10753254582623838,0.5272443393302068,-5.175899548702946,0.5772871811290001,0.0,0.8012670331498952,0.0,0.44776073760374235,1.2025829980409544,-0.04532786266382627,4.24188322903529,0.7963856804533498,,,,,,,,,,,Drug Manufacturers—Specialty & Generic,Healthcare,1.4618,21121694,31873,CPIX
