Quarters,Year,Quarter,FillingDate,Date,NetIncome,Revenue,OperatingIncome,EPSDiluted,GrossProfit,GrossProfitRatio,TotalAssets,CommonStockEquity,CurrentAssets,CurrentLiability,TotalLiability,Inventory,RetainedEarnings,MarketCap,EnterpriseValue,bookValuePerShare,currentRatio,debtToAssets,debtToEquity,roic,shareholdersEquityPerShare,roe,priceToSalesRatio,peRatio,pbRatio,payoutRatio,inventoryTurnover,dividendYield,assetTurnover,quickRatio,returnOnAssets,priceToFreeCashFlowsRatio,grossProfitMargin,epsdilutedGrowth,fiveYNetIncomeGrowthPerShare,fiveYRevenueGrowthPerShare,fiveYShareholdersEquityGrowthPerShare,grossProfitGrowth,netIncomeGrowth,operatingIncomeGrowth,threeYNetIncomeGrowthPerShare,threeYRevenueGrowthPerShare,threeYShareholdersEquityGrowthPerShare,Industry,Sector,Symbol
2023Q1,2023,Q1,2023-05-02,2023-03-31,-19002000.0,73182000.0,-18796000.0,-0.41,43640000.0,0.5963214998,437557000.0,-47968000.0,256745000.0,160830000.0,485525000.0,6433000.0,-609900000.0,1258372400.0,1388744400.0,-1.044462831511562,1.5963750544052726,0.7376136137691776,-6.728402268178786,-0.061411642028953925,-1.044462831511562,0.39613909272848563,17.195108086687984,-16.555788864330072,-26.23358072048032,0.0,4.592258666252137,0.0,0.16725135239523078,1.4808369085369646,-0.043427484876256126,-163.6587852776694,0.5963214998223607,-0.07894736842105256,0.2895375298082872,0.07688542874136023,0.3866842423931998,0.003980030827984448,-0.09540554562748602,-0.26376655684797956,0.21558993732576429,0.03575609583525367,-1.34733768199839,Software—Application,Technology,PRO
2022Q4,2022,Q4,2023-02-15,2022-12-31,-17347000.0,70935000.0,-14873000.0,-0.38,43467000.0,0.6127722563,452952000.0,-35473000.0,267278000.0,160936000.0,488425000.0,6032000.0,-590898000.0,1102762560.0,1224760560.0,-0.7803810278071102,1.6607719838942188,0.718895158868931,-9.179516815606236,-0.046273859650720194,-0.7803810278071102,0.48901981788966253,15.54609938676253,-15.892698449299592,-31.087378005807235,0.0,4.553713527851459,0.0,0.15660599798654162,1.564628175175225,-0.03829765626379837,-555.2681570996979,0.6127722562909707,-0.22580645161290325,0.282447654372351,0.07506309474430332,0.46965186413509,0.01705741962656184,-0.2522197357973002,0.08083554786477969,0.05995303468208101,0.004934831885152998,-1.2015560225702442,Software—Application,Technology,PRO
2022Q3,2022,Q3,2022-11-01,2022-09-30,-13853000.0,70348000.0,-16181000.0,-0.31,42738000.0,0.6075226019,460892000.0,-27682000.0,270394000.0,161342000.0,488574000.0,0.0,-573551000.0,1119255800.0,1238870800.0,-0.6108928807873947,1.675905839768938,0.7082765593674873,-11.792464417310889,-0.0490879007507741,-0.6108928807873947,0.50043349468969,15.910271791664297,-20.198798094275606,-40.43262047539917,0.0,0.0,0.0,0.15263445666229833,1.5664984938825601,-0.030056933077597353,-123.44279254439175,0.6075226019218741,0.38,0.5410298361746808,0.1796771717537803,0.45024643664251485,0.04953218241202328,0.3817281085423547,0.21210498125334762,0.2725809687383446,-0.0011039456524906763,-1.1616857401468432,Software—Application,Technology,PRO
2022Q2,2022,Q2,2022-07-28,2022-06-30,-22406000.0,68362000.0,-20537000.0,-0.5,40721000.0,0.5956671835,461750000.0,-25090000.0,267489000.0,157137000.0,486840000.0,0.0,-559698000.0,1186173060.0,1299748060.0,-0.5548184511963203,1.7022661753756276,0.7119718462371413,-13.102949382223994,-0.060594834057693885,-0.5548184511963203,0.8930251096054205,17.351351042977093,-13.234993528519146,-47.27672618573137,0.0,0.0,0.0,0.14804981050351923,1.5883782941000528,-0.04852409312398484,-529.7780527020991,0.5956671835230098,0.21875000000000003,0.19724372772259033,0.18280273739084016,0.1428145758407043,0.0406327464158851,0.21766759776536312,0.17693972427059956,-0.11479324720101632,-0.06727594458915104,-1.2289888329842773,Software—Application,Technology,PRO
2022Q1,2022,Q1,2022-05-03,2022-03-31,-28640000.0,66492000.0,-24952000.0,-0.64,39131000.0,0.588506888,486611000.0,-12822000.0,286798000.0,164251000.0,499433000.0,0.0,-537292000.0,1501781350.0,1614738350.0,-0.2843961406232672,1.7460959141801267,0.6788790224635284,-25.764311339884575,-0.06981056331944482,-0.2843961406232672,2.233660895336141,22.585895295674668,-13.109124912709497,-117.12535875838402,0.0,0.0,0.0,0.13664302697637332,1.6450189039944962,-0.05885604723279991,-130.8741917211329,0.5885068880466823,-0.2075471698113207,0.022345232334963685,0.1429452027856719,0.5548849734653757,0.0034618935275412864,-0.21309670041086026,-0.13821731593832678,-0.41276853205280345,-0.011474298643507054,-1.351159698019993,Software—Application,Technology,PRO
2021Q4,2021,Q4,2022-02-18,2021-12-31,-23609000.0,64973000.0,-21922000.0,-0.53,38996000.0,0.6001877703,494483000.0,3584000.0,283529000.0,154829000.0,490899000.0,0.0,-508652000.0,1532666620.0,1639891620.0,0.08065169449570188,1.8312396256515253,0.6770263082856236,93.40904017857143,-0.058151693653616686,0.08065169449570188,-6.587332589285714,23.589285087651795,-16.229685924859165,427.64135602678573,0.0,0.0,0.0,0.13139582149436888,1.7318073487524948,-0.04774481630308828,-1148.9255022488755,0.600187770304588,-0.3423430724966568,0.12308600619719902,0.11900834954585428,1.7261266436962766,0.06491165788252,-0.3471611982881598,-0.3867661943319838,-0.5469561021301069,0.032502058131331606,-0.9454173471776661,Software—Application,Technology,PRO
2021Q3,2021,Q3,2021-11-02,2021-09-30,-17525000.0,62671000.0,-15808000.0,-0.394832,36619000.0,0.5843053405881509,501020000.0,17934000.0,368130000.0,148558000.0,483086000.0,0.0,-485043000.0,1574815279.9999998,1599373279.9999998,0.40404632091199927,2.478022051993161,0.6650433116442458,18.579234972677597,-0.04003681705200242,0.40404632091199927,-0.977194156351065,25.128293469068623,-22.46526790299572,87.81171406267424,0.0,0.0,0.0,0.1250868228813221,2.367876519608503,-0.03497864356712307,-184.8808734444705,0.5843053405881509,0.036995121951219415,0.23414010824157366,0.12080119641144282,0.23355584688053163,0.01727921771258716,0.02887066385902693,0.030540905188274254,0.10768935380355842,0.02644684147835762,-0.7712342837781262,Software—Application,Technology,PRO
2021Q2,2021,Q2,2021-08-03,2021-06-30,-18046000.0,62401000.0,-16306000.0,-0.41,35997000.0,0.5768657553564847,511503000.0,25728000.0,374876000.0,148032000.0,485775000.0,0.0,-467518000.0,2019707970.0,2035963970.0,0.5804923174116108,2.5323984003458713,0.654115420632919,13.004586442786069,-0.04040561649156422,0.5804923174116108,-0.7014148009950248,32.3665962083941,-27.97999515128006,78.50233092350746,0.0,0.0,0.0,0.12199537441618133,2.429346357544315,-0.03528034048676156,-350.03604332755634,0.5768657553564847,0.18000000000000005,0.39838545101671036,0.15294046442245401,-0.1884987100343771,0.03184658602304649,0.18080711789005402,0.20806216610004857,0.21073534145506145,-0.03069157227686593,1.2760549185948893,Software—Application,Technology,PRO
2021Q1,2021,Q1,2021-05-04,2021-03-31,-22029000.0,61378000.0,-20590000.0,-0.5,34886000.0,0.5683795496757796,535088000.0,35029000.0,394145000.0,160384000.0,500059000.0,0.0,-449472000.0,1880412500.0,1892078500.0,0.7917052774324782,2.4575082302474063,0.6271772119726101,9.580490450769362,-0.049469550805589464,0.7917052774324782,-0.6288789288874932,30.63658802828375,-21.34019360842526,53.68159239487282,0.0,0.0,0.0,0.11470636605567683,2.354312150837989,-0.0411689292228568,-328.22700296735906,0.5683795496757796,-0.19047619047619052,0.2650717675782017,0.10552678467762679,-0.3489298404115335,-0.018374180477784968,-0.2114496260448746,-0.5335915388053032,0.14506906355550134,-0.06249761490348542,1.4648947835961619,Software—Application,Technology,PRO
2020Q4,2020,Q4,2021-02-12,2020-12-31,-18184000.0,60858000.0,-13426000.0,-0.42,35539000.0,0.5839659535311709,539971000.0,117037000.0,394300000.0,147918000.0,422934000.0,0.0,-438773000.0,2206058040.0,2144988040.0,2.6934778606278194,2.6656661123054666,0.49644147556072454,2.2904209779813223,-0.030984148575742217,2.6934778606278194,-0.15536966942078145,36.249269446909196,-30.329658490981085,18.849236053555714,0.0,0.0,0.0,0.11270605273246156,2.5602834002623074,-0.03367588259369485,311.19453237410073,0.5839659535311709,0.0454545454545455,0.2985052067382375,-0.00913935821863657,0.4446809285303362,-0.036125952645710724,0.035689664315638754,0.1693373754872239,0.2131352717488948,-0.03512178333963317,2.83049165917249,Software—Application,Technology,PRO
2020Q3,2020,Q3,2020-10-29,2020-09-30,-18857000.0,61508000.0,-16163000.0,-0.44,36871000.0,0.5994504779866033,551442000.0,129034000.0,405219000.0,159616000.0,422408000.0,0.0,-420589000.0,1384503180.0,1317252180.0,2.976768865204051,2.53871165797915,0.4626071282201936,1.9770060604181843,-0.038729859485469496,2.976768865204051,-0.14613977711300896,22.509318787799963,-18.35529485071857,10.729754793310292,0.0,0.0,0.0,0.11154028891524403,2.4451934643143542,-0.034195799376906366,-70.28648492232713,0.5994504779866033,-0.09999999999999995,0.2906150802150364,0.029486081319026324,0.3153236972344993,-0.024499298886154985,-0.0958275220827522,-0.06763987053306031,0.34688963562262737,0.07824233782802754,3.6788481948393854,Software—Application,Technology,PRO
2020Q2,2020,Q2,2020-07-30,2020-06-30,-17208000.0,63747000.0,-15139000.0,-0.4,37797000.0,0.5929220198597581,427278000.0,118170000.0,289313000.0,158658000.0,309108000.0,0.0,-401732000.0,1923996720.0,1849400720.0,2.728847219656383,1.8235008634925438,0.3406704768324136,1.2317931793179318,-0.05168108278177072,2.728847219656383,-0.1456207159177456,30.18176102404819,-27.952067642956766,16.281600406194464,0.0,0.0,0.0,0.14919326527459875,1.7322416770663944,-0.04027354556050159,-61.310879831745325,0.5929220198597581,0.24528301886792453,0.2501632809298392,0.043970297983462206,0.02748813103847382,0.005667305236270754,0.2431053441829778,0.2909797677032597,0.3561695320969544,0.15180527668641405,5.216024280381007,Software—Application,Technology,PRO
2020Q1,2020,Q1,2020-05-05,2020-03-31,-22735000.0,66311000.0,-21352000.0,-0.53,37584000.0,0.5667837915278008,456677000.0,129610000.0,320596000.0,177803000.0,327067000.0,0.0,-384524000.0,1337455060.0,1227145060.0,3.0070530369820427,1.8030966856577224,0.24613895597982818,0.8672633284468791,-0.0792959859949772,3.0070530369820427,-0.1754108479284006,20.169429808025818,-14.70700527820541,10.319073065349896,0.0,0.0,0.0,0.14520328372131724,1.7174794576019528,-0.04978354504387127,-37.59219349035921,0.5667837915278008,-0.29268292682926844,-0.0888561568950516,0.03464971649586492,0.02383261812494212,-0.0060824033426773155,-0.31416184971098265,-0.41676066618008095,0.18821295021335444,0.1922744620965258,5.706408776905111,Software—Application,Technology,PRO
2019Q4,2019,Q4,2020-02-19,2019-12-31,-17300000.0,66175000.0,-15071000.0,-0.41,37814000.0,0.5714242538723082,513307000.0,164996000.0,385945000.0,196134000.0,348311000.0,0.0,-361789000.0,2553490800.0,2387681800.0,3.8717822363017715,1.9677618362955938,0.21566820635604034,0.6709495987781522,-0.04953645703033217,3.8717822363017715,-0.10485102669155616,38.58694068757084,-36.900156069364165,15.47607699580596,0.0,0.0,0.0,0.12891895103709866,1.8923338125975098,-0.033703027622845584,242.58890366711,0.5714242538723082,0.023809523809523832,0.3248607684182187,-0.1623853877151016,0.1355577219687954,0.0012444726877962242,0.002709402202109875,-0.20452365728900257,0.3299340901582336,0.18846492492396869,35.85858862541934,Software—Application,Technology,PRO
2019Q3,2019,Q3,2019-10-24,2019-09-30,-17347000.0,64150000.0,-12512000.0,-0.42,37767000.0,0.5887295401402962,518738000.0,155952000.0,389327000.0,214851000.0,362786000.0,0.0,-344489000.0,2460049600.0,2292254600.0,3.7782730884775657,1.8120790687499708,0.29179855726783077,0.9705999281830306,-0.037258701771630896,3.7782730884775657,-0.11123294346978557,38.34839594699922,-35.45353086989105,15.774402380219556,0.0,0.0,0.0,0.12366551129857462,1.7460844957668338,-0.033440773569701855,868.9684210526316,0.5887295401402962,0.0454545454545455,-2.264056459072097,-0.03525903556780158,0.14219321090372208,-0.06273731232162799,0.009704858137808985,-0.030218196788801978,0.1848001653418417,0.23369279139873228,10.535090454190676,Software—Application,Technology,PRO
2019Q2,2019,Q2,2019-07-25,2019-06-30,-17517000.0,63878000.0,-12145000.0,-0.44,40295000.0,0.6308118601083315,507899000.0,95494000.0,395250000.0,179016000.0,412405000.0,0.0,-327142000.0,2500754850.0,2390741850.0,2.4229061477177583,2.207903204182866,0.43226901411501106,2.2990868536243116,-0.03623142824443069,2.4229061477177583,-0.183435608519907,39.148922164125366,-35.690398612776164,26.18755995141056,0.0,0.0,0.0,0.12576909976196055,2.137412298342048,-0.03448914055747304,-476.788341277407,0.6308118601083315,0.02222222222222224,-0.8396808769790153,0.057825477389297816,-0.2628070021566019,0.140177131377154,-0.03546728143287817,0.10764144011756062,0.3432997756719109,0.3272009983178998,2.38711022586097,Software—Application,Technology,PRO
2019Q1,2019,Q1,2019-04-25,2019-03-31,-16917000.0,56131000.0,-13610000.0,-0.45,35341000.0,0.6296164329871194,444991000.0,30470000.0,329172000.0,287229000.0,414521000.0,0.0,-309625000.0,1595967660.0,1551627660.0,0.8098769369800388,1.1460263413513259,0.5130350950918109,7.492484410895964,-0.048423376187447624,0.8098769369800388,-0.555201837873318,28.43290980028861,-23.585264231246676,52.37832819166393,0.0,0.0,0.0,0.1261396297902654,1.107945228371787,-0.03801649921009639,-165.8320511221945,0.6296164329871194,-0.32352941176470584,-0.5245806664654422,0.04539910578860125,-0.758419084384206,0.06593274015985523,-0.3257836990595611,-0.41638047663648664,0.33628096288963916,0.18896779864161842,-0.3339861162519752,Software—Application,Technology,PRO
2018Q4,2018,Q4,2019-02-15,2018-12-31,-12760000.0,52613000.0,-9609000.0,-0.34,33155000.0,0.6301674491095357,436967000.0,54899000.0,346143000.0,274750000.0,382068000.0,0.0,-292708000.0,1166635600.0,1096349600.0,1.4776067179846046,1.2598471337579618,0.5153478409124717,4.101896209402721,-0.03437160121268704,1.4776067179846046,-0.23242682016065866,22.173903788037176,-22.857280564263323,21.250580156286997,0.0,0.0,0.0,0.12040497337327533,1.2276542311191994,-0.02920128979991624,82.93421482903248,0.6301674491095357,0.2272727272727272,-70.56625864813881,0.025723074751513874,-0.6262163190925744,0.12013919389168554,0.1916888382110731,0.19020731501769764,0.4243083933515928,0.001825685641556273,-0.20746694207351174,Software—Application,Technology,PRO
2018Q3,2018,Q3,2018-10-25,2018-09-30,-15786000.0,49075000.0,-11866000.0,-0.44,29599000.0,0.6031380539989811,429176000.0,63011000.0,338595000.0,128734000.0,366165000.0,0.0,-279948000.0,1237957200.0,1178192200.0,1.7662013678663526,2.6301909363493716,0.5175592297798572,3.5251622732538763,-0.04208188536823781,1.7662013678663526,-0.25052768564218947,25.22582170147733,-19.605302166476626,19.64668391233277,0.0,0.0,0.0,0.11434702779279363,2.548347755837619,-0.036782112699684975,-476.87103235747304,0.6031380539989811,0.15384615384615388,-13.51976958843082,0.049862887489623586,-0.5253901529631824,0.031252177548602884,0.06281168368558537,0.08673901331486185,0.2784534742947223,-0.001996481440848729,-0.21958115714054416,Software—Application,Technology,PRO
2018Q2,2018,Q2,2018-07-26,2018-06-30,-16844000.0,47426000.0,-12993000.0,-0.52,28702000.0,0.6051954624045882,281440000.0,-68659000.0,189787000.0,115215000.0,350099000.0,0.0,-264161000.0,1194047070.0,1271288070.0,-2.1028146151725826,1.6472421125721477,0.7785247299602046,-3.191249508440263,-0.0856950196726302,-2.1028146151725826,0.24532836190448448,25.177056256062077,-17.72214245428639,-17.390976710992007,0.0,0.0,0.0,0.16851193860147812,1.572850757279868,-0.059849346219442864,-231.6289175557711,0.6051954624045882,0.10344827586206887,-25.91035139378949,0.1450397822346506,-1.5943575607823446,0.011025397160872169,0.10670343657191345,0.11893944531091069,0.02655130714648953,0.03009295179861335,-1.791769155598286,Software—Application,Technology,PRO
2018Q1,2018,Q1,2018-05-01,2018-03-31,-18856000.0,47910000.0,-14747000.0,-0.58,28389000.0,0.5925485284909204,280469000.0,-55139000.0,187175000.0,101147000.0,335608000.0,0.0,-247317000.0,1068797779.9999999,1136782780.0,-1.7029773302859967,1.850524484166609,0.7706056640840877,-3.9197482725475616,-0.09224659015407613,-1.7029773302859967,0.3419721068572154,22.30844875808808,-14.170526357658037,-19.383699015216088,0.0,0.0,0.0,0.1708210176525748,1.751678250467142,-0.06723024648000314,-156.5774655728098,0.5925485284909204,-0.0943396226415093,-10.32243136442697,0.221461212291212,-1.506886611464662,0.00680923502500266,-0.1104829210836278,-0.15076082715567693,-0.20218838025715827,-0.004866513824665919,-1.5798247377851449,Software—Application,Technology,PRO
2017Q4,2017,Q4,2018-02-15,2017-12-31,-16980000.0,46344000.0,-12815000.0,-0.53,28197000.0,0.6084282755049197,288683000.0,-46979000.0,202056000.0,102025000.0,335662000.0,0.0,-238185000.0,844469150.0,897167150.0,-1.4714504964450152,1.9804557706444499,0.7385367340647008,-4.538261776538453,-0.07752393032668425,-1.4714504964450152,0.36143808935907534,18.221757940617987,-12.433291372202593,-17.97546031205432,0.0,0.0,0.0,0.1605359511990661,1.891585395736339,-0.0588188428137438,232.44402697495184,0.6084282755049197,0.20895522388059704,-11.268540330592648,0.21961124426288378,-1.4562606071963933,0.16453971007310123,0.20003768962593046,0.2780281690140845,0.1155173700109912,-0.21702446703253614,-1.4315627459794775,Software—Application,Technology,PRO
2017Q3,2017,Q3,2017-10-26,2017-09-30,-21226000.0,41937000.0,-17750000.0,-0.67,24213000.0,0.5773660490736104,292629000.0,-35411000.0,204123000.0,98300000.0,328040000.0,0.0,-221205000.0,768950710.0,821903710.0,-1.1112122258135375,2.0765310274669377,0.7186984201839189,-5.939171443901612,-0.10020660956202253,-1.1112122258135375,0.5994182598627545,18.335854019123925,-9.056707693394893,-21.71502386264155,0.0,0.0,0.0,0.14331115508032355,1.9532044760935912,-0.07253553133831575,-78.12951737451738,0.5773660490736104,-0.08064516129032265,-14.472060401532438,0.2065989403317381,-1.3598498727300197,-0.004399671052631579,-0.08778762876031364,-0.06223818073010173,-4.17318330161703,-0.18310198254826432,-1.3359257074529942,Software—Application,Technology,PRO
2017Q2,2017,Q2,2017-08-03,2017-06-30,-19513000.0,40406000.0,-16710000.0,-0.62,24320000.0,0.6018908082957977,297982000.0,-20463000.0,244238000.0,96808000.0,318445000.0,0.0,-199979000.0,865934850.0,881433850.0,-0.647256049343666,2.522911329642178,0.696243397252183,-10.138689341738749,-0.09004346562717352,-0.647256049343666,0.9535747446610956,21.430848141365143,-11.094332624404244,-42.31710159800616,0.0,0.0,0.0,0.13559879455806056,2.4504896289562845,-0.06548382117040627,-86.05136142303488,0.6018908082957977,0.04615384615384619,-17.98121307397338,0.2436040392063733,-1.220480458204791,0.034013605442176874,0.03434453407235116,0.054222322843558976,-1.5547776946578997,-0.16582939995222906,-1.1969340115948703,Software—Application,Technology,PRO
2017Q1,2017,Q1,2017-05-02,2017-03-31,-20207000.0,40129000.0,-17668000.0,-0.65,23520000.0,0.5861097959081961,210727000.0,-19870000.0,157417000.0,94434000.0,230597000.0,0.0,-180466000.0,752284810.0,770390810.0,-0.638927296697643,1.6669525806383294,0.588315688070347,-6.239255158530448,-0.17121462776249827,-0.638927296697643,1.0169602415702064,18.746662264197962,-9.307230291483151,-37.860332662304984,0.0,0.0,0.0,0.19043122143816407,1.594891670372959,-0.09589184110246907,-56.78049739602989,0.5861097959081961,-0.06557377049180334,-15.821252521530804,0.29733384070899466,-1.2248584166949226,-0.018937181947109367,-0.0915032679738562,-0.08672653462910566,-1.2031085628546017,-0.09584126891784661,-1.1905877724135574,Software—Application,Technology,PRO
2016Q4,2016,Q4,2017-02-15,2016-12-31,-18513000.0,39926000.0,-16258000.0,-0.61,23974000.0,0.600460852577268,227654000.0,-3394000.0,173657000.0,96721000.0,231048000.0,0.0,-160259000.0,657586640.0,677842640.0,-0.11107111300193082,1.7954425615946898,0.5372143691742732,-36.03388332351208,-0.1365834496457453,-0.11107111300193082,5.454625810253388,16.47013575113961,-8.880065899638092,-193.74974661166766,0.0,0.0,0.0,0.17538018220633067,1.729924215010184,-0.0813207762657366,-65.71266513440591,0.600460852577268,-0.17307692307692302,-8.760088416995549,0.35276546849021456,-1.0408079997836632,0.05417289596341571,-0.17857142857142858,-0.23955474229948154,-123.72121220396463,-0.053571685873879185,-1.028097171564686,Software—Application,Technology,PRO
2016Q3,2016,Q3,2016-11-01,2016-09-30,-15708000.0,38384000.0,-13116000.0,-0.52,22742000.0,0.5924864526886202,230960000.0,9980000.0,179313000.0,89707000.0,220980000.0,0.0,-141746000.0,688904090.0,765295090.0,0.3275460303915455,1.998874112388108,0.5223718392795289,12.088877755511023,-0.10188032860469654,0.3275460303915455,-1.5739478957915831,17.94768888078366,-10.964223484848485,69.02846593186372,0.0,0.0,0.0,0.16619328022168342,1.9240750443109234,-0.06801177693107031,1297.3711676082862,0.5924864526886202,0.23529411764705885,-8.185596286746184,0.34573913828830966,-0.8741119065731408,0.08346831824678418,0.234763969406148,0.27335180055401664,-15.586902659223048,-0.03851954450137987,-0.91198253256397,Software—Application,Technology,PRO
2016Q2,2016,Q2,2016-08-02,2016-06-30,-20527000.0,37038000.0,-18050000.0,-0.68,20990000.0,0.5667152654030995,240929000.0,21696000.0,189331000.0,89209000.0,219233000.0,0.0,-126038000.0,528651900.0,586480900.0,0.7153313550939664,2.1223307065430617,0.49402936134711883,5.486080383480826,-0.12892656676756417,0.7153313550939664,-0.9461191002949852,14.273230196014904,-6.438494421980805,24.366330199115044,0.0,0.0,0.0,0.15372993703539217,2.0387516954567366,-0.08519937408946204,-62.21629987054254,0.5667152654030995,0.0,-13.600742429298993,0.3774600257707576,-0.7106191503593164,-0.055227978574965114,-0.0024417639302632224,-0.004228329809725159,-33.68016044538809,-0.03733389082298109,-0.7978126096817693,Software—Application,Technology,PRO
2016Q1,2016,Q1,2016-05-03,2016-03-31,-20477000.0,37928000.0,-17974000.0,-0.68,22217000.0,0.5857677705125501,250383000.0,36755000.0,197839000.0,91641000.0,213628000.0,0.0,-105511000.0,356364540.0,390043540.0,1.21600608747436,2.1588481138355102,0.46899350195500494,3.1948850496531085,-0.11748224734751961,1.21600608747436,-0.5571214800707387,9.39581681079941,-4.350790398984226,9.695675146238605,0.0,0.0,0.0,0.15147993274303767,2.0911600702742223,-0.08178270888998054,-56.691781737193764,0.5857677705125501,-0.13333333333333347,-22.04732501104607,0.5589377117866915,-0.4854233937656395,-0.1647430354524606,-0.15487000169195195,-0.19507978723404254,-11.844643904977735,0.03581642317224439,-0.6380590661786637,Software—Application,Technology,PRO
2015Q4,2015,Q4,2016-02-19,2015-12-31,-17731000.0,42012000.0,-15040000.0,-0.6,26599000.0,0.6331286299152623,263722000.0,55414000.0,211041000.0,86354000.0,208308000.0,0.0,-85034000.0,684794880.0,641895880.0,1.864410201197766,2.443905319962017,0.4412639066896201,2.100028873569856,-0.08920653333083874,1.864410201197766,-0.3199732919478832,16.299982862039418,-9.655333596525859,12.357795502941494,0.0,0.0,0.0,0.15930411569759065,2.3552470065080944,-0.06723367788807912,100.85344329896907,0.6331286299152623,0.016393442622950834,-26.14263904538102,0.8615705574574577,-0.16672638964925993,0.0390234375,0.024804751952480476,0.05206101096684734,-12.5181926856473,0.18763050298142914,-0.4218922535846049,Software—Application,Technology,PRO
2015Q3,2015,Q3,2015-11-05,2015-09-30,-18182000.0,40866000.0,-15866000.0,-0.61,25600000.0,0.6264376254098761,271155000.0,67100000.0,216951000.0,84259000.0,204055000.0,0.0,-67303000.0,656428860.0,658824860.0,2.26314546864987,2.57481099941846,0.4235474175287197,1.711579731743666,-0.08686678416240406,2.26314546864987,-0.27096870342771984,16.062958449566878,-9.02580656693433,9.782844411326378,0.0,0.0,0.0,0.15071084803894452,2.467807593254133,-0.06705389906142244,360.4771334431631,0.6264376254098761,-0.150943396226415,-5.6523252157239,1.2924338885965414,0.050645701734752205,-0.013829500365961709,-0.16045442941026294,-0.23298103823437985,-13.403339896802422,0.26374322669540456,-0.26711334707738144,Software—Application,Technology,PRO
2015Q2,2015,Q2,2015-08-06,2015-06-30,-15668000.0,41689000.0,-12868000.0,-0.53,25959000.0,0.6226822423181175,279523000.0,78520000.0,224604000.0,82223000.0,201003000.0,0.0,-49121000.0,624117150.0,602844150.0,2.6558430576695415,2.7316444303905234,0.4055516004049756,1.4437213448802853,-0.06868438048296849,2.6558430576695415,-0.19954151808456444,14.970787258029697,-9.958468694153689,7.948511844116149,0.0,0.0,0.0,0.14914336208469428,2.642095277477105,-0.056052632520400825,244.17728873239437,0.6226822423181175,-0.10416666666666677,-20.968494928264505,1.0577724920744065,0.19568985694245197,-0.09481135365088221,-0.10105411103302882,-0.0976712445619722,-15.580537443585252,0.3720598155266001,-0.09531707757885348,Software—Application,Technology,PRO
2015Q1,2015,Q1,2015-05-07,2015-03-31,-14230000.0,43679000.0,-11723000.0,-0.48,28678000.0,0.6565626502438242,275289000.0,86276000.0,220422000.0,73946000.0,189013000.0,0.0,-33453000.0,725856250.0,708569250.0,2.937055319148936,2.980850891190869,0.40643105972269145,1.2968380546154203,-0.05961953597184185,2.937055319148936,-0.16493578747276183,16.617968589024475,-12.752218025298665,8.413188488107933,0.0,0.0,0.0,0.1586659837479885,2.8720823303491736,-0.05169113186505817,-272.6732719759579,0.6565626502438242,0.2,-27.651060441432897,1.2237185187078585,0.3414817034591672,-0.23830013280212484,0.1849475915000859,-4.0617443868739205,-12.049853355199456,0.49497746186945224,0.03364124873468838,Software—Application,Technology,PRO
2014Q4,2014,Q4,2015-02-27,2014-12-31,-17459000.0,53829000.0,-2316000.0,-0.6,37650000.0,0.699437106392465,300125000.0,98999000.0,240289000.0,88386000.0,201126000.0,0.0,-19223000.0,797895155.28,747324155.28,3.4095864625789285,2.7186319100310006,0.3680066638900458,1.1156476328043718,-0.06544896441339766,3.4095864625789285,-0.1763553167203709,14.822774996377417,-11.425269993699525,8.059628433418519,0.0,0.0,0.0,0.17935526863806747,2.6261398864073495,-0.058172428154935445,-295.4073140614587,0.699437106392465,-3.615384615384615,-14.071408476353254,1.8390272640661223,0.6052384359224292,0.14118574199806014,-3.675682913765399,0.3774193548387097,-8.701775370695241,0.919396208434491,0.25269658209765977,Software—Application,Technology,PRO
2014Q3,2014,Q3,2014-11-06,2014-09-30,-3734000.0,46719000.0,-3720000.0,-0.13,32992000.0,0.7061794987050236,181952000.0,95931000.0,107936000.0,80013000.0,84097000.0,0.0,-1076000.0,730812121.1999999,690399121.1999999,3.3079106515509173,1.348980790621524,0.0,0.0,-0.036397099258857236,3.3079106515509173,-0.03892380982164264,15.642717549605084,-48.929574263524366,7.618101773149451,0.0,0.0,0.0,0.2567655205768554,1.1563620911601864,-0.020521895884628914,73.96883817813764,0.7061794987050236,0.4583333333333333,-5.149628218952713,1.5094828449148663,0.6307693881695545,0.09255886346325794,0.4662664379645512,0.5273789861516961,-2.7946064899076495,0.7209061657152317,0.2713528069699153,Software—Application,Technology,PRO
2014Q2,2014,Q2,2014-08-08,2014-06-30,-6996000.0,44368000.0,-7871000.0,-0.24,30197000.0,0.6806031373963217,181727000.0,95176000.0,105448000.0,77647000.0,84400000.0,0.0,2879000.0,765655680.52,735621680.52,3.28666462487542,1.358043453063222,0.0,0.0,-0.0705521467658605,3.28666462487542,-0.07350592586366311,17.256934739451857,-27.360480293024587,8.044629744053122,0.0,0.0,0.0,0.24414643943937886,1.185892565070125,-0.03849730639915918,-47.11147431208467,0.6806031373963217,0.17241379310344826,-5.044513170836026,1.272460668296719,0.6939817134387485,0.12239815640796907,0.1725606150206978,0.074,-5.498014021654424,0.7282305639469421,0.3295905385071377,Software—Application,Technology,PRO
2014Q1,2014,Q1,2014-05-12,2014-03-31,-8455000.0,40913000.0,-8500000.0,-0.29,26904000.0,0.6575904969080733,186455000.0,96106000.0,107861000.0,79940000.0,87295000.0,0.0,9873000.0,903321810.82,856281810.82,3.352404451798887,1.3492744558418814,0.0,0.0,-0.08321505646074352,3.352404451798887,-0.08797577674650907,22.07909004032948,-26.709692809580133,9.39922388633384,0.0,0.0,0.0,0.21942559866992037,1.2201776332249188,-0.045346062052505964,883.0125227956989,0.6575904969080733,-64.73626373626372,-4.80983454338144,1.0352020846686596,0.8370517506278793,-0.04263041776386022,-61.827338129496404,-13.63001485884101,-10.162854152195797,0.7730326428815993,0.4186350901536972,Software—Application,Technology,PRO
2013Q4,2013,Q4,2014-03-03,2013-12-31,139000.0,38871000.0,673000.0,0.00455,28102000.0,0.722955416634509,179828000.0,111303000.0,137129000.0,65002000.0,68525000.0,0.0,18328000.0,1123417656.8999999,1078729656.8999999,3.9531065518897313,2.1096120119380943,0.0,0.0,0.0015062213363972031,3.9531065518897313,0.0012488432477112028,28.90117714748784,2020.5353541366906,10.093327735101479,0.0,0.0,0.0,0.2161565495918322,1.4038644964770315,0.0007729608292368263,253.1360200315457,0.722955416634509,-0.8483333333333334,-0.9646005134046957,0.7955612237874841,1.3226313465323254,0.0897739170900066,-0.8600201409869084,-0.5175627240143369,-0.791933524258838,0.818199517980766,0.7667889644017835,Software—Application,Technology,PRO
2013Q3,2013,Q3,2013-11-04,2013-09-30,993000.0,36813000.0,1395000.0,0.03,25787000.0,0.7004862412734632,162037000.0,104557000.0,141807000.0,53723000.0,57480000.0,0.0,18189000.0,960613625.27,869839625.27,3.721375312571929,2.6395957038884648,0.0,0.0,0.008963877405676113,3.721375312571929,0.009497212047017416,26.094412986445004,241.84633063192345,9.187463539217843,0.0,0.0,0.0,0.22718885192888044,2.520354410587644,0.006128229972166851,473.2086823990148,0.7004862412734632,0.4999999999999999,-0.6076709361719532,0.7785891725302323,1.3552894205544521,0.04227800008083748,0.7120689655172414,0.7884615384615384,1.3833906138099146,1.1791960780270918,0.7276162893002293,Software—Application,Technology,PRO
2013Q2,2013,Q2,2013-08-01,2013-06-30,580000.0,35527000.0,780000.0,0.02,24741000.0,0.696399921186703,152747000.0,99086000.0,131821000.0,49502000.0,53661000.0,0.0,17197000.0,831513489.73,743286489.73,3.5379622535711954,2.6629429113975194,0.0,0.0,0.00701341133536561,3.5379622535711954,0.005853500999132067,23.405114130942664,358.41098695258626,8.391836280907496,0.0,0.0,0.0,0.23258721938892418,2.54090743808331,0.003797128585176796,176.50466774145616,0.696399921186703,-0.6666666666666666,-0.7577425567719864,0.7867199411432412,1.2824592102581627,0.07229228968924717,-0.6655132641291811,0.1320754716981132,1.858486591931806,0.8511993848406998,0.5928296548337314,Software—Application,Technology,PRO
2013Q1,2013,Q1,2013-05-02,2013-03-31,1734000.0,33626000.0,689000.0,0.06,23073000.0,0.6861654671980015,152396000.0,93256000.0,131403000.0,55381000.0,59140000.0,0.0,16618000.0,752780606.64,670318606.64,3.3596810248453775,2.372709051840884,0.0,0.0,0.021862202646112536,3.3596810248453775,0.018593977867375825,22.386861554749302,108.53238273356402,8.072194889765806,0.0,0.0,0.0,0.22064883592745216,2.2607753561690833,0.011378251397674479,-1558.551980621118,0.6861654671980015,0.1999999999999999,-0.3645798677005631,0.7685610052205182,1.355904366674889,0.0012150141028422652,0.21769662921348315,-0.6952675807164971,2.4368282191360757,0.8116799285369515,0.5345133593176538,Software—Application,Technology,PRO
2012Q4,2012,Q4,2013-02-22,2012-12-31,1424000.0,32723000.0,2261000.0,0.05,23045000.0,0.7042447208385539,146479000.0,88669000.0,127426000.0,54476000.0,57810000.0,0.0,14882000.0,502866650.03999996,419308650.03999996,3.225022001103074,2.3391218151112416,0.0,0.0,0.016363697361964302,3.225022001103074,0.016059727751525334,15.367376158665158,88.28417311095505,5.671279139721887,0.0,0.0,0.0,0.22339721052164474,2.246108378001322,0.00972153004867592,45.611487531972784,0.7042447208385539,0.0,-0.607649249293554,0.750943553377325,1.5044656944296932,0.08477687817736773,0.05014749262536873,0.2477924944812362,0.12590819869315173,0.8226208520525868,0.5183452098030732,Software—Application,Technology,PRO
2012Q3,2012,Q3,2012-11-01,2012-09-30,1356000.0,29913000.0,1812000.0,0.05,21244000.0,0.7101928927222277,141148000.0,84692000.0,124413000.0,53682000.0,56456000.0,0.0,13470000.0,536183558.95000005,463539558.95000005,3.0879883807746507,2.3175924891024926,0.0,0.0,0.01614460474158863,3.0879883807746507,0.016010957351343693,17.924767122990005,98.85390098635693,6.330982370826052,0.0,0.0,0.0,0.2119264885085159,2.2278789910957117,0.00960693739904214,443.12690822314056,0.7101928927222277,0.25000000000000006,-0.6373260693516396,0.70483684861232,1.7808060581065421,0.029562857419792574,0.3628140703517588,-0.08438605356240525,0.5934301636417216,0.6989833923411852,0.522349740622387,Software—Application,Technology,PRO
2012Q2,2012,Q2,2012-08-02,2012-06-30,995000.0,28134000.0,1979000.0,0.04,20634000.0,0.7334186393687353,125762000.0,80365000.0,111612000.0,42271000.0,45397000.0,0.0,12113000.0,460454715.78000003,389292715.78000003,2.9356617571180346,2.6403917579427976,0.0,0.0,0.013244336229466573,2.9356617571180346,0.012381011634417969,16.366485952228622,115.69213964321608,5.7295429077334665,0.0,0.0,0.0,0.22370827435950447,2.547609472214994,0.007911769850988374,926.4682410060362,0.7334186393687353,0.0,-0.40740357053251114,0.4736464696312042,3.3337346469131366,0.08031413612565445,-0.16456759026028547,-0.0799628079962808,-0.39151390483175724,0.5242953701467181,0.5130711225481102,Software—Application,Technology,PRO
2012Q1,2012,Q1,2012-05-08,2012-03-31,1191000.0,27021000.0,2151000.0,0.04,19100000.0,0.706857629251323,118651000.0,77194000.0,107303000.0,38647000.0,41457000.0,0.0,11118000.0,508022395.09999996,437109395.09999996,2.841464891948028,2.7764897663466765,0.0,0.0,0.015421490806776305,2.841464891948028,0.015428660258569319,18.801021246437955,106.63778234676742,6.581112458222142,0.0,0.0,0.0,0.22773512233356652,2.555903433642974,0.010037842074655924,212.29519226911825,0.706857629251323,-0.48765727487034416,-0.6224173211176659,0.4613441028647934,3.029348681999169,0.005898462186644196,-0.43847241867043846,-0.2003717472118959,-0.4336862492971016,0.4184057153431891,0.55706691395777,Software—Application,Technology,PRO
2011Q4,2011,Q4,2012-02-27,2011-12-31,2121000.0,26240000.0,2690000.0,0.07807273927794606,18988000.0,0.7236280487804878,121259000.0,73943000.0,110674000.0,44466000.0,47316000.0,0.0,9927000.0,404244558.24,335787558.24,2.7217975296695736,2.4889578554401117,0.0,0.0,0.028662946051835156,2.7217975296695736,0.02868425679239414,15.405661518292684,47.647873437057996,5.466975349120268,0.0,0.0,0.0,0.2163963087275996,2.301106463365268,0.017491485168111234,193.6037156321839,0.7236280487804878,0.11532484682780071,-0.23399166466201354,0.5637741753248889,4.009005464143091,0.010161195935521625,0.09782608695652174,0.03901120123599845,-0.44017804012912126,0.25621922019937743,0.5991808412810873,Software—Application,Technology,PRO
2011Q3,2011,Q3,2011-11-04,2011-09-30,1932000.0,25208000.0,2589000.0,0.07,18797000.0,0.7456759758806728,112463000.0,70064000.0,102258000.0,41161000.0,42399000.0,0.0,7806000.0,347104433.55,280701433.55,2.6018825249891426,2.4843419741988777,0.0,0.0,0.027564142127969486,2.6018825249891426,0.027574788764558118,13.769614152253254,44.915169972826085,4.954105297299612,0.0,0.0,0.0,0.22414482985515236,2.2867520225456137,0.017178983310066422,188.5412458174905,0.7456759758806728,0.4000000000000001,-0.29606273486372553,0.5155930454881162,0.0,0.08377536900369004,0.34073560027758504,0.24471153846153845,-0.20356423655478179,0.2707356716431593,0.6467531140784346,Software—Application,Technology,PRO
2011Q2,2011,Q2,2011-08-04,2011-06-30,1441000.0,23785000.0,2080000.0,0.05,17344000.0,0.7291990750472988,106240000.0,66320000.0,96734000.0,39046000.0,39920000.0,0.0,5874000.0,469241973.41999996,404845973.41999996,2.471937434637345,2.4774368693336064,0.0,0.0,0.021603350808525556,2.471937434637345,0.02172798552472859,19.728483221357997,81.40908629770992,7.075421794632087,0.0,0.0,0.0,0.22387989457831325,2.285381345080162,0.013563629518072289,225.92295301877706,0.7291990750472988,0.6666666666666669,-0.47302378263539224,0.43531614457030593,0.0,0.15066675512505806,0.6834112149532711,0.6747181964573269,-0.3717027263907477,0.2486857707300233,0.5947305144860855,Software—Application,Technology,PRO
2011Q1,2011,Q1,2011-05-05,2011-03-31,856000.0,21406000.0,1242000.0,0.03,15073000.0,0.7041483696159955,100872000.0,62845000.0,91976000.0,36730000.0,38027000.0,0.0,4433000.0,387475789.31,325976789.31,2.3631196458249755,2.504111080860332,0.0,0.0,0.013426230067172069,2.3631196458249755,0.013620813111623836,18.101270172381575,113.16465809287382,6.165578634895377,0.0,0.0,0.0,0.21220953287334443,2.3070786822760687,0.008486002062019193,74.01638764278893,0.7041483696159955,0.26437795562599054,-0.38026881724060485,0.6390440908809928,0.0,0.04383656509695291,0.35657686212361334,5.153846153846154,-0.6725994841993105,0.17509796622335133,0.6570870423124469,Software—Application,Technology,PRO
2010Q4,2010,Q4,2011-02-28,2010-12-31,631000.0,20193000.0,-299000.0,0.023727082449129754,14440000.0,0.7150992918338038,98128000.0,59503000.0,89490000.0,37164000.0,38625000.0,0.0,3577000.0,302906605.37,247061605.37,2.2374525942481265,2.4079754601226995,0.0,0.0,0.012289719741835698,2.2374525942481265,0.010604507335764584,15.000574722428565,120.01054095483362,5.090610647698436,0.0,0.0,0.0,0.20578224360019567,2.241954579700786,0.006430376650904941,156.1374254484536,0.7150992918338038,1.2636342494347752,-0.6166883955704645,0.20101137259377705,6.685225990616265,0.38819457796577583,1.2623700623700624,0.9210665258711721,-0.820258663426764,0.1170535356069228,0.7375457479950559,Software—Application,Technology,PRO
2010Q3,2010,Q3,2010-11-04,2010-09-30,-2405000.0,15686000.0,-3788000.0,-0.09,10402000.0,0.6631391049343364,86477000.0,56197000.0,80444000.0,29072000.0,30280000.0,0.0,2946000.0,242105650.88,189042650.88,2.154051993848282,2.7670610897083106,0.0,0.0,-0.0430687536748523,2.154051993848282,-0.04279587878356496,15.43450534744358,-25.166907575883574,4.308159703898784,0.0,0.0,0.0,0.18138927113567768,2.499105668684645,-0.027810863004035756,-30.677350593005574,0.6631391049343364,-3.4999999999999996,-2.4892436557157738,-0.048986777854445766,0.0,-0.20132063882063883,-2.8296178343949046,-2.9253886010362695,-1.6762098796535543,-0.0601796497723399,0.9397744082402054,Software—Application,Technology,PRO
2010Q2,2010,Q2,2010-08-05,2010-06-30,-628000.0,17839000.0,-965000.0,-0.02,13024000.0,0.7300857671394136,93905000.0,57824000.0,86816000.0,34603000.0,36081000.0,0.0,5351000.0,169214519.5,108443519.5,2.2211805530080415,2.5089154119585007,0.0,0.0,-0.011066972918294397,2.2211805530080415,-0.01086054233536248,9.485650512921127,-67.36246795382165,2.9263717401079137,0.0,0.0,0.0,0.18996858527234972,2.361876137907118,-0.006687609818433523,-758.809504484305,0.7300857671394136,-2.0,-1.389711304100591,0.08387083779628289,0.0,0.032667300983190616,-2.3333333333333335,-2.259791122715405,-1.3933075277573523,-0.017417566295027966,2.7657504312395234,Software—Application,Technology,PRO
2010Q1,2010,Q1,2010-05-07,2010-03-31,471000.0,17327000.0,766000.0,0.02,12612000.0,0.7278813412593063,91585000.0,56733000.0,84429000.0,32671000.0,34852000.0,0.0,5981000.0,256014946.72000003,194679946.72000003,2.1894113885976947,2.5842184200055094,0.0,0.0,0.008184514239191412,2.1894113885976947,0.008302046428004865,14.775491817394819,135.889037537155,4.5126283947614265,0.0,0.0,0.0,0.18919036960200905,2.4588779039515165,0.005142763552983567,-409.623914752,0.7278813412593063,-0.5652274496644295,-0.7063566577668842,0.0576605195432943,0.0,0.02503250975292588,-0.6048657718120806,-0.5061250805931657,-0.8434496353238229,-0.017557087626290106,2.563657931651815,Software—Application,Technology,PRO
2009Q4,2009,Q4,2010-03-09,2009-12-31,1192000.0,16921000.0,1551000.0,0.04600106419911607,12304000.0,0.7271437858282608,85329000.0,55039000.0,78627000.0,27872000.0,30290000.0,0.0,5508000.0,268193795.39999998,205744795.39999998,2.1240373929992864,2.8210031572904706,0.0,0.0,0.02139527466511008,2.1240373929992864,0.02165737022838351,15.849760380592162,56.24869869966442,4.8727955704137065,0.0,0.0,0.0,0.19830303882619038,2.6723593570608495,0.013969459386609477,41.49037676361386,0.7271437858282608,0.5333688066372024,-0.25685166891321837,0.03287780061130512,6.295666249949912,0.006956379409116949,0.49373433583959897,0.4255514705882353,-0.5486619409433924,0.05722909425939855,2.9089295921542284,Software—Application,Technology,PRO
2009Q3,2009,Q3,2009-11-09,2009-09-30,798000.0,16510000.0,1088000.0,0.03,12219000.0,0.7400969109630527,85905000.0,52168000.0,80609000.0,30911000.0,33737000.0,0.0,4316000.0,216548439.64,160611439.64,2.028435581111722,2.6077771667044094,0.0,0.0,0.014886266716667962,2.028435581111722,0.015296733629811378,13.116198645669291,67.84098986215538,4.150982204416501,0.0,0.0,0.0,0.19218904603922937,2.4582511080197986,0.00928933123799546,100.67337965597396,0.7400969109630527,-0.5,-0.4987348034390982,0.015395888270935675,0.0,-0.015152736358507295,-0.48013029315960915,-0.4749034749034749,-0.6955654054183605,0.03933502553356065,0.0,Software—Application,Technology,PRO
2009Q2,2009,Q2,2009-08-06,2009-06-30,1535000.0,17326000.0,2072000.0,0.06,12407000.0,0.7160914232944707,80559000.0,49859000.0,75327000.0,28184000.0,30700000.0,0.0,3518000.0,208666590.71999997,154920590.71999997,1.9402007700564592,2.672686630712461,0.0,0.0,0.02996255923621004,1.9402007700564592,0.030786818829098058,12.043552506060255,33.98478676221498,4.1851338919753704,0.0,0.0,0.0,0.21507218312044588,2.5339909168322454,0.019054357675740763,121.81353807355515,0.7160914232944707,-0.25000000000000006,-0.03501821298286087,0.0664308826980555,0.0,-0.0606450635978195,-0.228643216080402,-0.21958568738229756,-0.4139352958777853,0.09157322922211303,0.0,Software—Application,Technology,PRO
2009Q1,2009,Q1,2009-05-07,2009-03-31,1990000.0,18026000.0,2655000.0,0.08,13208000.0,0.7327194053034506,77566000.0,46911000.0,72605000.0,27559000.0,30655000.0,0.0,1984000.0,119534322.9,67514322.9,1.8248829684047174,2.6345295547733953,0.0,0.0,0.0410299097943053,1.8248829684047174,0.04242075419411225,6.631217291689782,15.016874736180906,2.548108607789218,0.0,0.0,0.0,0.2323956372637496,2.5272324830363946,0.02565557073975711,4980.596787500001,0.7327194053034506,-0.4263585829846583,0.25060750738866105,0.10915179963335232,0.0,-0.09719753930280246,-0.44490934449093444,-0.30223390275952694,0.4904863653611966,0.42790669199187575,0.0,Software—Application,Technology,PRO
2008Q4,2008,Q4,2009-02-26,2008-12-31,3585000.0,19765000.0,3805000.0,0.1394599441864576,14630000.0,0.7401973184922843,76594000.0,43752000.0,71396000.0,29655000.0,32842000.0,0.0,-8000.0,147811259.5,95832259.5,1.7019948334856048,2.4075535322879786,0.0,0.0,0.07929255307869547,1.7019948334856048,0.08193911135490949,7.478434581330635,10.307619211994421,3.378388633662461,0.0,0.0,0.0,0.2580489333368149,2.2983645253751477,0.0468052327858579,23.059478861154446,0.7401973184922843,0.5495549354050845,1.2529788512504272,0.21615362918857262,4.846029973472421,0.014422410206628761,0.519711742263671,0.12142646625405246,1.2529788512504272,0.21615362918857262,4.846029973472421,Software—Application,Technology,PRO
2008Q3,2008,Q3,2008-11-06,2008-09-30,2359000.0,19291000.0,3393000.0,0.09,14422000.0,0.7476025089419936,78314000.0,41375000.0,73333000.0,34946000.0,36939000.0,0.0,-11638000.0,245892004.98000002,197840004.98000002,1.5800076543017336,2.098466205002003,0.0,0.0,0.05294259818731118,1.5800076543017336,0.05701510574018127,12.74646233891452,26.058923800339127,5.943009183806647,0.0,0.0,0.0,0.24632888117067192,1.9976535225776912,0.030122328063947698,122.45617777888447,0.7476025089419936,0.12499999999999993,0.4553141531406847,0.16521809300302148,0.0,0.03331661531847818,0.052655064703257475,0.058658346333853355,0.4553141531406847,0.16521809300302148,0.0,Software—Application,Technology,PRO
2008Q2,2008,Q2,2008-08-07,2008-06-30,2241000.0,18612000.0,3205000.0,0.08,13957000.0,0.7498925424457339,73706000.0,40635000.0,68612000.0,31330000.0,33071000.0,0.0,-5951000.0,294394607.22,245578607.22000003,1.5500659278686633,2.1899776571975744,0.0,0.0,0.05040038574962084,1.5500659278686633,0.05514950166112957,15.817462240490007,32.84187943105756,7.244853136950905,0.0,0.0,0.0,0.2525167557593683,2.0961378870092564,0.030404580359807885,91.05926607485308,0.7498925424457339,-0.20000000000000004,0.38101816330871247,0.12298574721867675,0.0,0.04727245441584753,-0.1286936236391913,-0.09206798866855524,0.38101816330871247,0.12298574721867675,0.0,Software—Application,Technology,PRO
2008Q1,2008,Q1,2008-05-08,2008-03-31,2572000.0,17920000.0,3530000.0,0.1,13327000.0,0.7436941964285714,74821000.0,37308000.0,68560000.0,29281000.0,37513000.0,0.0,-8193000.0,328326021.8,282843021.8,1.4260685078601953,2.3414500870871895,0.0,0.0,0.06157816821044124,1.4260685078601953,0.0689396376112362,18.321764609375002,31.91349356531882,8.800418725206391,0.0,0.0,0.0,0.23950495181833978,2.2296369659506166,0.034375375897141174,340.5871595435685,0.7436941964285714,-0.24246338774016293,0.5882432325462207,0.08344712385176137,0.0,0.026685502972665528,-0.2552457110029049,-0.06500146871582323,0.5882432325462207,0.08344712385176137,0.0,Software—Application,Technology,PRO
2007Q4,2007,Q4,2008-02-22,2007-12-31,3453488.0,17782934.0,3775407.0,0.13200682103230113,12980606.0,0.7299473753881108,68980123.0,33688306.0,63324051.0,29406395.0,35291817.0,0.0,-10764958.0,513287374.32000005,468909511.32000005,1.2877085952009668,2.153410882224768,0.0,0.0,0.09004706784266202,1.2877085952009668,0.10251296102570429,28.864043150584717,37.157170831345006,15.236366421036427,0.0,0.0,0.0,0.25779794564877767,2.015685329670638,0.05006497306477693,158.24141899769955,0.7299473753881108,0.015437084863854814,1.1325734621615795,0.07516008347911264,3.4230351917261483,0.10113345284060506,-0.01358478558854789,0.32286890398373624,1.1325734621615795,0.07516008347911264,3.4230351917261483,Software—Application,Technology,PRO
2007Q3,2007,Q3,2007-11-02,2007-09-30,3501049.0,16429789.0,2853954.0,0.13,11788404.0,0.7175018498411635,64417751.0,28518490.0,58783446.0,30635175.0,35899261.0,0.0,-14218446.0,315626495.29999995,275614891.29999995,1.110465209097419,1.9188219424240274,0.0,0.0,0.11881962811259153,1.110465209097419,0.12276417860833445,19.210623782204383,22.537994705301184,11.06743362990116,0.0,0.0,0.0,0.25505064590038234,1.793126854995932,0.05434913429374459,67.7269526781551,0.7175018498411635,1.1666666666666667,1.2023393927322754,0.011909586672796344,0.0,0.16811280245608407,1.7616764190369212,0.43351166291539983,1.2023393927322754,0.011909586672796344,0.0,Software—Application,Technology,PRO
2007Q2,2007,Q2,2007-06-30,2007-06-30,1267726.0,14414498.0,1990883.0,0.06,10091837.0,0.7001171320707804,29539811.0,-26000208.0,22706660.0,30983713.0,55540019.0,0.0,17719495.0,270765655.4,286547190.4,-1.257924400703,0.732857937329848,0.6685892472365513,-0.7596093077409227,-0.25055478378530677,-1.257924400703,-0.04875830224127438,18.784258418156497,53.395934018865276,-10.41398035738791,0.0,0.0,0.0,0.4879685249171026,0.6512756234218926,0.042915846685681235,-175.99258982415407,0.7001171320707804,-0.4545454545454546,-0.0091435413841862,0.10308387430598366,0.0,0.08814071357392285,-0.4475698933727613,-0.16535215530812306,-0.0091435413841862,0.10308387430598366,0.0,Software—Application,Technology,PRO
2007Q1,2007,Q1,2007-03-31,2007-03-31,2294817.0,13452323.0,2385297.0,0.11,9274386.0,0.6894263540951254,25701568.0,-27674210.0,20608857.0,29949928.0,53375778.0,0.0,-18987221.0,253976035.2,268407050.2,-1.4001856443658665,0.6881104021351905,0.7703810133296147,-0.7154675779362808,-0.23960183568065663,-1.4001856443658665,-0.08292258387863646,18.87971580819164,27.668441012943518,-9.177354482747656,18.009407286071177,0.0,0.16272517195354658,0.5234047588069335,0.5912582828245865,0.08928704272050639,128.25466062836574,0.6894263540951254,0.07926169449751184,0.8757116461562654,0.07656180956901494,0.0,0.0,0.14586501981830474,1.088142835546724,0.8757116461562654,0.07656180956901494,0.0,Software—Application,Technology,PRO
