Quarters,Year,Quarter,FillingDate,Date,NetIncome,Revenue,OperatingIncome,EPSDiluted,GrossProfit,GrossProfitRatio,TotalAssets,CommonStockEquity,CurrentAssets,CurrentLiability,TotalLiability,Inventory,RetainedEarnings,MarketCap,EnterpriseValue,bookValuePerShare,currentRatio,debtToAssets,debtToEquity,roic,shareholdersEquityPerShare,roe,priceToSalesRatio,peRatio,pbRatio,payoutRatio,inventoryTurnover,dividendYield,assetTurnover,quickRatio,returnOnAssets,priceToFreeCashFlowsRatio,grossProfitMargin,epsdilutedGrowth,fiveYNetIncomeGrowthPerShare,fiveYRevenueGrowthPerShare,fiveYShareholdersEquityGrowthPerShare,grossProfitGrowth,netIncomeGrowth,operatingIncomeGrowth,threeYNetIncomeGrowthPerShare,threeYRevenueGrowthPerShare,threeYShareholdersEquityGrowthPerShare,Industry,Sector,Symbol
2023Q1,2023,Q1,2023-05-09,2023-03-31,103610000.0,717447000.0,173304000.0,2.54,390718000.0,0.5445949318,5463238000.0,921796000.0,1706735000.0,981677000.0,4244277000.0,0.0,2209251000.0,766980239.9999999,2961050240.0,21.128541303749884,1.7385912066799976,0.541437513796763,3.20895512673086,0.03228106460449734,21.128541303749884,0.11240014059509913,1.0690409744552558,1.850642409033877,0.8320498678666429,0.0,0.0,0.0,0.13132266981595897,1.4939873298447452,0.018964943500539424,-5.325622947290944,0.5445949317510562,1.3937984496124032,-0.07702210928584846,0.3533336718205908,4.582566730513985,0.10972319262907358,1.3708064620031637,0.685115320290926,0.918674321789949,0.24228031481636822,0.9104423548086413,Entertainment,Communication Services,AMCX
2022Q4,2022,Q4,2023-02-17,2022-12-31,-279418000.0,964520000.0,102844000.0,-6.45,352086000.0,0.3650375316,5633836000.0,806988000.0,1949869000.0,1170233000.0,4526354000.0,0.0,2105641000.0,678949760.0,2722610760.0,18.62509231905465,1.6662228804007406,0.5278220736279863,3.6848912251483292,0.017213223643701547,18.62509231905465,-0.3462480235146,0.7039250196989176,-0.607467808086809,0.8413381115952159,0.0,0.0,0.0,0.17120129162439232,1.4118444788345568,-0.04959640287718705,5.048666800514571,0.3650375316219467,-4.324742268041238,-3.738057272076626,0.8917659182629893,7.526379113572445,-0.09345905083628574,-4.300238584555784,-0.31745389143664926,-40.96034051663194,0.5821540540279924,0.5611898312650601,Entertainment,Communication Services,AMCX
2022Q3,2022,Q3,2022-11-04,2022-09-30,84666000.0,681843000.0,150677000.0,1.94,388384000.0,0.5696091329,5813498000.0,1002430000.0,1915038000.0,1083142000.0,4491521000.0,414640000.0,2370330000.0,877731400.0,3070293400.0,23.184004810583282,1.7680396476177638,0.5132008302058416,2.9762596889558375,0.02758194010343442,23.184004810583282,0.0844607603523438,1.287292529218603,2.591746982259703,0.8756036830501881,0.0,0.7077440671425815,0.0,0.1172861846688517,1.372925248951661,0.014563692977962665,117.64259482643077,0.5696091328942293,0.015706806282722526,0.433302052784477,0.5497151645857858,26.153678817655365,-0.057898911590697946,0.014826978628534443,-0.01648792778209304,-0.06471634713077402,0.22555621831084657,1.0613081440235441,Entertainment,Communication Services,AMCX
2022Q2,2022,Q2,2022-08-05,2022-06-30,83429000.0,738025000.0,153203000.0,1.91,412253000.0,0.5585894787,5793639000.0,964668000.0,2005469000.0,1066375000.0,4509467000.0,429899000.0,2285664000.0,1257751040.0,3435454040.0,22.33441378032969,1.880641425389755,0.5169543701290329,3.1047438082324694,0.027134483639369378,22.33441378032969,0.08648467659339794,1.704211971139189,3.7689263925014083,1.303817520639225,0.0,0.7577872942249226,0.0,0.12738539629410808,1.4645654671199155,0.014400103285689702,40.96508614793343,0.5585894786761966,-0.24505928853754938,0.24678117914257527,0.5925445138334299,48.83907464327774,-0.03661198354832679,-0.245218665749905,-0.12293547519135319,-0.1509567911497569,0.25205088755405936,1.3327017751815313,Entertainment,Communication Services,AMCX
2022Q1,2022,Q1,2022-05-05,2022-03-31,110534000.0,712157000.0,174677000.0,2.53,427920000.0,0.6008787388,5749734000.0,925351000.0,1967402000.0,1041740000.0,4485000000.0,357399000.0,2202235000.0,1738151400.0,3928614400.0,21.630458158017767,1.8885729644633018,0.5238657997048212,3.2550772625738773,0.030815138443636484,21.630458158017767,0.11945088944627498,2.440685691497802,3.931259612426946,1.8783698293944675,0.0,0.7952932157056959,0.0,0.12385912113499511,1.5309952579338415,0.019224193675742216,-49.54397856511701,0.6008787388174237,3.599999999999999,0.29021005634030095,0.5722626985524086,45.7793387990706,0.15872332474959586,3.6000249698281244,1.7451125220015087,0.0196224415572635,0.20121526993756034,1.687859562673553,Entertainment,Communication Services,AMCX
2021Q4,2021,Q4,2022-02-16,2021-12-31,24029000.0,803709000.0,63632000.0,0.55,369303000.0,0.4594984005,5748946000.0,851088000.0,2000186000.0,1058085000.0,4846274000.0,0.0,2098047000.0,1464319920.0,3599003920.0,20.017122160026343,1.8903830977662475,0.5265147733167088,3.5565123700486905,0.009297486557168621,20.017122160026343,0.028233273175041828,1.8219528710018178,15.23492363394232,1.7205270430319777,0.0,0.0,0.0,0.13980110441113902,1.6139204317233493,0.004179722683079646,16.853153175964184,0.4594984005404941,-0.7843137254901961,1.736725838882527,0.818442798215695,47.703734892818595,-0.14612417977257908,-0.7828397393606926,-0.6621178169769443,-0.5539994976073375,0.3874187042840813,2.5855477280772208,Entertainment,Communication Services,AMCX
2021Q3,2021,Q3,2021-11-05,2021-09-30,110651000.0,810766000.0,188326000.0,2.55,432502000.0,0.5334486152601368,5495465000.0,837028000.0,1868699000.0,835797000.0,4606866000.0,0.0,2081008000.0,1980354540.0000002,4144830540.0,19.691996424034254,2.2358287957482497,0.5523541683915738,3.626453356399069,0.03443299082310043,19.691996424034254,0.13219509980550231,2.442572258826838,4.474325898545879,2.3659358348824653,0.0,0.0,0.0,0.14753364819901502,1.9652056659691288,0.020134965830916948,-20.145413059621784,0.5334486152601368,2.072289156626506,1.8465734976546713,1.1491280919262938,11.800818060520879,-0.00011328143964526727,2.083488922948307,1.7591127519924987,0.3307582577426425,0.5567246955797746,3.2583906702392653,Entertainment,Communication Services,AMCX
2021Q2,2021,Q2,2021-08-06,2021-06-30,35885000.0,771392000.0,68256000.0,0.83,432551000.0,0.560740842528831,5479509000.0,733669000.0,2028162000.0,975366000.0,4695967000.0,0.0,1970357000.0,2837730800.0,4880268800.0,17.270520938772627,2.0793855844882843,0.5517399460426108,4.120746549193165,0.013667293909012562,17.270520938772627,0.04891170268881471,3.6787143242346305,19.769616831545214,3.8678624829453065,0.0,0.0,0.0,0.14077757696903134,1.833388697165987,0.006548944440094906,213.49163406560336,0.560740842528831,-0.5891089108910891,-0.20393377715147984,0.9284304036835173,13.73825423708999,0.05200294769304106,-0.5876282736350996,-0.597803285643576,-0.5405020751948153,0.37748928380559305,5.0127592594387504,Entertainment,Communication Services,AMCX
2021Q1,2021,Q1,2021-05-07,2021-03-31,87021000.0,691741000.0,169708000.0,2.02,411169000.0,0.5943973250103723,5245682000.0,673452000.0,1956218000.0,761821000.0,4524121000.0,0.0,1934472000.0,2228998800.0,4256969800.0,16.06134032911996,2.5678184245380478,0.5759201568070653,4.4859826684010145,0.03432488621239974,16.06134032911996,0.12921633613086012,3.222302567001233,6.403623263350226,3.3098109442098322,0.0,0.0,0.0,0.1318686493005104,2.323624578477096,0.016589072688737137,22.509227879546785,0.5943973250103723,-0.07762557077625568,0.3277877458550673,0.694606661872195,12.5699853295213,0.2126625435391063,-0.08119437024210494,1.08499293568401,-0.19340758078479306,0.35768500986787266,3.2437148348189186,Entertainment,Communication Services,AMCX
2020Q4,2020,Q4,2021-02-26,2020-12-31,94711000.0,780275000.0,81395000.0,2.19,339063000.0,0.4345429496011022,5246338000.0,616805000.0,1938766000.0,878467000.0,4603237000.0,0.0,1847451000.0,1499836100.0000002,3493052100.0,14.710350584307179,2.2069878549791855,0.5492863784224349,4.672047081330405,0.01448895099975828,14.710350584307179,0.15355096019001144,1.9221890999967963,3.958980741413353,2.4316211768711344,0.0,0.0,0.0,0.14872755053143735,1.9375946962151112,0.018052782721967208,16.119643394523024,0.4345429496011022,0.8717948717948719,0.8182583901442645,0.9876359541580411,28.16042248703751,0.05891336325222752,0.5365184944841013,-0.4164270811675043,-0.040969651431817015,0.5814214755043982,5.734249894001661,Entertainment,Communication Services,AMCX
2020Q3,2020,Q3,2020-11-02,2020-09-30,61640000.0,654015000.0,139477000.0,1.17,320199000.0,0.4895896883099011,5386427000.0,747603000.0,2032981000.0,835127000.0,4614081000.0,0.0,1752740000.0,1293469660.0,3122219660.0,14.281950865395636,2.4343375318963463,0.5385035386166006,3.8798800967893388,0.0202778273351628,14.281950865395636,0.08245017743374491,1.9777369937998364,5.24606448734588,1.7301557912421432,0.0,0.0,0.0,0.121419077989918,2.203695964805353,0.01144357846119515,6.268116225764088,0.4895896883099011,3.178571428571428,0.17322884309689976,0.4329457144180934,9.710478672199901,-0.11981978514959261,3.120045451507252,1.858018114011721,-0.13806720127668715,0.22782734682650432,15.727373456697078,Entertainment,Communication Services,AMCX
2020Q2,2020,Q2,2020-08-05,2020-06-30,14961000.0,646291000.0,48802000.0,0.28,363788000.0,0.5628857588918924,5305956000.0,651916000.0,1893758000.0,794445000.0,4630811000.0,0.0,1691100000.0,1223554290.0,3255736290.0,12.462311942038959,2.3837496617135234,0.5507148947333902,4.482278391694636,0.008169140409321554,12.462311942038959,0.022949275673553034,1.893194072020189,20.445730399037497,1.8768588130986201,0.0,0.0,0.0,0.12180481707726186,2.1231438299693495,0.0028196615275362254,5.632062389527176,0.5628857588918924,-0.7704918032786885,-0.7503895145569227,0.48895410020547014,5.686271739151337,-0.06796305548082959,-0.7821224168814714,-0.7178585881944846,-0.8153947215129118,0.15148664989030622,26.809554404070088,Entertainment,Communication Services,AMCX
2020Q1,2020,Q1,2020-05-05,2020-03-31,68667000.0,734375000.0,172970000.0,1.22,390315000.0,0.5314927659574468,5316422000.0,613548000.0,1742401000.0,804765000.0,4679026000.0,0.0,1676139000.0,1348645870.0,3573468870.0,11.059502136020333,2.1651053413108174,0.5509254156272771,4.77379438935503,0.03127747841307946,11.059502136020333,0.11191789395450723,1.836453950638298,4.910094623327072,2.198109797440461,0.0,0.0,0.0,0.1381333159783027,1.9013637521512492,0.012916017577235216,7.270641698833373,0.5314927659574468,9.133333333333333,-0.26088799820968683,0.4294157738390654,3.5351348619149463,0.0872829278348218,9.005946135012241,3.146072532898679,-0.38192607489034913,0.25024480845655467,22.91794910632402,Entertainment,Communication Services,AMCX
2019Q4,2019,Q4,2020-02-27,2019-12-31,-8577000.0,785204000.0,41719000.0,-0.15,358982000.0,0.457183101461531,5596686000.0,665781000.0,2330297000.0,804342000.0,4905181000.0,0.0,1609428000.0,2204376500.0,4518394500.0,11.93006253695773,2.897146984740322,0.5592931245383429,4.701527979921326,0.00014364678619600157,11.93006253695773,-0.012882614553434238,2.807393365291058,-64.25255042555672,3.310963364830177,0.0,0.0,0.0,0.1402980263677469,2.0803501495632455,-0.0015325140627864419,36.230568841115655,0.457183101461531,-1.072463768115942,-1.1427757355379944,0.664613281805833,3.3138714989771842,-0.01271434661239532,-1.0733559693131378,-0.7523183604649782,-1.7442436810147268,0.3535286928809374,28.83509405230544,Entertainment,Communication Services,AMCX
2019Q3,2019,Q3,2019-10-31,2019-09-30,116923000.0,718597000.0,168438000.0,2.07,363605000.0,0.5059929278858665,5618209000.0,628124000.0,2224910000.0,820412000.0,4963410000.0,0.0,1618005000.0,2745438520.0,5109968520.0,11.247229036474653,2.7119422924091796,0.5585260356102808,4.995695117524566,0.039181093397569235,11.247229036474653,0.1861463660041648,3.8205538291977286,5.870184908016387,4.370854353598971,0.0,0.0,0.0,0.1279049960583524,1.926918426351638,0.020811436527192206,29.897944177638387,0.5059929278858665,-0.08000000000000007,1.8385711216969325,0.7850190409053669,2.9391403104558878,-0.05966493912215912,-0.09181081689878284,-0.010683848534862003,1.289377433788989,0.44978152838418756,6.311281674071317,Entertainment,Communication Services,AMCX
2019Q2,2019,Q2,2019-07-31,2019-06-30,128743000.0,772299000.0,170257000.0,2.25,386676000.0,0.5006817307804361,5561734000.0,541820000.0,2144579000.0,808533000.0,4993221000.0,0.0,1501082000.0,3101132000.0,5537154000.0,9.574483124226894,2.652432244571341,0.5649971753413594,5.799645638773025,0.04367889576247898,9.574483124226894,0.2376121221069728,4.015455154027132,6.02194294058706,5.723546565279983,0.0,0.0,0.0,0.13885939169331005,1.9104093463099219,0.02314799664996564,34.51838824577026,0.5006817307804361,-0.09274193548387095,1.7942848828247413,0.8831707392561366,2.6094528817894527,-0.12925127175036535,-0.10219181712309183,-0.30468466040193903,1.143951265225753,0.4493368999662938,7.170637525865625,Entertainment,Communication Services,AMCX
2019Q1,2019,Q1,2019-05-01,2019-03-31,143397000.0,784221000.0,244863000.0,2.48,444073000.0,0.5662600210909935,5521914000.0,455390000.0,2105220000.0,791983000.0,5037377000.0,0.0,1372339000.0,3244190040.0,5702774040.0,8.04746589382908,2.658163117137615,0.5690537737458424,6.90016469399855,0.04852176408470737,8.04746589382908,0.31488833746898265,4.136831377889651,5.655958702064897,7.12398172994576,0.0,0.0,0.0,0.14201977792482823,1.9108819254958755,0.025968713022332474,21.680834837002287,0.5662600210909935,1.0,1.5485401555675875,0.8962566679476824,2.1518342473773595,0.1986778920773398,0.9949776708078855,0.7857049094250459,0.6212320089201152,0.4235226354544918,5.799183124280836,Entertainment,Communication Services,AMCX
2018Q4,2018,Q4,2019-03-01,2018-12-31,71879000.0,772846000.0,137124000.0,1.24,370469000.0,0.47935681882289616,5278563000.0,316680000.0,1963411000.0,797421000.0,4933355000.0,0.0,1228942000.0,3113068000.0,5672827000.0,5.582723666813575,2.4622012713485097,0.5900554753253868,9.835306934444866,0.030418160546391994,5.582723666813575,0.2269767588733106,4.028057336131648,10.827460037006636,9.830327144120247,0.0,0.0,0.0,0.14641219589498128,1.744201619972386,0.013617153001678676,29.449970200648963,0.47935681882289616,-0.35751295336787564,1.5707223290612782,1.246755811646888,1.701114033278936,0.05704225954912876,-0.3539372803508993,-0.1669208196890625,0.020017358183590635,0.4552327938776953,11.307649199115351,Entertainment,Communication Services,AMCX
2018Q3,2018,Q3,2018-11-01,2018-09-30,111257000.0,696875000.0,164599000.0,1.93,350477000.0,0.5029266367713005,5161957000.0,263006000.0,1931490000.0,769870000.0,4870318000.0,0.0,1157063000.0,3754318750.0000005,6299253750.0,4.6242813186813185,2.5088521438684452,0.6024172615153517,11.823502125426796,0.03522904799094338,4.6242813186813185,0.42302076758705126,5.387363228699552,8.436140534977575,14.274650578313805,0.0,0.0,0.0,0.1350020931983742,1.7440178211905906,0.02155325974238065,22.102039584841904,0.5029266367713005,0.06043956043956037,1.4119249008292387,1.2207112591552856,1.5408449947903928,-0.08866647944749542,0.04780516288224824,-0.1406143130876986,0.9489896714471457,0.40526750779611986,3.8203222501081076,Entertainment,Communication Services,AMCX
2018Q2,2018,Q2,2018-08-02,2018-06-30,106181000.0,761385000.0,191531000.0,1.82,384576000.0,0.5051005732973463,5073367000.0,165899000.0,1808157000.0,735393000.0,4877947000.0,0.0,1045806000.0,3592547600.0,6284109600.0,2.872312060666921,2.458762865569838,0.6125490231635126,18.732397422528166,0.04479207134201511,2.872312060666921,0.6400339965882856,4.71843758413943,8.458546255921492,21.65502866201725,0.0,0.0,0.0,0.15007489109303546,1.6791756244620224,0.020929098959330164,26.387657277167726,0.5051005732973463,-0.28346456692913385,-0.030663654971434227,1.4871559610065024,1.3022659466914435,-0.08534027179884793,-0.323127430356346,-0.18028289572232564,0.6044636744597035,0.5886871920678435,2.0800913103868806,Entertainment,Communication Services,AMCX
2018Q1,2018,Q1,2018-05-10,2018-03-31,156870000.0,740823000.0,233655000.0,2.54,420458000.0,0.5675552729869348,5113367000.0,230744000.0,1889454000.0,715666000.0,4852256000.0,0.0,936379000.0,3151993900.0,5728702900.0,3.784736004723867,2.640133805434379,0.6074097556463285,13.460410671566757,0.05124590187958055,3.784736004723867,0.679844329646708,4.254719278424131,5.023257952444699,13.660133741289048,0.0,0.0,0.0,0.14487968495122686,1.8478941293843776,0.030678416002606502,30.010415119489668,0.5675552729869348,0.09012875536480684,1.9818001891183812,1.267927802304285,1.3269380870337337,0.22920089575452116,0.07814432989690721,0.4463861239043233,0.5364563258005867,0.31211918723594945,1.867563120899471,Entertainment,Communication Services,AMCX
2017Q4,2017,Q4,2018-03-01,2017-12-31,145500000.0,726934000.0,161544000.0,2.33,342058000.0,0.4705489081539727,5032985000.0,134944000.0,1879850000.0,744102000.0,4869040000.0,0.0,766725000.0,3340846080.0,5886167080.0,2.1844081844081846,2.5263337553184915,0.6167520864854554,23.00290490870287,0.05829044766192653,2.1844081844081846,1.0782250414986958,4.595803855645767,5.740285360824742,24.75727768555845,0.0,0.0,0.0,0.14443396910580897,1.7936707601914792,0.028909285443926416,35.57838659865177,0.4705489081539727,0.7259259259259259,10.05313463370866,1.2875926409796317,1.176490175651508,0.05158017707820954,0.6723753476931564,0.05340584529911186,1.188017957762853,0.3921778729453839,1.423672535192219,Entertainment,Communication Services,AMCX
2017Q3,2017,Q3,2017-11-02,2017-09-30,87002000.0,648023000.0,153354000.0,1.35,325280000.0,0.5019574922495035,4890764000.0,54373000.0,1817104000.0,706168000.0,4807502000.0,452709000.0,621225000.0,3723545010.0,6273323010.0,0.8538071384827977,2.573189382696469,0.6342704330039233,57.05160649587111,0.033359785927198723,0.8538071384827977,1.600095635701543,5.746007487388565,10.699596015034137,68.48150754970297,0.0,0.7129149188551586,0.0,0.13249933957148619,1.7912777129521587,0.01778904073065067,43.4293429984371,0.5019574922495035,-0.12337662337662333,1.6283398520428125,1.1606362138135522,1.0657602663966295,-0.13420282140005324,-0.15201076044367337,-0.12762955799533535,0.8522747263720071,0.41164081979513795,1.1472053102339894,Entertainment,Communication Services,AMCX
2017Q2,2017,Q2,2017-08-03,2017-06-30,102598000.0,710545000.0,175790000.0,1.54,375700000.0,0.5287490588210458,4478168000.0,29677000.0,1478749000.0,954434000.0,4420507000.0,450090000.0,534223000.0,3537023840.0,6064611840.0,0.4481305870983329,1.5493465236988624,0.6067362814436618,91.55463827206253,0.040562888309351036,0.4481305870983329,3.4571553728476596,4.977902652189517,8.618647147117876,119.1840091653469,0.0,0.7439512097580484,0.0,0.1586686787990089,0.9792337657711272,0.022910708128859838,2568.644763979666,0.5287490588210458,-0.2222222222222222,1.6304526335765657,1.308510165849072,1.0329299386084794,-0.10882235036541367,-0.2468047306870655,-0.24120843782778165,0.9028748934009541,0.4805398373612392,1.075329921779109,Entertainment,Communication Services,AMCX
2017Q1,2017,Q1,2017-05-04,2017-03-31,136217000.0,720189000.0,231671000.0,1.98,421577000.0,0.5853699514988426,4470054000.0,31452000.0,1653987000.0,965611000.0,4410738000.0,461005000.0,431626000.0,3991413600.0,6358258600.0,0.4623934137018524,1.7128916302734745,0.6197896043314018,88.08638560345923,0.05392697741499984,0.4623934137018524,4.3309487472974695,5.5421751790155085,7.325468920912955,126.90492178557803,0.0,0.6477413477077255,0.0,0.16111416103698076,1.1610141143793928,0.030473233656685132,32.017371494577425,0.5853699514988426,8.9,2.2404024137343397,1.2676234418414982,1.0321517292597475,0.15516688633206283,8.398164757830827,1.2334470923954959,1.0140509082663423,0.44874801606428066,1.06618239538883,Entertainment,Communication Services,AMCX
2016Q4,2016,Q4,2017-02-24,2016-12-31,14494000.0,729597000.0,103728000.0,0.2,364949000.0,0.5002062782604644,4480595000.0,-30082000.0,1696343000.0,954178000.0,4482239000.0,441130000.0,295409000.0,3673587580.0000005,6016045580.0,-0.42859788849786995,1.777805608597138,0.6302392874160686,-93.87165082108902,0.010753457440501935,-0.42859788849786995,-0.4818163685925138,5.035091399772752,63.36393645646475,-122.11912705272258,0.0,0.8266225375739578,0.0,0.16283484671120688,1.2393410873023691,0.00323483823019041,69.28944094458487,0.5002062782604644,-0.7802197802197801,-0.5105249925747438,1.1427729191006004,0.9711217864432956,0.23357343491737284,-0.7783554814735523,-0.11447279681057224,-0.581052864710216,0.7142090144911494,0.9461739444411567,Entertainment,Communication Services,AMCX
2016Q3,2016,Q3,2016-11-03,2016-09-30,65393000.0,634646000.0,117137000.0,0.91,295847000.0,0.46616066279469187,4622065000.0,110002000.0,1849338000.0,927859000.0,4482544000.0,380439000.0,280915000.0,3708353020.0,5884086020.0,1.5383389038835358,1.9931239552561326,0.6184458678101671,25.98586389338376,0.02962373749115117,1.5383389038835358,0.5944710096180069,5.843183475512333,14.177178826479897,33.71168724205015,0.0,0.8905474990734389,0.0,0.13730789160256293,1.433818069340277,0.014148005274698647,20.98564883509046,0.46616066279469187,-0.13333333333333333,0.583882989021114,1.1658537814157612,1.1000305703504252,-0.2201007012179048,-0.15266601878846778,-0.3420452502920823,0.12756230656897422,0.6085760880732332,1.1799204760955173,Entertainment,Communication Services,AMCX
2016Q2,2016,Q2,2016-08-04,2016-06-30,77175000.0,684832000.0,178032000.0,1.05,379340000.0,0.5539168730433157,4665403000.0,85225000.0,1878055000.0,943951000.0,4549341000.0,390162000.0,215519000.0,4394286180.0,6688803180.0,1.1718159193719149,1.9895683144570004,0.6297391672273542,34.47330008800235,0.03943980264349552,1.1718159193719149,0.9055441478439425,6.416590024998832,14.2348110787172,51.56099947198592,0.0,0.7829875795182514,0.0,0.1467894627752415,1.4517904001372952,0.016541979331689032,87.22109882693873,0.5539168730433157,-0.3225806451612903,1.702591950662678,1.2305240011993726,1.0737141902883582,-0.12251766692497196,-0.31970840238355486,-0.31210515944313716,-0.44048871036747506,0.7765902657910586,1.1233153086210328,Entertainment,Communication Services,AMCX
2016Q1,2016,Q1,2016-05-05,2016-03-31,113444000.0,706579000.0,258807000.0,1.55,432305000.0,0.6118282598265729,4678229000.0,85904000.0,1925962000.0,833684000.0,4560463000.0,0.0,138343000.0,4713280260.0,6982890260.0,1.183593050331363,2.3101822752985544,0.635370778129929,34.601531942633635,0.05607518585613206,1.183593050331363,1.3205904265226298,6.670563744464525,10.386799345932795,54.86683111380145,0.0,0.0,0.0,0.151035573504418,1.6684079339413975,0.024249347349178503,30.408848300289684,0.6118282598265729,0.2601626016260163,2.7400022717445047,1.5451961704647534,0.03775914035565075,0.21156282229496434,0.2592436368480059,0.6140734919922167,0.811356849515526,0.8170184562176233,1.102242705229315,Entertainment,Communication Services,AMCX
2015Q4,2015,Q4,2016-02-25,2015-12-31,90089000.0,678950000.0,160344000.0,1.23,356816000.0,0.5255409087561677,4264915000.0,-39277000.0,1537338000.0,830921000.0,4273553000.0,0.0,24880000.0,5415718920.000001,7770766920.000001,-0.5416097850218563,1.8501614473578114,0.6263592592114966,-68.01357028286274,0.0400639239826684,-0.5416097850218563,-2.293683326119612,7.976609352676929,15.028801851502404,-137.88524887338647,0.0,0.0,0.0,0.159194262957175,1.197459204906363,0.021123281472198156,109.28703299364345,0.5255409087561677,0.24242424242424243,3.5910020106405858,1.237936013817122,-2.556224031193237,0.05234037909687999,0.23799642709907928,0.0067559082803827514,4.82991483388432,0.8200758152331981,0.9562404102056683,Entertainment,Communication Services,AMCX
2015Q3,2015,Q3,2015-11-05,2015-09-30,72770000.0,632165000.0,159268000.0,0.99,339069000.0,0.5363615511773034,4169811000.0,-118878000.0,1481334000.0,807175000.0,4263260000.0,0.0,-65190000.0,5305044510.0,7706356510.0,-1.6396287050191027,1.8352079784433364,0.649637837302458,-22.786949645855415,0.038906025648207866,-1.6396287050191027,-0.6121401773246522,8.391866854381371,18.225383090559298,-44.62595694745874,0.0,0.0,0.0,0.151605192657413,1.0939982036113607,0.01745163030170912,55.8155473139322,0.5363615511773034,-0.131578947368421,1.7481568047015321,1.2216369385758143,0.0,-0.006851040397413066,-0.12334807069112988,0.0027324124557714345,0.9309551908793043,0.851352918097998,0.8737157191901492,Entertainment,Communication Services,AMCX
2015Q2,2015,Q2,2015-08-06,2015-06-30,83009000.0,601138000.0,158834000.0,1.14,341408000.0,0.5679361477730571,4109610000.0,-192660000.0,1386491000.0,765687000.0,4277980000.0,440483000.0,-137960000.0,5929786950.0,8415615950.0,-2.6593233674272225,1.8107803841517487,0.6635396059480096,-14.153892868265338,0.03914290977782314,-2.6593233674272225,-0.4308574691165784,9.86426901975919,17.858867562553456,-30.778505917159762,0.0,0.5896481816551377,0.0,0.14627616732487997,1.112805885433604,0.020198753653023035,62.307312703583065,0.5679361477730571,-0.3132530120481928,2.585536231077627,1.207089668557288,0.0,-0.16014651582129794,-0.31352133642077407,-0.311653022574508,0.9454128303405526,0.7852925330233074,0.8045851862143534,Entertainment,Communication Services,AMCX
2015Q1,2015,Q1,2015-05-04,2015-03-31,120920000.0,668682000.0,230747000.0,1.66,406509000.0,0.6079257404865093,4049424000.0,-314998000.0,1382221000.0,784685000.0,4344872000.0,428529000.0,-220969000.0,5533867840.0,8084023840.0,-4.362490651746392,1.761497925919318,0.6777415750980881,-8.712636270706481,0.06325900999270483,-4.362490651746392,-0.3838754531774805,8.275784064772195,11.441175653324512,-17.567945955212416,0.0,0.611797567959228,0.0,0.1651301518438178,1.1033331846537144,0.02986103702650056,89.33229760924661,0.6079257404865093,0.5660377358490565,7.622100899562161,1.578724671904146,0.0,0.2407184714931022,0.557946273271919,0.451092971776425,1.709749312607927,0.9833868406827255,0.6966617296509132,Entertainment,Communication Services,AMCX
2014Q4,2014,Q4,2015-02-26,2014-12-31,77615000.0,609444000.0,159016000.0,1.06,327640000.0,0.5376047676242608,3976587000.0,-371755000.0,1329080000.0,731692000.0,4328496000.0,0.0,-341889000.0,4598008310.0,7159160310.0,-5.155888104517149,1.8164473576313531,0.6946959792404894,-7.431020430121989,0.04393157888932054,-5.155888104517149,-0.20877997605950155,7.544595254034825,14.810308284481094,-12.368383236271201,0.0,0.0,0.0,0.15325805772638698,1.0833274109871367,0.01951799369660465,46.66465356784022,0.5376047676242608,0.45205479452054803,2.9781380543738503,1.0204222856161675,-15.81457165710022,0.2271436811314112,0.4600263355906697,0.4425967758031008,1.5514747300597298,0.7423293806622463,0.6526048266860326,Entertainment,Communication Services,AMCX
2014Q3,2014,Q3,2014-11-06,2014-09-30,53160000.0,519550000.0,110229000.0,0.73,266994000.0,0.5138947165816572,3663255000.0,-418043000.0,1293922000.0,634505000.0,4051278000.0,0.0,-419504000.0,4210621500.0,6675847500.0,-5.800110995490808,2.0392621019534913,0.7539327729027873,-6.6066122384539385,0.03737408918703874,-5.800110995490808,-0.12716395203364247,8.104362429025118,19.801643623024834,-10.072221039462448,0.0,0.0,0.0,0.14182741851167882,1.2352794698229328,0.014511684280783074,53.598888719162915,0.5138947165816572,-0.09876543209876551,1.0195073234835492,0.8367130659662184,0.0,-0.07948656951066889,-0.09368340294945017,-0.14864645684495076,0.2774405915394013,0.7590931712890803,0.6228474691044789,Entertainment,Communication Services,AMCX
2014Q2,2014,Q2,2014-08-07,2014-06-30,58655000.0,522093000.0,129475000.0,0.81,290049000.0,0.5555504479087059,3685850000.0,-428577000.0,1310610000.0,621280000.0,4081939000.0,398563000.0,-472664000.0,4429924070.0,6907119070.0,-5.948905514762017,2.1095319340715943,0.7491316792598722,-6.442685911749814,0.034064380651498125,-5.948905514762017,-0.13685988748812933,8.484932895097234,18.881272142187367,-10.336355124050055,0.0,0.5822015591010706,0.0,0.1416479238167587,1.297559876384239,0.01591356132235441,50.31031742606641,0.5555504479087059,-0.17346938775510198,1.5477839026907814,0.9276238143869218,0.0,-0.07490710765943197,-0.17812154076814213,-0.12299418151768236,1.07359867550613,0.7166689529573295,0.6257784641143351,Entertainment,Communication Services,AMCX
2014Q1,2014,Q1,2014-05-08,2014-03-31,71367000.0,524554000.0,147633000.0,0.98,313535000.0,0.597717298886292,3484705000.0,-501467000.0,1176742000.0,534427000.0,3963011000.0,375324000.0,-531319000.0,5245317000.0,7845386000.0,-6.986652734238941,2.201876027970144,0.7918957271849411,-5.5029004899624505,0.042110924051774114,-6.986652734238941,-0.14231644355461076,9.999574876943079,18.374448274412543,-10.459944522770192,0.0,0.5622315652609479,0.0,0.15053038922950437,1.2986319927698264,0.020480069331550305,77.22218623481781,0.597717298886292,1.0,4.119322496937275,1.0350525657003873,0.0,0.5339060581302623,1.0172136012889001,0.7374311537918373,1.3791704372952094,0.9106824627543659,-7.12580712046036,Entertainment,Communication Services,AMCX
2013Q4,2013,Q4,2014-02-27,2013-12-31,35379000.0,435247000.0,84972000.0,0.49,204403000.0,0.4696252932243071,2636689000.0,-571519000.0,1304658000.0,414753000.0,3207940000.0,0.0,-602686000.0,4888595250.0,6525545250.0,-7.962647161267851,3.1456264330818584,0.8187924324787641,-3.7774789639539543,0.03169891328453044,-7.962647161267851,-0.06190345377843956,11.231772418879395,34.54447023658102,-8.553688066363497,0.0,0.0,0.0,0.16507331733094044,2.183362145662599,0.013417964727732394,262.390384305727,0.4696252932243071,-0.38750000000000007,0.821628765335837,0.44952017527859683,-23.879318666256342,-0.14215147267431613,-0.3911823923181498,-0.30571057383545636,0.821628765335837,0.44952017527859683,-23.879318666256342,Entertainment,Communication Services,AMCX
2013Q3,2013,Q3,2013-11-07,2013-09-30,58111000.0,395328000.0,122387000.0,0.8,238274000.0,0.602724825967298,2524787000.0,-612615000.0,1204620000.0,414357000.0,3136717000.0,0.0,-638065000.0,4908025000.0,6555430000.0,-8.550104675505931,2.9072032088271706,0.8543615758477844,-3.521103792757278,0.049058115827786145,-8.550104675505931,-0.09485729210025873,12.415070523717015,21.114870678529023,-8.011597822449662,0.0,0.0,0.0,0.15657875297995436,2.0048605429617457,0.023016198990251455,79.42430617363864,0.602724825967298,-0.5721925133689839,1.2206865669984157,0.40585327832659385,0.0,-0.014035900788691831,-0.5718664122418607,-0.5051551810580454,1.2206865669984157,0.40585327832659385,0.0,Entertainment,Communication Services,AMCX
2013Q2,2013,Q2,2013-08-08,2013-06-30,135731000.0,379322000.0,247324000.0,1.87,241666000.0,0.6370998782037425,2460339000.0,-680082000.0,1145947000.0,410934000.0,3140421000.0,0.0,-696176000.0,4689135360.0,6396826360.0,-9.502598926894702,2.7886400249188434,0.8764353204985167,-3.1706882405357,0.10252500558445395,-9.502598926894702,-0.19958034472313632,12.361886102045228,8.636817234088012,-6.89495584356004,0.0,0.0,0.0,0.1541746889351427,1.8686066375622363,0.05516760088751997,-43.27367441860465,0.6370998782037425,1.2,4.934846728617891,0.4097930098292933,0.0,-0.014742215083047268,1.206398231383195,0.940039534372941,4.934846728617891,0.4097930098292933,0.0,Entertainment,Communication Services,AMCX
2013Q1,2013,Q1,2013-05-09,2013-03-31,61517000.0,381961000.0,127484000.0,0.85,245282000.0,0.6421650377918164,2568323000.0,-825275000.0,1357077000.0,736652000.0,3393598000.0,0.0,-831907000.0,4409999400.0,6010644400.0,-11.57630803759293,1.8422226505867085,0.8392998076955274,-2.611969343552149,0.05937074043825515,-11.57630803759293,-0.07454121353488231,11.545679794533998,17.921872815644456,-5.343672593983824,0.0,0.0,0.0,0.1487200013393954,1.1913332211139045,0.023952205388496697,-96.22096788270204,0.6421650377918164,3.047619047619048,3.4427797399597218,0.4919320258635754,0.0,0.17820945134545735,3.0495688236455796,0.5804324109887931,3.4427797399597218,0.4919320258635754,0.0,Entertainment,Communication Services,AMCX
2012Q4,2012,Q4,2013-02-26,2012-12-31,15191000.0,366712000.0,80664000.0,0.21,208182000.0,0.5676989026811231,2618855000.0,-882352000.0,1346527000.0,822487000.0,3501207000.0,289644000.0,-893424000.0,3528855000.0,5072758000.0,-12.376939262168607,1.637140769398179,0.8228302063306292,-2.4421920050048054,0.03143544631057798,-12.376939262168607,-0.017216485030917366,9.622960252187003,58.074764663287475,-3.9993732659981505,0.0,0.54732706356769,0.0,0.1400276074849505,1.1166717528666106,0.00580062660972066,10.388671202267997,0.5676989026811231,-0.5882352941176472,-0.2125095920858039,0.22958395199069523,-36.56303974757141,0.028419841030682364,-0.5854889762060685,-0.0713224881704832,-0.2125095920858039,0.22958395199069523,-36.56303974757141,Entertainment,Communication Services,AMCX
2012Q3,2012,Q3,2012-11-08,2012-09-30,36648000.0,332056000.0,86859000.0,0.51,202429000.0,0.6096230756257981,2152876000.0,-915424000.0,875378000.0,369519000.0,3068300000.0,0.0,-908615000.0,3054319920.0,4932235920.0,-12.983632598644087,2.3689661424716997,1.01778644009223,-2.3936099556052715,0.0433636596892223,-12.983632598644087,-0.040033907784807914,9.198207290336569,20.83551571709234,-3.336508459467962,0.0,0.0,0.0,0.15423833049372096,1.5585125528051331,0.01702281041732083,59.15441519958166,0.6096230756257981,-0.12068965517241372,0.42321107070853187,0.20000725785888016,0.0,-0.05061415151415667,-0.11712840279450734,-0.11617281940656925,0.42321107070853187,0.20000725785888016,0.0,Entertainment,Communication Services,AMCX
2012Q2,2012,Q2,2012-08-09,2012-06-30,41510000.0,327570000.0,98276000.0,0.58,213221000.0,0.6509173611747108,2173439000.0,-959121000.0,905654000.0,363150000.0,3132560000.0,0.0,-945263000.0,2505528450.0,4439356450.0,-13.608606819052484,2.4938840699435496,1.0313751616677533,-2.3371722650218274,0.04586549680930263,-13.608606819052484,-0.04327921086077773,7.648833684403334,15.089908756926041,-2.612317371843594,0.0,0.0,0.0,0.150715064927058,1.670185873605948,0.019098764676625385,29.51013438707246,0.6509173611747108,-0.03333333333333337,0.84307216193797,0.2362621966606714,0.0,-0.036546186553642196,-0.0386975753224798,0.012747452055359185,0.84307216193797,0.2362621966606714,0.0,Entertainment,Communication Services,AMCX
2012Q1,2012,Q1,2012-05-10,2012-03-31,43181000.0,326239000.0,97039000.0,0.6,221309000.0,0.6783646345164128,2125809000.0,-1004857000.0,835895000.0,329502000.0,3130666000.0,0.0,-986773000.0,3118342730.0,5136501730.0,-14.381603240257045,2.536843478947017,1.054817718807287,-2.231502591911088,0.04970450529418112,-14.381603240257045,-0.04297228361846511,9.558460913624675,18.05390524767838,-3.103270146896524,0.0,0.0,0.0,0.15346580995752676,1.5618327051125638,0.02031273740961676,41.984876469241854,0.6783646345164128,0.4634146341463415,2.181881386387011,0.300162237144062,0.0,0.13078911870503598,0.4648551462107334,0.22649426812775691,2.181881386387011,0.300162237144062,0.0,Entertainment,Communication Services,AMCX
2011Q4,2011,Q4,2012-03-15,2011-12-31,29478000.0,338959000.0,79119000.0,0.41,195712000.0,0.5773913659174118,2183934000.0,-1036995000.0,869999000.0,344196000.0,3220929000.0,0.0,-1029954000.0,2625752180.0,4702510180.0,-14.841565170099182,2.527626701065672,1.049754250815272,-2.2108052594274805,0.03784589039346621,-14.841565170099182,-0.0284263665687877,7.746518546490874,22.268744317796322,-2.5320779560171456,0.0,0.0,0.0,0.1552056976080779,1.4764436541970272,0.013497660643590878,58.76663861596652,0.5773913659174118,-0.25454545454545463,0.5591524413336919,0.1596098349947013,-43.64472507138481,0.04383073591688268,-0.2631052671049671,-0.16226546948456227,0.5591524413336919,0.1596098349947013,-43.64472507138481,Entertainment,Communication Services,AMCX
2011Q3,2011,Q3,2011-11-10,2011-09-30,40003000.0,283914000.0,94444000.0,0.55,187494000.0,0.6603901181343647,2121457000.0,-1065497000.0,815403000.0,295884000.0,3186954000.0,0.0,-1055239000.0,2213623800.0,4332570800.0,-15.37868772010854,2.755819848318936,1.104856709327599,-2.1998241196361885,0.046842033560020827,-15.37868772010854,-0.03754398182256731,7.79681100614975,13.834111191660623,-2.0775504764443258,0.0,0.0,0.0,0.13382972174312277,1.5785814711170594,0.018856380308438964,27.656469265367317,0.6603901181343647,0.4102564102564103,0.5809011682100284,0.04412494798115644,0.0,-0.04379800287634765,0.47313570244890446,0.14792036366288255,0.5809011682100284,0.04412494798115644,0.0,Entertainment,Communication Services,AMCX
2011Q2,2011,Q2,2011-08-11,2011-06-30,27155000.0,291965000.0,82274000.0,0.39,196082000.0,0.671594197934684,2110466000.0,-1099435000.0,801144000.0,286461000.0,3209901000.0,0.0,-1100148000.0,3008503500.0,5206055500.0,-15.896748167319732,2.7966948380407803,1.135004780934637,-2.1787454465248057,0.036146561823937086,-15.896748167319732,-0.024699049966573742,10.30432928604456,27.697509666728045,-2.7364087008327003,0.0,0.0,0.0,0.13834148477160968,1.5562188221084197,0.012866826568160777,44.39481606091461,0.671594197934684,-0.06681820900879339,0.22867743541016244,0.12288616338413841,0.0,0.07446901781995924,-0.08930847139311825,0.16405155703957328,0.22867743541016244,0.12288616338413841,0.0,Entertainment,Communication Services,AMCX
2011Q1,2011,Q1,2011-03-31,2011-03-31,29818000.0,272903000.0,70679000.0,0.417925,182492000.0,0.668706463468705,1924312000.0,81374000.0,582399000.0,322085000.0,1842938000.0,0.0,0.0,2532128985.75,3488146985.75,1.1405277046519036,1.8082152226896626,0.5405001891585148,12.781613291714798,0.034841780873286377,1.1405277046519036,0.36643153832919606,9.278494504457628,21.229869422412637,31.117174843930496,0.0,0.0,0.0,0.1418184785003679,1.0299641399009578,0.015495408229018995,53.857896112942676,0.668706463468705,0.5478703703703702,1.1517258354795477,0.06509197910715846,0.0,-0.024539910093381013,0.5444939397078629,0.006235674321265358,1.1517258354795477,0.06509197910715846,0.0,Entertainment,Communication Services,AMCX
2010Q4,2010,Q4,2010-12-31,2010-12-31,19306000.0,298482000.0,70241000.0,0.27,187083000.0,0.6267815144631838,1853896000.0,24831000.0,566440000.0,336491000.0,1829065000.0,0.0,0.0,2532128985.75,3555366985.75,0.3480281592918059,1.6833734037463113,0.5950700578673237,44.42825500382586,0.03505121666310542,0.3480281592918059,0.7774958720953646,8.483355732506483,32.78940466370558,101.97450709798237,0.0,0.0,0.0,0.16100255893534482,0.9792208409734584,0.010413744891838593,37.13506952571605,0.6267815144631838,-0.27027027027027023,0.0,0.0,0.0,0.01879302082425721,-0.23567837206540243,-0.0869729111423075,0.0,0.0,0.0,Entertainment,Communication Services,AMCX
2010Q3,2010,Q3,2010-09-30,2010-09-30,25259000.0,271433000.0,76932000.0,0.37,183632000.0,0.6765279092814801,,,,,,,,2454523890.0,,,0.0,0.0,0.0,0.0,,0.0,9.04283521163602,24.29355764282038,0.0,0.0,0.0,0.0,0.0,0.0,0.0,122.20681553398059,0.6765279092814801,0.15624999999999997,0.0,0.0,0.0,0.046067959782391976,0.14288946201529343,0.07389932717272955,0.0,0.0,0.0,Entertainment,Communication Services,AMCX
2010Q2,2010,Q2,2010-06-30,2010-06-30,22101000.0,260013000.0,71638000.0,0.32,175545000.0,0.6751393199570791,,,,,,,,2454523890.0,,,0.0,0.0,0.0,0.0,,0.0,9.44000449977501,27.764851024840507,0.0,0.0,0.0,0.0,0.0,0.0,0.0,25.309327497138614,0.6751393199570791,0.6475482422719689,0.0,0.0,0.0,0.05783774337589712,0.645276557730961,0.1739123310118804,0.0,0.0,0.0,Entertainment,Communication Services,AMCX
2010Q1,2010,Q1,2010-03-31,2010-03-31,13433000.0,248372000.0,61025000.0,0.194228,165947000.0,0.6681389206512811,,,,,,,,2454523890.0,,,0.0,0.0,0.0,0.0,,0.0,9.882450074887668,45.680858520062536,0.0,0.0,0.0,0.0,0.0,0.0,0.0,75.22522571945203,0.6681389206512811,0.0,0.0,0.0,0.0,0.0,0.0,0.0,0.0,0.0,0.0,Entertainment,Communication Services,AMCX
