Year,Date,FillingDate,NetIncome,Revenue,OperatingIncome,EPSDiluted,GrossProfit,GrossProfitRatio,TotalAssets,CommonStockEquity,CurrentAssets,CurrentLiability,TotalLiability,Inventory,RetainedEarnings,EnterpriseValue,bookValuePerShare,currentRatio,debtToAssets,debtToEquity,roic,shareholdersEquityPerShare,roe,priceToSalesRatio,peRatio,pbRatio,payoutRatio,inventoryTurnover,dividendYield,assetTurnover,quickRatio,returnOnAssets,priceToFreeCashFlowsRatio,grossProfitMargin,epsdilutedGrowth,fiveYNetIncomeGrowthPerShare,fiveYRevenueGrowthPerShare,fiveYShareholdersEquityGrowthPerShare,grossProfitGrowth,netIncomeGrowth,operatingIncomeGrowth,threeYNetIncomeGrowthPerShare,threeYRevenueGrowthPerShare,threeYShareholdersEquityGrowthPerShare,Industry,Sector,Price,MarketCap,AvgVolume,Symbol
2022,2022-12-31,2023-02-22,25247000.0,11737065000.0,931602000.0,0.39,2943426000.0,0.2507804123,14120432000.0,8017914000.0,5895099000.0,3070285000.0,6102518000.0,2793765000.0,7409760000.0,9235206720.0,125.62143953874596,1.9200494416642104,0.2280763081469462,0.4016675659030516,0.011221507515113166,125.62143953874596,0.0031488239958672544,0.5558709711499425,258.4185732958371,0.8137146045717129,0.0,3.147594375332213,0.0,0.8312114671845734,0.8378404610646895,0.0017879764585106179,73.79504496046872,0.25078041230921017,-0.9738955823293173,-0.9697273749807975,0.4406500482481506,0.32322128034213315,-0.09952109899428953,-0.9755632966464988,0.23303782490265162,-0.9617383134699241,0.32765579115982085,0.11278444735463355,"Furnishings, Fixtures & Appliances",Consumer Cyclical,109.725,6987244110,616473,MHK
2021,2021-12-31,2022-02-23,1033159000.0,11200613000.0,755534000.0,14.94,3268734000.0,0.2918352772,14224517000.0,8428216000.0,5238357000.0,2946355000.0,5796301000.0,2391672000.0,7692064000.0,15001171360.0,122.41061988032301,1.7779110120810289,0.19168376683721494,0.3235096252872494,0.05237998710310403,122.41061988032301,0.12258335571845809,1.119890256006524,12.140877986834553,1.4882695649945374,0.0,3.316457691522918,0.0,0.7874160507523735,0.8253859429702124,0.07263227285678663,19.815919709193853,0.2918352772299159,1.0692520775623269,0.19535722534937863,0.3455601880237847,0.5703615551506378,0.3447761746664527,1.0038188888565638,24.83375504342474,0.2958099426960733,0.21251018160439172,0.22533889833058462,"Furnishings, Fixtures & Appliances",Consumer Cyclical,109.725,6987244110,616473,MHK
2020,2020-12-31,2021-02-24,515595000.0,9552197000.0,29246000.0,7.22,2430690000.0,0.2544639731,14327751000.0,8541158000.0,5363654000.0,2371248000.0,5786593000.0,1913020000.0,7559191000.0,12335898300.0,119.93650124975426,2.261954042765666,0.21405383161669964,0.35907426135893983,0.0021615273035835818,119.93650124975426,0.060365936328539996,1.0508172413110828,19.468019084746746,1.1752052005126237,0.0,3.722651618906232,0.0,0.6666920021153355,1.286183056348387,0.03598575938400939,7.466895562091882,0.2544639730524821,-0.2990291262135923,-0.13468584002550762,0.2216930930627727,0.8164271907649221,-0.0916849990826007,-0.30719244945317925,-0.8635691460826161,-0.4459088085132105,0.05083494502210325,0.26333953285502976,"Furnishings, Fixtures & Appliances",Consumer Cyclical,109.725,6987244110,616473,MHK
2019,2019-12-31,2020-02-28,744211000.0,9970672000.0,214365000.0,10.3,2676043000.0,0.2683914384,13386680000.0,8126448000.0,4429457000.0,2712583000.0,5260232000.0,2282328000.0,7232337000.0,12582651680.0,112.88928402744978,1.6329295730305764,0.21663220454959706,0.3568577563038612,0.018750656522266908,112.88928402744978,0.09157887923481452,0.9846327990731216,13.191757015147585,1.208086322585218,0.0,3.1961352618904906,0.0,0.7448203736848867,0.6124804291702779,0.05559339582331093,11.241797688993117,0.2683914384105705,-0.10590277777777768,0.4155233356830528,0.2928317467802101,0.8611375314355297,-0.05709055802006293,-0.13634960496875959,-0.8042911425456896,-0.17644017874701687,0.1456561340546058,0.4482157822459047,"Furnishings, Fixtures & Appliances",Consumer Cyclical,109.725,6987244110,616473,MHK
2018,2018-12-31,2019-02-28,861704000.0,9983634000.0,1095326000.0,11.52,2838070000.0,0.2842722399,13099123000.0,7433814000.0,4509296000.0,3266239000.0,5659064000.0,2287615000.0,6588197000.0,11842268480.0,99.89939929850966,1.3805774776432465,0.2487169560893504,0.438264126597733,0.08444572382499256,99.89939929850966,0.11591680932560325,0.8717611723346429,10.100155598674254,1.1707778106904476,0.0,3.1235867923579796,0.0,0.7621604896755302,0.5281943544241557,0.0657833352660327,22.475672280843106,0.28427223994789874,-0.11248073959938373,1.3829303590241553,0.3103497420728544,0.6072602492754371,-0.05284450012581706,-0.11310097242463915,-0.19114765986325233,0.3840117871994119,0.22197990996131062,0.5129671395785104,"Furnishings, Fixtures & Appliances",Consumer Cyclical,109.725,6987244110,616473,MHK
2017,2017-12-31,2018-02-28,971592000.0,9491290000.0,1354173000.0,12.98,2996414000.0,0.3157014484,12094853000.0,7059162000.0,4072967000.0,2655355000.0,5027844000.0,1948663000.0,6004506000.0,23193790300.0,94.93607864760547,1.5338691060140734,0.22849207013925676,0.39148811147838797,0.10196253289399716,94.93607864760547,0.13763560037296213,2.1614655436721457,21.114929208968373,2.906165958508956,0.0,3.3329908763085254,0.0,0.7847379376996149,0.6187658524001499,0.08033103006708721,71.33278963271522,0.31570144838056785,0.04006410256410256,2.6020327403254098,0.5214227872221233,0.7607861760339859,0.06526854674570938,0.044454167154892456,0.05799477007960511,0.7890853572016746,0.191431297069834,0.5651538636334218,"Furnishings, Fixtures & Appliances",Consumer Cyclical,109.725,6987244110,616473,MHK
2016,2016-12-31,2017-02-27,930239000.0,8959087000.0,1279943000.0,12.48,2812825000.0,0.3139633536,10230596000.0,5776451000.0,3471512000.0,2718320000.0,4447109000.0,1675751000.0,5032914000.0,17186906720.0,77.95059645903055,1.2770799611524766,0.24548765291875468,0.434779936677382,0.11616458456618063,77.95059645903055,0.16103988417801865,1.6516288679862132,15.906758069700368,2.561622477192311,0.0,3.6677656764041915,0.0,0.8757150609798295,0.5510079755142883,0.09092715615004247,22.576219996704445,0.3139633536319047,0.5018050541516245,3.961153067603956,0.4728326980429517,0.5686034683704987,0.16681517211283428,0.5123181620138252,0.528169720356366,1.5831816518893052,0.18078137111020115,0.254130615155556,"Furnishings, Fixtures & Appliances",Consumer Cyclical,109.725,6987244110,616473,MHK
2015,2015-12-31,2016-02-29,615108000.0,8071563000.0,837566000.0,8.31,2410686000.0,0.2986640877,9942364000.0,4854173000.0,3249972000.0,3259028000.0,5081501000.0,1607256000.0,4102707000.0,17041434239.999998,66.02879645247293,0.9972212573810351,0.321848103730662,0.6592123931306115,0.08567929853474472,66.02879645247293,0.1267173625661879,1.7249689112257438,22.635366862404652,2.8682939895220048,0.0,3.522075512550583,0.0,0.8118353944796227,0.4109191452175311,0.06186737882459343,34.107421659121634,0.2986640877361671,0.1462068965517242,2.093700788731862,0.41554838289041723,0.38408842860024067,0.11906738118050758,0.15629411709416974,0.08381254561359014,1.3065086707007836,0.30864636957048575,0.22464076534309924,"Furnishings, Fixtures & Appliances",Consumer Cyclical,109.725,6987244110,616473,MHK
2014,2014-12-31,2015-02-27,531965000.0,7803446000.0,772796000.0,7.25,2154192000.0,0.2760565012,8285544000.0,4418006000.0,3132270000.0,1955814000.0,3862731000.0,1543313000.0,3487079000.0,13471519320.000002,60.65606765792111,1.6015173221993502,0.27197248605523067,0.5100581574583647,0.09286820323490365,60.65606765792111,0.12040839238335123,1.4501229738759007,21.271994059759574,2.561326607523847,0.0,3.6604719846201,0.0,0.9418145628096357,0.6032475480797254,0.06420399191652353,112.72669270003189,0.27605650119190933,0.5041493775933609,491.61742323453,0.37230966285730904,0.2971754899661794,0.12150245026965201,0.5251902312592822,0.4129679977913119,1.8864281008783372,0.3051658262194306,0.22058486307975056,"Furnishings, Fixtures & Appliances",Consumer Cyclical,109.725,6987244110,616473,MHK
2013,2013-12-31,2014-02-28,348786000.0,7348754000.0,546931000.0,4.82,1920809000.0,0.2613788678,8494177000.0,4461057000.0,3085718000.0,1320811000.0,4023871000.0,1572325000.0,2953809000.0,12892941700.0,62.155086174466724,2.336229786093544,0.2660655646803687,0.506608187252483,0.06706001426117537,62.155086174466724,0.0781846096115786,1.45426009633742,30.640563841438592,2.3956205222215274,0.0,3.4521775078307604,0.0,0.8651519741112058,0.8456478633203388,0.04106177679132422,67.3778296860913,0.26137886776452174,0.3351800554016622,1.2279475679312137,0.0259510416905326,0.348045534048797,0.2890833779624686,0.39370569572201486,0.44115802565426815,0.7968289931168784,0.320083966845347,0.30288813630962735,"Furnishings, Fixtures & Appliances",Consumer Cyclical,109.725,6987244110,616473,MHK
2012,2012-12-31,2013-02-27,250258000.0,5787980000.0,379508000.0,3.61,1490058000.0,0.2574400741,6303684000.0,3719617000.0,2550046000.0,828649000.0,2584067000.0,1133736000.0,2605023000.0,7146614360.0,53.91686960051023,3.077353620169698,0.21938631441550688,0.37179688123804144,0.06128378183727378,53.91686960051023,0.06728058292023077,1.0783285982328896,24.939639731796785,1.6779534989758353,0.0,3.7909372199524403,0.0,0.9181900615576543,1.3964235762065724,0.03970027685397935,16.455075613768667,0.25744007408456837,0.4325396825396825,-0.6501230700968295,-0.24604463910500823,-0.21917525388323353,0.051648023578583634,0.4389093961660974,0.20271786323215293,244.6836395378286,0.07466030831891514,0.1530526861042071,"Furnishings, Fixtures & Appliances",Consumer Cyclical,109.725,6987244110,616473,MHK
2011,2011-12-31,2012-02-29,173922000.0,5642258000.0,315542000.0,2.52,1416879000.0,0.2511191441,6206228000.0,3415785000.0,2398164000.0,1101346000.0,2756720000.0,1113630000.0,2354765000.0,5388343600.0,49.69426501396648,2.1774846415204667,0.2556204831662646,0.4644434588242527,0.056247905824171794,49.69426501396648,0.05091713910565214,0.729114053274416,23.653417049021975,1.204364326209056,0.0,3.7942395589199287,0.0,0.9091283787833769,0.9062637899443046,0.028023785139701603,161.83515342250197,0.25111914414406433,-0.06666666666666672,-0.6243474425334419,-0.29734457761419725,-0.09481248284302687,0.010180379295593896,-0.06226849480511778,0.0043702593190289305,1.1186881289589163,-0.17748711085177313,0.07779002722120593,"Furnishings, Fixtures & Appliances",Consumer Cyclical,109.725,6987244110,616473,MHK
2010,2010-12-31,2011-03-01,185471000.0,5319072000.0,314169000.0,2.7,1402600000.0,0.263692614,6098926000.0,3271556000.0,2248613000.0,1048914000.0,2791929000.0,1007503000.0,2180843000.0,5191852280.0,47.705619878095014,2.14375344403831,0.2711267524806827,0.5054420587634753,0.06289055428089763,47.705619878095014,0.056691983875562575,0.7317981933690689,20.98703991459581,1.189796928434054,0.0,3.887305546484725,0.0,0.8721325689145925,0.9235170852901191,0.030410436198110947,23.80260303793753,0.26369261404996963,182.20805369127518,-0.4946346268913798,-0.21581167532131593,0.054808712466190825,0.138261525851505,183.01275760549558,6.184289961125086,-0.7391492495204658,-0.302983241138839,-0.3091266461563265,"Furnishings, Fixtures & Appliances",Consumer Cyclical,109.725,6987244110,616473,MHK
2009,2009-12-31,2010-02-26,-1019000.0,5344024000.0,43730000.0,-0.0149,1232230000.0,0.2305809255,6391446000.0,3200823000.0,2359000000.0,884022000.0,3157164000.0,892981000.0,1998616000.0,4581336200.0,46.76010927365161,2.6684856259233367,0.29015014755659363,0.5793756793174756,0.0001134260691530147,46.76010927365161,-0.000318355622913232,0.6097119324314412,-3197.5615309126597,1.0179616929770876,-4.319921491658489,4.604570533975527,0.0013510049610915482,0.8361212783460894,1.3635282832327702,-0.00015943184061947797,5.784539127964778,0.23058092553476556,0.9993011257035647,-1.0026928701261018,-0.11470894846922398,0.16941617154382083,-0.2909106184729342,0.9993012066700132,-0.8956979270767991,-1.0022100603172421,-0.33172383046822124,-0.1482585122546913,"Furnishings, Fixtures & Appliances",Consumer Cyclical,109.725,6987244110,616473,MHK
2008,2008-12-31,2009-03-02,-1458228000.0,6826348000.0,419263000.0,-21.32,1737764000.0,0.2545671566,6446175000.0,3153803000.0,2246249000.0,876916000.0,3292372000.0,1168272000.0,2004115000.0,4800457970.0,46.107556907062765,2.561532689562056,0.30324742967728924,0.6198186760555431,0.09363188049968522,46.107556907062765,-0.4623713022024521,0.43056565091612675,-2.015590819816928,0.9319513520660612,0.0,4.355650054096991,0.0,1.0589765248383731,0.9006598123423453,-0.2262160118209636,8.344995797961444,0.25456715655281564,-3.065891472868217,-5.553916201805396,0.321021027517261,0.32938916496677273,-0.17827825442220105,-3.0631000517816567,-0.4410616632849224,-4.9836141388133415,0.009009584599554176,0.019474285427576402,"Furnishings, Fixtures & Appliances",Consumer Cyclical,109.725,6987244110,616473,MHK
TTM,,,,,,,,,,,,,,,,10146608110.0,127.48428800603945,1.8265393914427341,0.25280135946479204,0.46044379107754463,0.3498877901208781,127.48428800603945,-0.017154042814137755,0.6061304136801813,-49.97947495486718,0.8606942997932567,0.0,3.2026674471660983,0.0,0.780821524389579,0.8363194854827953,-0.009454967085283617,23.9527068321278,0.24157100877240542,,,,,,,,,,,"Furnishings, Fixtures & Appliances",Consumer Cyclical,109.725,6987244110,616473,MHK
