Quarters,Year,Quarter,FillingDate,Date,NetIncome,Revenue,OperatingIncome,EPSDiluted,GrossProfit,GrossProfitRatio,TotalAssets,CommonStockEquity,CurrentAssets,CurrentLiability,TotalLiability,Inventory,RetainedEarnings,MarketCap,EnterpriseValue,bookValuePerShare,currentRatio,debtToAssets,debtToEquity,roic,shareholdersEquityPerShare,roe,priceToSalesRatio,peRatio,pbRatio,payoutRatio,inventoryTurnover,dividendYield,assetTurnover,quickRatio,returnOnAssets,priceToFreeCashFlowsRatio,grossProfitMargin,epsdilutedGrowth,fiveYNetIncomeGrowthPerShare,fiveYRevenueGrowthPerShare,fiveYShareholdersEquityGrowthPerShare,grossProfitGrowth,netIncomeGrowth,operatingIncomeGrowth,threeYNetIncomeGrowthPerShare,threeYRevenueGrowthPerShare,threeYShareholdersEquityGrowthPerShare,Industry,Sector,Symbol
2023Q1,2023,Q1,2023-05-05,2023-03-31,-3700000.0,402600000.0,13900000.0,-0.039,119300000.0,0.2963238947,2792800000.0,809800000.0,894600000.0,504400000.0,1983000000.0,422500000.0,-515700000.0,504868000.0,1564068000.0,8.533192834562698,1.7735923869944488,0.42477083930105985,1.4649296122499382,0.007453299131921799,8.533192834562698,-0.004569029389972833,1.2540188772975658,-34.112702702702705,0.6234477648802174,-1.972972972972973,0.6705325443786982,0.014459224985540775,0.14415640217702663,0.8542823156225218,-0.0013248352907476368,-20.034444444444443,0.29632389468455045,-1.195,-1.4003809678203778,0.11652067154811616,0.19130064670757668,-0.17894012388162422,-1.196808510638298,-0.7163265306122449,-1.4678609062170707,0.06031397140661643,0.1410872156540172,Business Equipment & Supplies,Industrials,ACCO
2022Q4,2022,Q4,2023-02-24,2022-12-31,18800000.0,499400000.0,49000000.0,0.2,145300000.0,0.290949139,2794700000.0,810100000.0,882300000.0,589000000.0,1984600000.0,395200000.0,-504400000.0,528255000.0,1558955000.0,8.572486772486773,1.497962648556876,0.391061652413497,1.34909270460437,0.016053596566774908,8.572486772486773,0.02320701148006419,1.0577793352022427,7.024667553191489,0.6520861622021972,0.3776595744680851,0.896002024291498,0.013440478556757627,0.17869538769814292,0.7577249575551782,0.006727019000250474,6.403090909090909,0.2909491389667601,1.273972602739726,-0.7134162734162733,-0.006096791417892355,0.180502635250084,0.05749636098981077,1.2736535662299855,0.1111111111111111,-0.5572973301708933,-0.04809320990936168,0.07253033420798703,Business Equipment & Supplies,Industrials,ACCO
2022Q3,2022,Q3,2022-11-08,2022-09-30,-68700000.0,485600000.0,44100000.0,-0.73,137400000.0,0.2829489292,2829200000.0,781300000.0,914200000.0,503600000.0,2047900000.0,431000000.0,-515900000.0,463050000.00000006,1554650000.0,8.267724867724867,1.8153296266878476,0.4134030821433621,1.49699219249968,0.022912167867833667,8.267724867724867,-0.08793037245616281,0.9535626029654037,-1.685043668122271,0.5926660693715603,-0.10334788937409024,0.8078886310904873,0.0153331173739337,0.17163862575993213,0.852462271644162,-0.02428248268061643,5.545508982035929,0.2829489291598023,-2.8249999999999997,-3.568202095653076,0.04375289553793863,0.23872634539301205,-0.084,-2.7436548223350252,-0.20397111913357402,-3.5340589569161,-0.008246518786364555,0.05219708839476733,Business Equipment & Supplies,Industrials,ACCO
2022Q2,2022,Q2,2022-08-09,2022-06-30,39400000.0,521000000.0,55400000.0,0.4,150000000.0,0.2879078695,3090900000.0,872900000.0,1043300000.0,590500000.0,2218000000.0,471500000.0,-440100000.0,628186000.0,1819386000.0,9.073804573804575,1.7668077900084673,0.4150571031091268,1.4696987054645434,0.018644406857317792,9.073804573804575,0.045136899988543935,1.2057312859884837,3.9859517766497463,0.7196540268071944,0.1802030456852792,0.7868504772004242,0.01130238496241559,0.16855931929211557,0.8731583403895005,0.012747096314989161,232.66148148148147,0.28790786948176583,15.23487544483986,0.9083912062635469,0.21026560312274578,0.3857483972546734,0.25418060200668896,15.592592592592593,3.7758620689655173,0.15567613896304716,0.057683790477312674,0.1814606726560455,Business Equipment & Supplies,Industrials,ACCO
2022Q1,2022,Q1,2022-04-27,2022-03-31,-2700000.0,441600000.0,11600000.0,-0.0281,119600000.0,0.2708333333,3100500000.0,881500000.0,955000000.0,568900000.0,2219000000.0,471400000.0,-472100000.0,769600000.0,1944800000.0,9.163201663201663,1.678678150817367,0.40848250282212545,1.4367555303460011,0.013855341738553418,9.163201663201663,-0.003062960862166761,1.7427536231884058,-71.25925925925925,0.873057288712422,-2.7037037037037037,0.6830717013152312,0.009485446985446986,0.1424286405418481,0.7611179469150993,-0.0008708272859216256,-7.152416356877324,0.2708333333333333,-1.051090909090909,-1.8443347193347193,0.38172396538155307,0.3836792249368937,-0.3284671532846715,-1.050467289719626,-0.8281481481481482,-3.7853430353430353,0.19218497893288453,0.22567407184300498,Business Equipment & Supplies,Industrials,ACCO
2021Q4,2021,Q4,2022-02-23,2021-12-31,53500000.0,570300000.0,67500000.0,0.55,178100000.0,0.3122917763,3091300000.0,864800000.0,924900000.0,708600000.0,2226500000.0,428000000.0,-462000000.0,791308000.0,1860608000.0,9.02713987473904,1.3052497883149874,0.3592339792320383,1.2841119333950046,0.030226332770977766,9.02713987473904,0.06186401480111008,1.3875293705067508,3.6977009345794394,0.915018501387604,0.13457943925233645,0.9163551401869159,0.009098859104166772,0.18448549154077573,0.6453570420547559,0.01730663474913467,7.3066297322253,0.3122917762581098,1.6190476190476195,8.841627023512096,0.46240954647288496,0.3692924178558584,0.13295165394402036,1.6485148514851484,0.7487046632124352,0.6386668654935878,0.1550649674383821,0.1739739966261865,Business Equipment & Supplies,Industrials,ACCO
2021Q3,2021,Q3,2021-10-28,2021-09-30,20200000.0,526700000.0,38600000.0,0.21,157200000.0,0.2984621226504652,3072000000.0,785000000.0,886600000.0,586100000.0,2287000000.0,413900000.0,-508200000.0,821204000.0,1975404000.0,8.211297071129707,1.5127111414434398,0.39462890625,1.5443312101910829,0.012356325937476723,8.211297071129707,0.02573248407643312,1.5591494209227263,10.163415841584158,1.04611974522293,0.3069306930693069,0.8927277120077314,0.007549890161275396,0.17145182291666666,0.7177955980208156,0.006575520833333333,8.689989417989418,0.2984621226504652,-0.5800000000000001,-0.002156562770722312,0.369369823837052,0.2156484546680079,-0.04204753199268738,-0.5843621399176955,-0.22645290581162325,-0.3839147195712473,0.12729587355158611,0.13780888530671942,Business Equipment & Supplies,Industrials,ACCO
2021Q2,2021,Q2,2021-07-30,2021-06-30,48600000.0,517800000.0,49900000.0,0.5,164100000.0,0.3169177288528389,3174200000.0,780700000.0,938500000.0,561800000.0,2393500000.0,382500000.0,-522000000.0,824165000.0000001,2070065000.0,8.174869109947643,1.6705233179067285,0.4170499653455989,1.695657743051108,0.022001240707620662,8.174869109947643,0.06225182528500064,1.591666666666667,4.2395318930041155,1.055674394773921,0.12757201646090535,0.9247058823529412,0.007522765465653115,0.16312771722008695,0.8681025275898896,0.015310944489950224,-45.283791208791214,0.3169177288528389,3.380952380952381,-0.11949521690955679,0.4159840978640122,0.25308212634233945,0.42077922077922075,3.3823529411764706,46.36363636363637,1.1009472976551837,0.1533141319270962,0.15909877397493652,Business Equipment & Supplies,Industrials,ACCO
2021Q1,2021,Q1,2021-04-28,2021-03-31,-20400000.0,410500000.0,-1100000.0,-0.21,115500000.0,0.28136419001218027,3001700000.0,708800000.0,779800000.0,498800000.0,2292900000.0,351200000.0,-564100000.0,802644000.0,2025144000.0,7.4532071503680335,1.5633520449077787,0.4322883699237099,1.8306997742663658,-0.0004063202719955703,7.4532071503680335,-0.02878103837471783,1.9552838002436053,-9.836323529411764,1.1323984198645598,-0.30392156862745096,0.8399772209567198,0.007724470624585744,0.13675583835826366,0.7676423416198878,-0.006796148848985575,-17.373246753246754,0.28136419001218027,-1.6774193548387097,-5.741587802313354,0.6468234387542627,0.2906565670867444,-0.1928721174004193,-1.6845637583892616,-1.0260663507109005,-3.202863382674108,0.13603537351930137,0.040526174718047085,Business Equipment & Supplies,Industrials,ACCO
2020Q4,2020,Q4,2021-02-26,2020-12-31,29800000.0,460100000.0,42200000.0,0.31,143100000.0,0.31101934362095196,3048700000.0,742700000.0,728200000.0,556900000.0,2306000000.0,305100000.0,-537300000.0,799369999.9999999,1992970000.0,7.850951374207188,1.3075956186029807,0.40351625282907466,1.6563888514878147,0.01856056580827223,7.850951374207188,0.04012387235761411,1.7373831775700932,6.7061241610738245,1.0763026794129527,0.2080536912751678,1.0390036053752867,0.007756107934998813,0.15091678420310295,0.704973963009517,0.009774658050972546,8.512992545260914,0.31101934362095196,0.5499999999999999,0.06341148112737516,0.2510202731022919,0.43186656171018917,0.12588512981904013,0.5851063829787234,0.2303206997084548,-0.5462145020284556,-0.08527939949958309,0.08114121753066307,Business Equipment & Supplies,Industrials,ACCO
2020Q3,2020,Q3,2020-10-28,2020-09-30,18800000.0,444100000.0,34300000.0,0.2,127100000.0,0.2861968025219545,2695800000.0,725200000.0,765000000.0,470300000.0,1970600000.0,300500000.0,-560600000.0,548100000.0,1470900000.0,7.674074074074074,1.6266213055496492,0.37413754729579346,1.390788747931605,0.013762258919302847,7.674074074074074,0.02592388306674021,1.2341814906552577,7.2885638297872335,0.7557915057915058,0.324468085106383,1.054908485856905,0.011129355956942165,0.16473774018844128,0.9132468637040188,0.006973811113584093,6.34375,0.2861968025219545,2.3333333333333335,-0.3409290096406661,0.22713456756009948,0.477361853832442,0.15545454545454546,2.4814814814814814,0.8540540540540541,-0.2972023377252135,-0.045447568145801996,0.14978157644824314,Business Equipment & Supplies,Industrials,ACCO
2020Q2,2020,Q2,2020-07-29,2020-06-30,5400000.0,366900000.0,18500000.0,0.06,110000000.0,0.2998092123194331,2776600000.0,711600000.0,867400000.0,484100000.0,2065000000.0,336000000.0,-573200000.0,670950000.0,1663250000.0,7.53015873015873,1.7917785581491428,0.40376719729165167,1.5754637436762227,0.005618988694527251,7.53015873015873,0.007588532883642495,1.8286999182338513,31.0625,0.9428752107925801,1.1296296296296295,0.7645833333333333,0.00909158655637529,0.13214002737160557,1.0061970667217517,0.0019448246056327882,-15.145598194130926,0.2998092123194331,-0.25000000000000006,-0.7749355337802991,0.07318236474557734,0.36106745768773607,-0.0196078431372549,-0.325,0.06321839080459771,-0.7337386018237082,-0.13237123420796898,0.1500033207146177,Business Equipment & Supplies,Industrials,ACCO
2020Q1,2020,Q1,2020-05-05,2020-03-31,8000000.0,384100000.0,17400000.0,0.08,112200000.0,0.2921114293152825,2653200000.0,717900000.0,738000000.0,469500000.0,1935300000.0,291600000.0,-572400000.0,484800000.0,1417100000.0,7.478125,1.571884984025559,0.38658977838082315,1.4287505223568742,0.006796304216638056,7.478125,0.011143613316617913,1.2621713095548035,15.15,0.6753029669870455,0.775,0.9324417009602195,0.012788778877887791,0.14476858133574552,0.835569755058573,0.003015226895823911,-15.102803738317757,0.2921114293152825,-0.8181818181818181,2.6091954022988504,0.5452298850574712,0.43637454981992807,-0.3967741935483871,-0.8160919540229885,-0.7444933920704846,1.5069444444444442,0.20431576570316848,0.12922607013385395,Business Equipment & Supplies,Industrials,ACCO
2019Q4,2019,Q4,2020-02-27,2019-12-31,43500000.0,537400000.0,68100000.0,0.44,186000000.0,0.3461109043542985,2788600000.0,773700000.0,806000000.0,588800000.0,2014900000.0,283300000.0,-574200000.0,906048000.0,1800248000.0,7.992768595041323,1.3688858695652173,0.3306318582801406,1.1916763603463876,0.02639456567848428,7.992768595041323,0.05622334238076774,1.6859843691849647,5.207172413793104,1.1710585498255137,0.14482758620689656,1.2403812213201553,0.0069532739987285454,0.1927131894140429,0.817764945652174,0.01559922541777236,7.684885496183206,0.3461109043542985,0.5714285714285713,0.14852971629737008,0.3544149914012928,0.3168702442931519,0.1930724823604875,0.5535714285714286,0.39549180327868855,6.919404552228694,0.36380869732726967,0.21239258355713592,Business Equipment & Supplies,Industrials,ACCO
2019Q3,2019,Q3,2019-10-30,2019-09-30,28000000.0,505700000.0,48800000.0,0.28,155900000.0,0.30828554478940084,2722100000.0,766900000.0,772900000.0,477600000.0,1955200000.0,312500000.0,-611300000.0,963311999.9999999,1948512000.0,7.857581967213115,1.6182998324958124,0.3757760552514603,1.3338114486895292,0.017936701715695925,7.857581967213115,0.03651062720041726,1.9049080482499503,8.600999999999999,1.2561116182031555,0.21071428571428572,1.11936,0.006124703107612072,0.18577568788802762,0.8691373534338358,0.01028617611402961,5.246797385620915,0.30828554478940084,-0.19999999999999987,-0.040360464001533966,0.2552874233618708,0.23476288056206093,-0.05971049457177322,-0.2200557103064067,-0.20521172638436483,0.35480609518307216,0.2878297788234579,0.16328240144351036,Business Equipment & Supplies,Industrials,ACCO
2019Q2,2019,Q2,2019-07-31,2019-06-30,35900000.0,518700000.0,61400000.0,0.35,165800000.0,0.31964526701368806,2952800000.0,778000000.0,973200000.0,500600000.0,2174800000.0,370700000.0,-633400000.0,788114000.0,1899714000.0,7.680157946692991,1.9440671194566521,0.4083243023570848,1.5497429305912596,0.0205931087367263,7.680157946692991,0.0461439588688946,1.519402352033931,5.488259052924792,1.0130000000000001,0.1671309192200557,0.9519827353655247,0.0076131118086977265,0.17566377675426714,1.1078705553335997,0.012157951774586832,-12.73205169628433,0.31964526701368806,36.0,0.9000783245044468,0.36720505765474354,0.17052453958673378,0.3179650238473768,60.833333333333336,2.430167597765363,-0.3868258679173969,0.3372312100701126,0.17725048817921762,Business Equipment & Supplies,Industrials,ACCO
2019Q1,2019,Q1,2019-05-02,2019-03-31,-600000.0,393900000.0,17900000.0,-0.01,125800000.0,0.3193703985783194,2827400000.0,764800000.0,867400000.0,515500000.0,2062600000.0,399700000.0,-663000000.0,890009999.9999999,1888010000.0,7.47605083088954,1.6826382153249273,0.3885194878687133,1.436323221757322,-0.0005491359034666126,7.47605083088954,-0.0007845188284518828,2.259482102056359,-370.8375,1.1637160041841004,-10.333333333333334,0.670753064798599,0.006966213862765588,0.1393152719813256,0.8120271580989331,-0.00021220909669661172,-12.992846715328465,0.3193703985783194,-1.0294117647058825,0.9144296563651403,0.33023697222533827,0.1987805897636038,-0.2896668548842462,-1.0171428571428571,-0.7287878787878788,-1.1296432062561095,0.4690099660347078,0.29461236030256266,Business Equipment & Supplies,Industrials,ACCO
2018Q4,2018,Q4,2019-02-27,2018-12-31,35000000.0,529300000.0,66000000.0,0.34,177100000.0,0.3345928584923484,2786400000.0,789700000.0,880200000.0,599200000.0,1996700000.0,340600000.0,-656800000.0,696306000.0,1511806000.0,7.689386562804284,1.468958611481976,0.31671691070915875,1.1175129796125112,0.023493430382558477,7.689386562804284,0.04432062808661517,1.3155223880597016,4.9736142857142855,0.8817348360136762,0.17714285714285713,1.0340575455079273,0.008904131229660522,0.18995836922193512,0.8267690253671562,0.012561010623026126,6.806510263929619,0.3345928584923484,0.0,-0.22811189516520095,0.1633756356805792,0.24488573571244068,0.1013681592039801,-0.016853932584269662,0.14782608695652175,0.15046607830611705,0.32566778041177463,0.4024001645857779,Business Equipment & Supplies,Industrials,ACCO
2018Q3,2018,Q3,2018-10-30,2018-09-30,35600000.0,507300000.0,57500000.0,0.34,160800000.0,0.3169722057953873,2803200000.0,749100000.0,896600000.0,549200000.0,2054100000.0,332100000.0,-685600000.0,1156332000.0,2074732000.0,7.216763005780347,1.6325564457392572,0.3615154109589041,1.3528233880656788,0.023702417137067593,7.216763005780347,0.04752369510078761,2.279384979302188,8.120308988764044,1.54362835402483,0.17415730337078653,1.043360433604336,0.005361781910385599,0.18097174657534246,0.9399126001456665,0.012699771689497716,14.118827838827839,0.3169722057953873,0.4166666666666668,0.47579844689671286,0.18328085192357924,0.28458833822727586,-0.009852216748768473,0.3852140077821012,0.11003861003861004,0.13621050391857864,0.27617647387663385,0.3893233594015641,Business Equipment & Supplies,Industrials,ACCO
2018Q2,2018,Q2,2018-07-31,2018-06-30,25700000.0,498800000.0,51800000.0,0.24,162400000.0,0.32558139534883723,2847600000.0,748300000.0,944000000.0,543800000.0,2099300000.0,319200000.0,-714800000.0,1469485000.0,2401185000.0,7.0527803958529685,1.7359323280617873,0.37607107739851103,1.4311105171722571,0.016631436395618454,7.0527803958529685,0.03434451423225979,2.946040497193264,14.294601167315175,1.9637645329413338,0.245136186770428,1.0538847117794485,0.004287216269645488,0.17516505127124596,1.0507539536594337,0.009025143980896193,-19.360803689064557,0.32558139534883723,1.6666666666666667,1.8964928815913489,0.21321942172630817,0.311286175071845,0.27372549019607845,1.4711538461538463,3.427350427350427,-0.04596848555786544,0.2994772631810701,0.2747818773816416,Business Equipment & Supplies,Industrials,ACCO
2018Q1,2018,Q1,2018-05-01,2018-03-31,10400000.0,405800000.0,11700000.0,0.09,127500000.0,0.3141941843272548,2754700000.0,765000000.0,784800000.0,489100000.0,1989700000.0,294500000.0,-733900000.0,1340340000.0,2168740000.0,7.162921348314606,1.6045798405234104,0.34526445710966713,1.2432679738562091,0.011623763757127533,7.162921348314606,0.013594771241830065,3.3029571217348446,32.21971153846154,1.7520784313725493,0.6153846153846154,0.9449915110356536,0.004774907859199904,0.1473118669909609,0.897158045389491,0.0037753657385559227,25.579007633587786,0.3141941843272548,-0.8676470588235294,2.2258843112775697,0.22300444756554305,0.2818812016490995,-0.35993975903614456,-0.8594594594594595,-0.8530150753768844,2.880408110551466,0.4674415601188169,0.375831231368952,Business Equipment & Supplies,Industrials,ACCO
2017Q4,2017,Q4,2018-02-28,2017-12-31,74000000.0,566800000.0,79600000.0,0.68,199200000.0,0.3514467184191955,2799100000.0,774100000.0,829600000.0,538400000.0,2025000000.0,254200000.0,-739200000.0,1300520000.0,2156020000.0,7.261726078799249,1.5408618127786033,0.33310707012968455,1.2044955432114715,0.04924027581041356,7.261726078799249,0.09559488438186281,2.2944954128440367,4.393648648648648,1.6800413383283812,0.0,1.4461054287962234,0.0,0.202493658676003,1.014487369985141,0.02643706905791147,16.88987012987013,0.3514467184191955,1.4285714285714286,5.738013969574357,0.1372935439756512,0.2871613966332212,0.11973018549747048,1.4183006535947713,0.35604770017035775,0.774201130832055,0.29718549631680286,0.19642535395194682,Business Equipment & Supplies,Industrials,ACCO
2017Q3,2017,Q3,2017-11-01,2017-09-30,30600000.0,532200000.0,58700000.0,0.28,177900000.0,0.3342728297632469,2856700000.0,721500000.0,865100000.0,509900000.0,2135200000.0,307200000.0,-813100000.0,1286390000.0,2219590000.0,6.6743755781683625,1.6966071778780154,0.3621311303252004,1.4338184338184339,0.02054024755056673,6.6743755781683625,0.042411642411642414,2.417117624953025,10.509722222222223,1.782938322938323,0.0,1.1533203125,0.0,0.1862988763258305,1.019219454795058,0.010711660307347638,12.611666666666666,0.3342728297632469,0.33333333333333354,-0.42001166391827216,0.11096587431607265,0.11043230051609565,0.055786350148367955,0.3021276595744681,0.29295154185022027,-0.053118457568528225,0.1927494307943491,0.048830447997885586,Business Equipment & Supplies,Industrials,ACCO
2017Q2,2017,Q2,2017-08-03,2017-06-30,23500000.0,490000000.0,45400000.0,0.21,168500000.0,0.3438775510204082,2883300000.0,717000000.0,901700000.0,497300000.0,2166300000.0,332400000.0,-843700000.0,1275675000.0,2269775000.0,6.5479452054794525,1.8131912326563442,0.3802240488329345,1.5290097629009762,0.015442907776934875,6.5479452054794525,0.03277545327754533,2.6034183673469387,13.571010638297874,1.77918410041841,0.0,0.967208182912154,0.0,0.16994416120417577,1.0480595214156445,0.008150383241424756,-19.53560490045942,0.3438775510204082,6.0,-0.7853881278538812,-0.039128683438927586,0.047938223506905284,0.5207581227436823,5.527777777777778,3.881720430107527,0.15064205629515287,0.19483741751302233,-0.0020347758364426573,Business Equipment & Supplies,Industrials,ACCO
2017Q1,2017,Q1,2017-05-09,2017-03-31,3600000.0,359800000.0,9300000.0,0.03,110800000.0,0.3079488604780434,2698100000.0,717200000.0,741700000.0,411500000.0,1980900000.0,287300000.0,-867200000.0,1424145000.0,2327945000.0,6.622345337026777,1.8024301336573512,0.3788221340943627,1.4251254880089237,0.19249123210486976,6.622345337026777,0.0050195203569436695,3.9581573096164537,98.89895833333333,1.9857013385387619,0.0,0.866689871214758,0.0,0.13335310032986175,1.0046172539489673,0.0013342722656684333,23.65689368770764,0.3079488604780434,-0.5,1.1060273187505971,-0.36176863429821204,6.381261584260412,-0.27911515940143133,-0.4098360655737705,-0.8442211055276382,1.4849776262518646,0.14776075138153758,0.06188938897230832,Business Equipment & Supplies,Industrials,ACCO
2016Q4,2016,Q4,2017-02-27,2016-12-31,6100000.0,437600000.0,59700000.0,0.06,153700000.0,0.35123400365630714,2064500000.0,708700000.0,670700000.0,406400000.0,1355800000.0,210000000.0,-871700000.0,1402875000.0,2056175000.0,6.592558139534884,1.6503444881889764,0.337224509566481,0.982362071398335,0.014321225356084015,6.592558139534884,0.00860730915761253,3.2058386654478976,57.49487704918033,1.9795047269648653,0.0,1.351904761904762,0.0,0.2119641559699685,1.0676673228346456,0.002954710583676435,28.925257731958762,0.35123400365630714,-0.7142857142857143,-0.6649678377041068,-0.3557920703443611,6.910936619453732,0.06588072122052704,-0.7312775330396476,0.0718132854578097,-0.8714778096914666,-0.08112303835339421,0.06731291537108966,Business Equipment & Supplies,Industrials,ACCO
2016Q3,2016,Q3,2016-10-26,2016-09-30,22700000.0,431300000.0,55700000.0,0.21,144200000.0,0.33433804776257825,2156600000.0,724100000.0,739800000.0,373600000.0,1432500000.0,263500000.0,-877800000.0,1033408000.0000001,1716608000.0,6.754664179104478,1.9801927194860813,0.36362793285727535,1.0829995856925838,0.022235759654228037,6.754664179104478,0.03134926115177462,2.3960306051472298,11.381145374449341,1.4271619941996962,0.0,1.0895635673624289,0.0,0.19999072614300287,1.1929871520342612,0.010525827691736994,9.841980952380954,0.33433804776257825,-0.6315789473684211,-0.0009567546880980229,-0.34506837678314417,12.437345481183044,0.06973293768545995,-0.6332794830371568,0.22687224669603523,-0.08881727725011311,-0.025896731177870287,0.2023344574526304,Business Equipment & Supplies,Industrials,ACCO
2016Q2,2016,Q2,2016-08-02,2016-06-30,61900000.0,410100000.0,45400000.0,0.57,134800000.0,0.32870031699585467,2224500000.0,698700000.0,792300000.0,401700000.0,1525800000.0,303200000.0,-900500000.0,1106343000.0,1886443000.0,6.523809523809524,1.972367438386856,0.39393122049898854,1.2541863460712752,0.024816301300306865,6.523809523809524,0.08859310147416631,2.6977395757132405,4.468267366720517,1.5834306569343066,0.0,0.9079815303430079,0.0,0.18435603506405934,1.11277072442121,0.0278264778601933,-20.56399628252788,0.32870031699585467,13.249999999999998,-0.26993955476927617,-0.35987865770172395,13.724886420999496,0.6359223300970874,11.895833333333334,5.984615384615385,5.911238881517519,-0.01183699286166075,0.2129374171927364,Business Equipment & Supplies,Industrials,ACCO
2016Q1,2016,Q1,2016-04-27,2016-03-31,4800000.0,278100000.0,6500000.0,0.04,82400000.0,0.2962962962962963,1939700000.0,612700000.0,624300000.0,319400000.0,1327000000.0,260300000.0,-962400000.0,952778000.0,1571478000.0,5.77474081055608,1.9546023794614904,0.3717585193586637,1.1769218214460584,-0.00899685110211426,5.77474081055608,0.00783417659539742,3.4260266091334053,49.62385416666667,1.5550481475436593,0.0,0.7518248175182481,0.0,0.14337268649791204,1.0300563556668754,0.0024746094756921172,19.974381551362683,0.2962962962962963,-0.8620689655172413,1.3071874890913535,-0.5354135716765539,5.124814864682914,-0.4020319303338171,-0.8471337579617835,-0.8857644991212654,1.5695256047753692,-0.1563295240339303,0.03345148291897619,Business Equipment & Supplies,Industrials,ACCO
2015Q4,2015,Q4,2016-02-24,2015-12-31,31400000.0,412100000.0,56900000.0,0.29,137800000.0,0.334384858044164,1953400000.0,581200000.0,653600000.0,355300000.0,1372200000.0,203600000.0,-967200000.0,755780000.0,1420880000.0,5.483018867924528,1.839572192513369,0.3688440667554008,1.2396765313145217,0.027396386454255968,5.483018867924528,0.054026152787336544,1.8339723368114536,6.017356687898089,1.3003785271851342,0.0,1.3472495088408645,0.0,0.210965496058155,1.1953278919223191,0.016074536705231905,7.930535152151101,0.334384858044164,-0.03333333333333337,1.395948945615982,-0.42597188805875646,4.779023029271292,0.030665669409124907,-0.03680981595092025,0.03832116788321168,3.021834507842691,-0.1684340726862126,-0.028119465369447608,Business Equipment & Supplies,Industrials,ACCO
2015Q3,2015,Q3,2015-10-28,2015-09-30,32600000.0,413600000.0,54800000.0,0.3,133700000.0,0.32325918762088973,2026700000.0,561000000.0,710100000.0,368800000.0,1465700000.0,251600000.0,-998600000.0,763560000.0,1518660000.0,5.194444444444445,1.9254338394793926,0.40755908619924014,1.4723707664884136,0.026889714061227653,5.194444444444445,0.05811051693404635,1.8461315280464217,5.855521472392638,1.3610695187165776,0.0,1.1124801271860096,0.0,0.2040755908619924,1.0702277657266812,0.01608526175556323,13.882909090909092,0.32325918762088973,0.19999999999999996,2.0688271604938273,-0.364237476060881,3.930883864337102,0.055248618784530384,0.17689530685920576,0.11382113821138211,-0.3815318035426731,-0.13581182938724837,-0.1357874865156418,Business Equipment & Supplies,Industrials,ACCO
2015Q2,2015,Q2,2015-07-29,2015-06-30,27700000.0,394700000.0,49200000.0,0.25,126700000.0,0.3210032936407398,2194300000.0,603600000.0,810400000.0,471400000.0,1590700000.0,314100000.0,-1031200000.0,847707000.0,1651107000.0,5.532538955087076,1.7191344929995758,0.4057330355922162,1.4749834327369118,0.023331710935639547,5.532538955087076,0.04589131875414182,2.1477248543197365,7.6507851985559565,1.4044184890656064,0.0,0.8532314549506527,0.0,0.17987513102128241,0.8962664403903267,0.012623615731668413,-17.69743215031315,0.3210032936407398,5.999999999999999,1.8394844647299797,-0.37360364782660954,3.413878461295953,0.5798004987531172,5.775862068965517,17.923076923076923,-0.7461044912923923,-0.22317061679401506,-0.11456817946108976,Business Equipment & Supplies,Industrials,ACCO
2015Q1,2015,Q1,2015-04-29,2015-03-31,-5800000.0,290000000.0,2600000.0,-0.05,80200000.0,0.27655172413793105,2046500000.0,583100000.0,670000000.0,340100000.0,1463400000.0,273100000.0,-1058900000.0,930720000.0,1659620000.0,5.20625,1.970008820935019,0.4005375030539946,1.4057623049219687,0.0018859524059650125,5.20625,-0.009946835877208026,3.2093793103448274,-40.11724137931034,1.5961584633853543,0.0,0.7682167704137679,0.0,0.14170535059858294,0.950308732725669,-0.002834107011971659,22.59029126213592,0.27655172413793105,-1.131578947368421,0.3984042553191489,-0.5451254826254827,3.408993644067797,-0.49591451917033313,-1.132118451025057,-0.962043795620438,0.8348214285714286,-0.5025775107550808,5.230554538799414,Business Equipment & Supplies,Industrials,ACCO
2014Q4,2014,Q4,2015-02-25,2014-12-31,43900000.0,459900000.0,68500000.0,0.38,159100000.0,0.34594477060230483,2226400000.0,681000000.0,778800000.0,395400000.0,1545400000.0,229900000.0,-1053100000.0,1010922000.0,1758322000.0,6.06951871657754,1.9696509863429439,0.35959396334890403,1.1756240822320116,0.0342848627853015,6.06951871657754,0.0644640234948605,2.1981343770384867,5.756958997722096,1.484466960352423,0.0,1.3083949543279687,0.0,0.20656665468918434,1.1980273141122912,0.019717930291052822,10.563448275862068,0.34594477060230483,0.310344827586207,20.36310160427807,-0.3656417112299466,3.827608548849264,0.04739960500329164,0.28362573099415206,0.10841423948220065,1.3101319831607692,-0.3513240897883378,6.4419755859459364,Business Equipment & Supplies,Industrials,ACCO
2014Q3,2014,Q3,2014-10-29,2014-09-30,34200000.0,472200000.0,61800000.0,0.29,151900000.0,0.3216857263871241,2309500000.0,728000000.0,824400000.0,373100000.0,1581500000.0,286200000.0,-1097000000.0,789360000.0,1613460000.0,6.363636363636363,2.2095952827660144,0.38822255899545355,1.2315934065934067,0.024271875878517056,6.363636363636363,0.04697802197802198,1.671664548919949,5.770175438596492,1.0842857142857143,0.0,1.1191474493361286,0.0,0.2044598397921628,1.2310372554274993,0.014808400086598832,14.644897959183673,0.3216857263871241,0.611111111111111,11.555944055944055,-0.3011839323467231,4.376623376623376,0.16309341500765698,0.6056338028169014,0.40774487471526194,0.4104357181280259,-0.32808978105350856,11.775237032905745,Business Equipment & Supplies,Industrials,ACCO
2014Q2,2014,Q2,2014-07-30,2014-06-30,21300000.0,427700000.0,43900000.0,0.18,130600000.0,0.30535422024783726,2415000000.0,749300000.0,876600000.0,446700000.0,1665700000.0,329400000.0,-1131200000.0,732022000.0,1603922000.0,6.561295971978984,1.9623908663532572,0.39925465838509316,1.2868010142799946,0.015636321375090613,6.561295971978984,0.028426531429334045,1.711531447276128,8.59180751173709,0.9769411450687309,0.0,0.9019429265330905,0.0,0.1771014492753623,1.0465636892769197,0.008819875776397515,-15.031252566735112,0.30535422024783726,3.571428571428571,1.0837319711365072,-0.3281352143139613,4.338848090316103,0.47904869762174407,3.730769230769231,74.16666666666667,-0.7644022490552125,-0.3739123240067846,13.798004864072084,Business Equipment & Supplies,Industrials,ACCO
2014Q1,2014,Q1,2014-04-30,2014-03-31,-7800000.0,329400000.0,-600000.0,-0.07,88300000.0,0.26806314511232543,2302500000.0,709700000.0,768800000.0,373000000.0,1592800000.0,298600000.0,-1152500000.0,701008000.0,1527208000.0,6.236379613356767,2.0611260053619302,0.4002171552660152,1.2984359588558545,-0.00026813583715675176,6.236379613356767,-0.010990559391292095,2.1281360048573164,-22.468205128205128,0.9877525715090884,0.0,0.8074346952444742,0.0,0.14306188925081434,1.0343163538873994,-0.0033876221498371334,17.014757281553397,0.26806314511232543,-1.1627906976744187,0.46733617875972877,-0.4633141772779713,261.9685007435447,-0.48028251912889935,-1.155378486055777,-1.0089820359281436,0.5345961075310811,-0.486946981972772,5.454556866683404,Business Equipment & Supplies,Industrials,ACCO
2013Q4,2013,Q4,2014-02-25,2013-12-31,50200000.0,503700000.0,66800000.0,0.43,169900000.0,0.33730395076434383,2382900000.0,702300000.0,841700000.0,445100000.0,1680600000.0,254700000.0,-1144700000.0,764064000.0,1631464000.0,6.176781002638522,1.8910357223095933,0.3864618741869151,1.3112629930229247,0.03562839685150516,6.176781002638522,0.071479424747259,1.5169029184038119,3.8050996015936254,1.087945322511747,0.0,1.3105614448370633,0.0,0.21138109026816065,1.1804088968771063,0.02106676738427966,12.147281399046104,0.33730395076434383,0.8695652173913042,1.0930941618430112,-0.12745725536349897,99.82849604221636,0.20411055988660523,0.9015151515151515,0.32803180914512925,2.571059030472347,-0.3458943528536771,5.257179889036576,Business Equipment & Supplies,Industrials,ACCO
2013Q3,2013,Q3,2013-10-31,2013-09-30,26400000.0,469200000.0,50300000.0,0.23,141100000.0,0.3007246376811594,2389600000.0,638200000.0,819200000.0,412100000.0,1751400000.0,291000000.0,-1194900000.0,754304000.0,1684204000.0,5.617957746478873,1.987867022567338,0.41877301640441916,1.5680037605766217,0.019762214096605547,5.617957746478873,0.04136634283923535,1.6076385336743393,7.143030303030303,1.1819241617047946,0.0,1.127491408934708,0.0,0.19635085369936392,1.1290948798835234,0.011047874121191832,11.7127950310559,0.3007246376811594,1.8750000000000002,1.385191885256493,-0.48537639630888785,-0.1463602190660081,0.029175784099197667,1.7789473684210526,0.32717678100263853,1.3626760563380282,-0.3143257792901954,4.169844607211615,Business Equipment & Supplies,Industrials,ACCO
2013Q2,2013,Q2,2013-08-06,2013-06-30,9500000.0,440200000.0,37900000.0,0.08,137100000.0,0.31144934120854156,2462000000.0,611000000.0,875800000.0,499900000.0,1851000000.0,323300000.0,-1221300000.0,742944000.0,1737544000.0,5.378521126760563,1.7519503900780156,0.4426888708367181,1.78379705400982,0.013147953458326228,5.378521126760563,0.015548281505728314,1.687741935483871,19.551157894736843,1.215947626841244,0.0,0.9375193318898856,0.0,0.17879772542648253,0.9641928385677135,0.003858651502843217,-15.54276150627615,0.31144934120854156,2.0,1.0970571824954007,-0.5226704545454546,-0.2849746257777226,0.41778697001034126,2.0555555555555554,5.119565217391305,-0.06474561655648177,-0.3290679304897315,3.3466795998923473,Business Equipment & Supplies,Industrials,ACCO
2013Q1,2013,Q1,2013-05-08,2013-03-31,-9000000.0,352000000.0,-9200000.0,-0.08,96700000.0,0.2747159090909091,2400900000.0,633100000.0,775900000.0,358100000.0,1767800000.0,288100000.0,-1230800000.0,734184000.0,1683084000.0,5.587819947043248,2.1667132086009495,0.43775250947561334,1.6600852945822144,-0.002068912368118839,5.587819947043248,-0.01421576370241668,2.08575,-20.394000000000002,1.159665139788343,0.0,0.8861506421381464,0.0,0.1466116872839352,1.1429768221167271,-0.00374859427714607,9.364591836734695,0.2747159090909091,0.4539621868814415,-1.387466902030009,-0.6063754803210478,-0.3206717772246299,-0.4570466030320045,0.4578313253012048,-1.136701337295691,0.0772004281609735,-0.45421149304644454,3.5855505856657746,Business Equipment & Supplies,Industrials,ACCO
2012Q4,2012,Q4,2013-02-28,2012-12-31,-16600000.0,529700000.0,67300000.0,-0.14651,178100000.0,0.33622805361525393,2507700000.0,639200000.0,874300000.0,429400000.0,1868500000.0,265500000.0,-1221800000.0,831622000.0,1853722000.0,5.641659311562224,2.036096879366558,0.42752322845635443,1.677252816020025,-0.012193739140159187,5.641659311562224,-0.025969962453066334,1.5699867849726261,-12.524427710843373,1.3010356695869838,0.0,1.3242937853107344,0.0,0.21122941340670734,1.2778295295761528,-0.006619611596283447,13.745818181818182,0.33622805361525393,-1.3052291666666667,0.4457069849832427,-0.5258188158960271,-0.30364186914096214,0.1779100529100529,-1.3007246376811594,0.19326241134751773,-8.99964695498676,-0.2764573614088177,3.6282815564103874,Business Equipment & Supplies,Industrials,ACCO
2012Q3,2012,Q3,2012-10-31,2012-09-30,55200000.0,501200000.0,56400000.0,0.48,151200000.0,0.3016759776536313,2552700000.0,679800000.0,920000000.0,368700000.0,1872900000.0,319500000.0,-1205200000.0,704613000.0,1789913000.0,6.010610079575597,2.4952535937076212,0.47412543581306066,1.7803765813474552,0.03959497462486722,6.010610079575597,0.08120035304501325,1.4058519553072626,3.1911820652173915,1.0365004413062666,0.0,1.0954616588419406,0.0,0.19634112900066597,1.4659614863032275,0.021624162651310376,8.998888888888889,0.3016759776536313,-0.5102040816326531,2.029360651239367,-0.5162730245643611,-0.2559079681405726,0.2164119066773934,-0.4140127388535032,3.8620689655172415,19.498673740053054,-0.249740711039829,4.189303307529908,Business Equipment & Supplies,Industrials,ACCO
2012Q2,2012,Q2,2012-08-09,2012-06-30,94200000.0,438700000.0,11600000.0,0.98,124300000.0,0.2833371324367449,2527400000.0,588600000.0,933100000.0,413500000.0,1938800000.0,352400000.0,-1260400000.0,974028000.0,2139728000.0,6.248407643312102,2.256590084643289,0.49861517765292396,2.141012572205233,-0.0072698996137516535,6.248407643312102,0.1600407747196738,2.2202598586733533,2.585,1.654821610601427,0.0,0.8921679909194098,0.0,0.17357758961778902,1.2328899637243047,0.037271504312732455,-7.5156481481481485,0.2833371324367449,4.161290322580645,11.0,-0.45905769749812636,-0.17320751595478198,0.48329355608591884,6.413793103448276,1.9,1.4489291598023064,-0.16454037953788458,4.179628539313815,Business Equipment & Supplies,Industrials,ACCO
2012Q1,2012,Q1,2012-05-10,2012-03-31,-17400000.0,288900000.0,4000000.0,-0.31,83800000.0,0.2900657667012807,1044900000.0,-68300000.0,554900000.0,243100000.0,1113200000.0,202800000.0,-1354600000.0,688755000.0,1283755000.0,-1.2306306306306307,2.2825997531879887,0.6404440616326921,-9.797950219619327,0.008594074063034801,-1.2306306306306307,0.2547584187408492,2.3840602284527517,-9.895905172413793,-10.084260614934113,0.0,1.0113412228796843,0.0,0.27648578811369506,1.2723159193747429,-0.016652311225954636,-14.654361702127659,0.2900657667012807,-2.8235294117647056,-85.4918918918919,-0.37077517077517086,-1.1695577479319812,-0.2577502214348981,-2.851063829787234,-0.8885793871866295,-1.4364478764478767,-0.03485325816614169,-50.4971586971587,Business Equipment & Supplies,Industrials,ACCO
2011Q4,2011,Q4,2012-02-23,2011-12-31,9400000.0,350700000.0,35900000.0,0.17,112900000.0,0.3219275734245794,1116700000.0,-61900000.0,622900000.0,306100000.0,1178600000.0,197700000.0,-1337200000.0,535575000.0,1083375000.0,-1.1153153153153152,2.0349558967657626,0.599086594430017,-10.807754442649435,0.02821602575947732,-1.1153153153153152,-0.1518578352180937,1.5271599657827202,14.244015957446809,-8.652261712439419,0.0,1.202832574607992,0.0,0.3140503268559148,1.2763802678863116,0.008417659174353005,6.628403465346534,0.3219275734245794,-0.15,10.129009009009007,-0.34577462595134517,-1.1565507695195196,0.05415499533146592,-0.19658119658119658,0.014124293785310734,1.0357119910608283,0.24456621719474722,-16.845045045045044,Business Equipment & Supplies,Industrials,ACCO
2011Q3,2011,Q3,2011-10-26,2011-09-30,11700000.0,339100000.0,35400000.0,0.2,107100000.0,0.31583603656738424,1050300000.0,-32600000.0,553800000.0,255100000.0,1082900000.0,217700000.0,-1346600000.0,263303999.99999997,890804000.0,-0.5905797101449275,2.1709133673069383,0.6367704465390841,-20.515337423312882,0.04299677059815381,-0.5905797101449275,-0.3588957055214724,0.7764789147744028,5.626153846153846,-8.07680981595092,0.0,1.065686724850712,0.0,0.3228601351994668,1.159545276362211,0.011139674378748929,75.22971428571428,0.31583603656738424,-0.7333333333333334,-0.3734986788373769,-0.341633207334634,-1.0733937618879295,0.015165876777251185,-0.7322654462242563,0.1568627450980392,1.3513163143199043,-0.23458187572880235,-1.0897376514994535,Business Equipment & Supplies,Industrials,ACCO
2011Q2,2011,Q2,2011-07-27,2011-06-30,43700000.0,330200000.0,30600000.0,0.75,105500000.0,0.31950333131435493,1135800000.0,-28300000.0,624100000.0,284800000.0,1164100000.0,221600000.0,-1358300000.0,433320000.0,1057920000.0,-0.5126811594202898,2.1913623595505616,0.6315372424722663,-25.346289752650176,0.0227477078834649,-0.5126811594202898,-1.5441696113074206,1.3122955784373107,2.4789473684210526,-15.31166077738516,0.0,1.0139891696750902,0.0,0.29072019721782005,1.2714185393258426,0.03847508364148618,15.7,0.31950333131435493,6.0,5.313775510204081,-0.30948420083084266,-1.0677652819629788,0.12114771519659936,6.395061728395062,1.0816326530612246,1.9188079942897929,-0.26314064558629774,-1.068156288546921,Business Equipment & Supplies,Industrials,ACCO
2011Q1,2011,Q1,2011-04-27,2011-03-31,-8100000.0,310300000.0,14700000.0,-0.15,94100000.0,0.3032549145987754,1094200000.0,-77000000.0,567000000.0,273900000.0,1171200000.0,226000000.0,-1402000000.0,524699999.99999994,1232600000.0,-1.4,2.0700985761226725,0.6651434838237982,-9.451948051948053,0.055442252891546064,-1.4,0.10519480519480519,1.6909442475024168,-16.194444444444443,-6.814285714285714,0.0,0.9566371681415929,0.0,0.2835861816852495,1.0748448338809784,-0.007402668616340705,-8.07230769230769,0.3032549145987754,-2.2500000000000004,-77.05454545454546,-0.361894230396151,-1.1823095823095822,-0.2092436974789916,-2.1911764705882355,-0.5905292479108635,-3.4263636363636367,-0.2851935277836917,-1.1702022471910112,Business Equipment & Supplies,Industrials,ACCO
2010Q4,2010,Q4,2011-02-24,2010-12-31,6800000.0,372500000.0,35900000.0,0.12,119000000.0,0.3194630872483222,1149600000.0,-79800000.0,620700000.0,327900000.0,1229400000.0,216100000.0,-1393900000.0,468600000.0,1113000000.0,-1.450909090909091,1.8929551692589204,0.6329157967988865,-9.117794486215539,0.014814803493316299,-1.450909090909091,-0.08521303258145363,1.257986577181208,17.227941176470587,-5.872180451127819,0.0,1.1730680240629339,0.0,0.32402574808629087,1.11741384568466,0.005915100904662491,6.994029850746268,0.3194630872483222,0.1999999999999999,-0.7763574309649395,-0.3013730139070739,-1.1883374524079886,0.1643835616438356,0.25925925925925924,0.15064102564102563,1.4677431659249842,-0.3130773426049017,-1.1790877978968328,Business Equipment & Supplies,Industrials,ACCO
2010Q3,2010,Q3,2010-10-27,2010-09-30,5400000.0,330700000.0,31200000.0,0.1,102200000.0,0.3090414272754763,1097300000.0,-97300000.0,545400000.0,283500000.0,1194600000.0,233300000.0,-1400700000.0,315675000.0,1027475000.0,-1.7723132969034607,1.9238095238095239,0.6617151189282785,-7.462487153134635,0.019415864586790572,-1.7723132969034607,-0.05549845837615622,0.9545660719685516,14.614583333333334,-3.244347379239466,0.0,0.9794256322331761,0.0,0.3013761049849631,0.9767195767195768,0.0049211701449011205,-13.906387665198238,0.3090414272754763,0.11111111111111122,0.1857923497267759,-0.38006239814300075,-1.1865592944108905,0.03232323232323232,0.10204081632653061,0.18631178707224336,-0.38948558507631437,-0.34247283500183917,-1.219406047759713,Business Equipment & Supplies,Industrials,ACCO
2010Q2,2010,Q2,2010-07-28,2010-06-30,4900000.0,316500000.0,26300000.0,0.09,99000000.0,0.3127962085308057,1064000000.0,-125600000.0,523800000.0,281300000.0,1189600000.0,213400000.0,-1406100000.0,273452000.0,965052000.0,-2.291970802919708,1.8620689655172413,0.6824248120300752,-5.781050955414012,0.030776155005963493,-2.291970802919708,-0.03901273885350318,0.8639873617693523,13.951632653061225,-2.1771656050955412,0.0,1.0192127460168696,0.0,0.2974624060150376,0.9729825808745112,0.004605263157894736,9.731387900355871,0.3127962085308057,2.0,-0.8996289537712896,-0.6590257302534506,-0.3363890536741379,0.03991596638655462,2.0425531914893615,0.2175925925925926,0.07299270072992708,-0.3291469949584951,-1.3032747448117232,Business Equipment & Supplies,Industrials,ACCO
2010Q1,2010,Q1,2010-05-07,2010-03-31,-4700000.0,310800000.0,21600000.0,-0.09,95200000.0,0.3063063063063063,1062700000.0,-118000000.0,507700000.0,267600000.0,1180700000.0,198900000.0,-1411000000.0,418236000.0,1132036000.0,-2.161172161172161,1.897234678624813,0.6977510115742919,-6.283898305084746,-0.06778006345664377,-2.161172161172161,0.03983050847457627,1.3456756756756756,-22.246595744680853,-3.5443728813559323,0.0,1.0839617898441427,0.0,0.2924625952761833,1.0056053811659194,-0.004422696904112167,-13.894883720930233,0.3063063063063063,-6.0,0.5915244386860108,-0.4849648331152838,-1.4696571771205802,-0.12258064516129032,-5.7,-0.22580645161290322,-24.198717948717945,-0.31191885038038886,-1.297768863719784,Business Equipment & Supplies,Industrials,ACCO
2009Q4,2009,Q4,2010-02-26,2009-12-31,1000000.0,352800000.0,27900000.0,0.018,108500000.0,0.30753968253968256,1106800000.0,-117200000.0,537100000.0,298900000.0,1224000000.0,202400000.0,-1406300000.0,397488000.0,1079688000.0,-2.1465201465201464,1.7969220475075276,0.6557643657390676,-6.19283276450512,0.011460729543213933,-2.1465201465201464,-0.008532423208191127,1.1266666666666667,99.372,-3.3915358361774746,0.0,1.20701581027668,0.0,0.318756776292013,1.015389762462362,0.0009035056017347307,10.432755905511812,0.30753968253968256,-0.10000000000000009,-0.9544360808097072,-0.4490433506147762,-1.4494550572704878,0.08608608608608609,-0.23076923076923078,0.014545454545454545,1.9871794871794872,-0.3310085995449038,-1.3012954059829058,Business Equipment & Supplies,Industrials,ACCO
2009Q3,2009,Q3,2009-10-28,2009-09-30,1300000.0,322500000.0,27500000.0,0.02,99900000.0,0.3097674418604651,1078000000.0,-102900000.0,528100000.0,310900000.0,1180900000.0,214000000.0,-1407300000.0,394212000.0,1112012000.0,-1.8846153846153846,1.6986169186233515,0.6880333951762523,-7.207968901846453,0.008316374452097685,-1.8846153846153846,-0.012633624878522837,1.2223627906976744,75.81,-3.831020408163265,0.0,1.0401869158878505,0.0,0.29916512059369205,0.8951431328401416,0.0012059369202226345,13.783636363636363,0.3097674418604651,1.0089686098654709,-0.9254836453328916,-0.4560901060406315,-1.4717583657666207,0.125,1.0107084019769357,1.5,-0.9296237832149435,-0.36698167617638766,-1.234208880550344,Business Equipment & Supplies,Industrials,ACCO
2009Q2,2009,Q2,2009-07-27,2009-06-30,-121400000.0,303800000.0,11000000.0,-2.23,88800000.0,0.2922975641869651,1100100000.0,-107100000.0,559100000.0,424100000.0,1207200000.0,229600000.0,-1408600000.0,153690000.0,845190000.0,-1.965137614678899,1.3183211506720114,0.6585764930460867,-6.764705882352941,0.5940580313758156,-1.965137614678899,1.1335200746965453,0.5058920342330481,-0.316495057660626,-1.435014005602241,0.0,0.936411149825784,0.0,0.2761567130260885,0.683093609997642,-0.11035360421779838,6.273061224489796,0.2922975641869651,-16.153846153846153,-14.937092459751517,-0.4827677879714577,-1.557060979808413,0.08160779537149818,-16.34285714285714,-0.1791044776119403,-11.13772701741247,-0.35653208629326855,-1.2597483876828048,Business Equipment & Supplies,Industrials,ACCO
2009Q1,2009,Q1,2009-05-06,2009-03-31,-7000000.0,293400000.0,13400000.0,-0.13,82100000.0,0.2798227675528289,1199800000.0,-1300000.0,601500000.0,422100000.0,1201100000.0,239000000.0,-1287200000.0,53312000.0,776012000.0,-0.02389705882352941,1.4250177683013503,0.6170195032505418,-569.4615384615385,0.013977221470455572,-0.02389705882352941,5.384615384615385,0.18170415814587593,-1.9040000000000001,-41.00923076923077,0.0,0.8841004184100418,0.0,0.2445407567927988,0.6242596541104004,-0.005834305717619603,-1.5961676646706586,0.2798227675528289,0.9725891642857896,-5.606903594771242,-0.49164994595342393,-1.0067915383003032,-0.17404426559356137,0.9728682170542635,1.0754079909960608,-67.1985294117647,-0.3899930330646983,-1.0031119020089607,Business Equipment & Supplies,Industrials,ACCO
2008Q4,2008,Q4,2009-03-02,2008-12-31,-258000000.0,276200000.0,-177700000.0,-4.74265,99400000.0,0.3598841419261405,1282200000.0,-3400000.0,664700000.0,463800000.0,1285600000.0,266500000.0,-1280200000.0,187680000.0,878280000.0,-0.0625,1.4331608451918931,0.5527218842614257,-208.44117647058823,-0.26705476430161984,-0.0625,75.88235294117646,0.679507603186097,-0.1818604651162791,-55.2,0.0,0.6634146341463415,0.0,0.2154110123225706,0.6315222078482104,-0.20121665886757137,7.537349397590361,0.3598841419261405,-6.904416666666668,-23.592464359416116,-0.5511254179004218,-1.018575098230921,-0.23420647149460708,-6.889908256880734,-135.69230769230768,-9.578849628588635,-0.4762710942687702,-1.008112907176096,Business Equipment & Supplies,Industrials,ACCO
2008Q3,2008,Q3,2008-11-06,2008-09-30,-32700000.0,435000000.0,-1300000.0,-0.6,129800000.0,0.2983908045977012,1657700000.0,356700000.0,716900000.0,422400000.0,1301000000.0,282000000.0,-1022200000.0,408668000.0,1145368000.0,6.581180811808118,1.6972064393939394,0.4653435482897991,2.16260162601626,-0.002165679858413139,6.581180811808118,-0.09167367535744322,0.9394666666666667,-3.124373088685015,1.1456910569105692,0.0,1.0822695035460992,0.0,0.2624117753513905,0.8622159090909091,-0.01972612656089763,10.425204081632653,0.2983908045977012,0.3023255813953489,-2.9736969698800553,-0.26732877088211626,1.0285713147165414,0.010116731517509728,0.29978586723768735,0.9657894736842105,-8.273370233702337,-0.17400750957948266,-0.30724412507282967,Business Equipment & Supplies,Industrials,ACCO
2008Q2,2008,Q2,2008-08-06,2008-06-30,-46700000.0,440000000.0,-38000000.0,-0.86,128500000.0,0.29204545454545455,1814200000.0,407700000.0,775200000.0,489500000.0,1406500000.0,310400000.0,-989400000.0,608666000.0,1410366000.0,7.522140221402214,1.5836567926455567,0.4607540513725058,2.0502820701496196,-0.0261026492542185,7.522140221402214,-0.11454500858474369,1.3833318181818182,-3.25838329764454,1.492926171204317,0.0,1.0035438144329898,0.0,0.2425311432036159,0.7971399387129724,-0.025741373608201962,-46.82046153846154,0.29204545454545455,-27.666666666666668,-1.6839138444077648,-0.24292904629309217,1.6489471378033878,0.0190325138778747,-24.944444444444443,-4.486238532110092,-1.9671871626879534,-0.520728237693826,5.385965929093921,Business Equipment & Supplies,Industrials,ACCO
2008Q1,2008,Q1,2008-05-07,2008-03-31,-1800000.0,427000000.0,10900000.0,-0.03,126100000.0,0.29531615925058546,1887700000.0,445000000.0,787700000.0,492300000.0,1442700000.0,317400000.0,-942800000.0,734137000.0,1526537000.0,8.22550831792976,1.6000406256347754,0.4402182550193357,1.8674157303370786,0.005913913672534362,8.22550831792976,-0.004044943820224719,1.7192903981264638,-101.96347222222224,1.6497460674157303,0.0,0.9480151228733459,0.0,0.2262011972241352,0.8019500304692261,-0.0009535413466122795,-12.789843205574913,0.29531615925058546,0.8865055044830326,-7.3941830167249405,-0.25695451780673473,1.7361183487852192,-0.27611940298507465,0.8741258741258742,-0.09917355371900827,0.8421167335275932,-0.28586696023953156,0.7875341383656654,Business Equipment & Supplies,Industrials,ACCO
2007Q4,2007,Q4,2008-02-29,2007-12-31,-14300000.0,533400000.0,12100000.0,-0.26433,174200000.0,0.3265841769778778,1898500000.0,438300000.0,821900000.0,498200000.0,1460200000.0,299400000.0,-940900000.0,867764054.1,1600764054.1,8.101663585951941,1.6497390606182256,0.4083750329207269,1.7688797627195985,0.04882026686063692,8.101663585951941,-0.03262605521332421,1.6268542446569179,-15.170700246503495,1.979840415468857,0.0,1.1997327989311957,0.0,0.2809586515670266,0.918506623845845,-0.007532262312351857,19.456593141255606,0.3265841769778778,-2.6520625,-2.314703222560169,-0.12247477061568392,2.0673289468448273,0.17543859649122806,-2.6436781609195403,-0.5518518518518518,-1.6575858932605696,-0.15930736771256507,0.6963892358119448,Business Equipment & Supplies,Industrials,ACCO
2007Q3,2007,Q3,2007-11-08,2007-09-30,8700000.0,494700000.0,27000000.0,0.16,148200000.0,0.29957550030321406,1889700000.0,436200000.0,822000000.0,482700000.0,1453500000.0,307400000.0,-926600000.0,1249019946.0,2028219946.0,8.077777777777778,1.7029210689869485,0.4356776207863682,1.8874369555249886,0.014132592298531163,8.077777777777778,0.019944979367262722,2.524802801697999,35.89137775862069,2.8634111554332877,0.0,1.127195836044242,0.0,0.26178758533100493,0.9082245701263725,0.004603905381806636,89.85755007194244,0.29957550030321406,1.0,7.0950514647664304,-0.1705520594694666,1.7924719279967587,0.0684931506849315,0.9333333333333333,0.3235294117647059,-0.49577266675256615,-0.15639715992094186,1.0220355169434607,Business Equipment & Supplies,Industrials,ACCO
2007Q2,2007,Q2,2007-08-09,2007-06-30,4500000.0,464900000.0,20400000.0,0.08,138700000.0,0.29834372983437296,1863200000.0,408100000.0,818300000.0,486300000.0,1455100000.0,315100000.0,-935300000.0,1244699946.0,2034599946.0,7.557407407407408,1.682706148468024,0.443215972520395,2.0235236461651556,0.012950806386254964,7.557407407407408,0.011026709139916687,2.6773498515809853,69.149997,3.049987615780446,0.0,1.0352269120913995,0.0,0.249516960068699,0.8819658646925767,0.002415199656504938,-141.4431756818182,0.29834372983437296,79.0,-0.3694166269273566,-0.21638831953282214,1.5533021215053282,0.07352941176470588,21.5,0.5692307692307692,-0.47860273266305753,-0.20115948493296168,1.1423114308814581,Business Equipment & Supplies,Industrials,ACCO
2007Q1,2007,Q1,2007-05-10,2007-03-31,200000.0,445900000.0,13000000.0,0.001,129200000.0,0.28975106526126937,1807000000.0,391200000.0,776000000.0,449700000.0,1415800000.0,288100000.0,-939800000.0,1298451000.0,2080051000.0,7.257884972170687,1.7255948410051145,0.4496956281128943,2.07719836400818,-0.0032397408207343417,7.257884972170687,0.0005112474437627812,2.911978021978022,1623.06375,3.319148773006135,0.0,1.0992710864283235,0.0,0.24676258992805755,0.917500555926173,0.00011068068622025456,-47.04532608695652,0.28975106526126937,1.0549148819330039,1.0099930738881158,-0.2409310975564705,-0.04290695163456112,-0.21839080459770116,1.2,-0.49612403100775193,-0.8671531642960215,-0.2202589987134628,1.062689142278783,Business Equipment & Supplies,Industrials,ACCO
