Quarters,Year,Quarter,FillingDate,Date,NetIncome,Revenue,OperatingIncome,EPSDiluted,GrossProfit,GrossProfitRatio,TotalAssets,CommonStockEquity,CurrentAssets,CurrentLiability,TotalLiability,Inventory,RetainedEarnings,MarketCap,EnterpriseValue,bookValuePerShare,currentRatio,debtToAssets,debtToEquity,roic,shareholdersEquityPerShare,roe,priceToSalesRatio,peRatio,pbRatio,payoutRatio,inventoryTurnover,dividendYield,assetTurnover,quickRatio,returnOnAssets,priceToFreeCashFlowsRatio,grossProfitMargin,epsdilutedGrowth,fiveYNetIncomeGrowthPerShare,fiveYRevenueGrowthPerShare,fiveYShareholdersEquityGrowthPerShare,grossProfitGrowth,netIncomeGrowth,operatingIncomeGrowth,threeYNetIncomeGrowthPerShare,threeYRevenueGrowthPerShare,threeYShareholdersEquityGrowthPerShare,Industry,Sector,Symbol
2023Q1,2023,Q1,2023-04-28,2023-03-31,372000000.0,4770000000.0,909000000.0,0.45,2712000000.0,0.5685534591,16173000000.0,-6000000.0,5466000000.0,4404000000.0,15748000000.0,2110000000.0,24153000000.0,62479710000.00001,70519710000.0,-0.007216742843396681,1.2411444141689374,0.5530204662091139,-1490.6666666666667,0.07505178275057049,-0.007216742843396681,-62.0,13.09847169811321,41.98905241935484,-10413.285,1.0483870967741935,0.9753554502369668,0.006242026411454214,0.29493600445186424,0.5579019073569482,0.023001298460396957,109.23026223776225,0.5685534591194968,7.7378640776699035,-0.382196727954596,0.25498292470315237,0.974628366726468,0.053613053613053616,7.651162790697675,-0.4470802919708029,-0.4637626986917341,0.19997593831895508,0.9452740978539237,Household & Personal Products,Consumer Defensive,CL
2022Q4,2022,Q4,2023-02-16,2022-12-31,43000000.0,4629000000.0,1644000000.0,0.0515,2574000000.0,0.5560596241,15731000000.0,401000000.0,5113000000.0,3979000000.0,14925000000.0,2074000000.0,24573000000.0,65600554000.00001,73724554000.0,0.48162382896949313,1.284996230208595,0.5656983027143856,22.19201995012469,0.05461962820453387,0.48162382896949313,0.10723192019950124,14.171647007993089,381.39856976744187,163.59240399002496,11.279069767441861,0.9908389585342333,0.007393230246195787,0.2942597419108766,0.572756974114099,0.0027334562329158984,145.1339690265487,0.5560596241088788,-0.9304054054054054,-0.8596139215512747,0.2542163517050196,8.047762030586917,0.01020408163265306,-0.93042071197411,0.7360084477296727,-0.9311902717003715,0.18629852800975444,2.5265567032321776,Household & Personal Products,Consumer Defensive,CL
2022Q3,2022,Q3,2022-10-28,2022-09-30,618000000.0,4455000000.0,947000000.0,0.74,2548000000.0,0.5719416386,16288000000.0,622000000.0,5278000000.0,4463000000.0,15235000000.0,2073000000.0,24566000000.0,58707925000.0,66017925000.0,0.7442862271149934,1.1826125924266189,0.5081655206286837,13.307073954983922,0.08136325087164024,0.7442862271149934,0.9935691318327974,13.177985409652075,23.7491605987055,94.38573151125402,0.6343042071197411,0.9199228171731789,0.006677122381688673,0.27351424361493126,0.5294644857719023,0.03794204322200393,73.93945214105794,0.5719416386083053,0.027777777777777804,0.07294479723713158,0.18140128737957434,7.069378520557173,-0.0023492560689115116,0.024875621890547265,0.07126696832579185,0.09863061569502472,0.1653792739820541,2.9725882198260645,Household & Personal Products,Consumer Defensive,CL
2022Q2,2022,Q2,2022-07-29,2022-06-30,603000000.0,4484000000.0,884000000.0,0.72,2554000000.0,0.5695807315,15711000000.0,168000000.0,5160000000.0,4395000000.0,15153000000.0,2012000000.0,24342000000.0,67061152000.0,74189152000.0,0.20076481835564053,1.174061433447099,0.5083062822226465,47.535714285714285,0.0823732915455951,0.20076481835564053,3.5892857142857144,14.955653880463872,27.803131011608624,399.17352380952383,0.7230514096185738,0.9592445328031809,0.006501528634640813,0.28540513016357966,0.5342434584755403,0.038380752339125454,191.60329142857142,0.5695807314897413,0.014084507042253534,0.21539753404463396,0.23780708426495198,1.7332063903417978,-0.006998444790046656,0.0,0.027906976744186046,0.05680138541755036,0.19118010720513887,1.4972256048842578,Household & Personal Products,Consumer Defensive,CL
2022Q1,2022,Q1,2022-04-29,2022-03-31,603000000.0,4399000000.0,860000000.0,0.71,2572000000.0,0.584678336,15723000000.0,321000000.0,4989000000.0,4566000000.0,14995000000.0,1924000000.0,24149000000.0,63742698000.0,70472698000.0,0.38187009279086365,1.092641261498029,0.4838135215925714,23.697819314641745,0.08227824000913887,0.38187009279086365,1.8785046728971964,14.490270061377586,26.42732089552239,198.5753831775701,0.6268656716417911,0.9495841995841996,0.005930091004306094,0.2797812122368505,0.5275952693823915,0.0383514596451059,241.44961363636364,0.5846783359854513,2.227272727272727,0.11339456778992453,0.23067056226641483,2.0793625274507255,0.005080109417741305,2.2074468085106385,2.028169014084507,0.10419853166105844,0.16142887981783396,1.5963261231625443,Household & Personal Products,Consumer Defensive,CL
2021Q4,2021,Q4,2022-02-17,2021-12-31,188000000.0,4403000000.0,284000000.0,0.22,2559000000.0,0.58119464,15040000000.0,609000000.0,4397000000.0,4051000000.0,14069000000.0,1692000000.0,24350000000.0,71864814000.0,78865814000.0,0.7231920199501247,1.0854110096272525,0.5208111702127659,12.862068965517242,0.018249183107064245,0.7231920199501247,0.30870279146141216,16.321783783783783,95.56491223404255,118.00462068965517,2.6382978723404253,1.0898345153664302,0.006901847683067822,0.2927526595744681,0.5255492470994816,0.0125,78.71283023001095,0.5811946400181695,-0.7066666666666667,-0.6740750669295644,0.24314382010574198,3.6329546504110097,-0.024399542508577964,-0.7034700315457413,-0.7063081695966908,-0.682437784213049,0.18264210025099056,7.111681580362819,Household & Personal Products,Consumer Defensive,CL
2021Q3,2021,Q3,2021-10-29,2021-09-30,634000000.0,4414000000.0,967000000.0,0.75,2623000000.0,0.5942455822383326,15880000000.0,591000000.0,4670000000.0,4281000000.0,14853000000.0,1670000000.0,24201000000.0,63759288000.0,70497288000.0,0.7005689900426743,1.0908666199486101,0.48463476070528966,13.021996615905245,0.09315951437943382,0.7005689900426743,1.0727580372250423,14.444786588128682,25.141675078864353,107.88373604060914,0.610410094637224,1.0724550898203593,0.006069703915137823,0.2779596977329975,0.5564120532585844,0.03992443324937028,74.398235705951,0.5942455822383326,-0.09638554216867466,-0.04515750568382144,0.20680680271958707,5.6980261820982046,0.02621283255086072,-0.09815078236130868,-0.029116465863453816,0.24844901256293023,0.18227695904788518,2.4154752059280824,Household & Personal Products,Consumer Defensive,CL
2021Q2,2021,Q2,2021-07-30,2021-06-30,703000000.0,4260000000.0,996000000.0,0.83,2556000000.0,0.6,15999000000.0,464000000.0,4652000000.0,4203000000.0,15137000000.0,1700000000.0,23946000000.0,68789560000.0,75818560000.0,0.5487228003784295,1.1068284558648585,0.49790611913244576,17.16810344827586,0.09186647895949483,0.5487228003784295,1.5150862068965518,16.147784037558687,24.462859174964436,148.25336206896552,0.5974395448079659,1.0023529411764707,0.0061055776487013436,0.26626664166510405,0.5662621936711872,0.043940246265391586,138.40957746478873,0.6,0.037499999999999895,0.2385913355408389,0.17121659676710965,2.7455633852607764,-0.030716723549488054,0.032305433186490456,-0.00796812749003984,0.13767434417184382,0.13007918194562038,1.9145729734032064,Household & Personal Products,Consumer Defensive,CL
2021Q1,2021,Q1,2021-04-30,2021-03-31,681000000.0,4344000000.0,1004000000.0,0.8,2637000000.0,0.6070441988950276,15801000000.0,262000000.0,4563000000.0,4539000000.0,15138000000.0,1676000000.0,23624000000.0,66895138000.0,73733138000.0,0.3087438133396182,1.0052875082617316,0.49572811847351433,29.896946564885496,0.09434878270898803,0.3087438133396182,2.599236641221374,15.399433241252302,24.55768649045521,255.32495419847328,0.5521292217327459,1.0184964200477327,0.005620737339685285,0.2749193089044997,0.5280898876404494,0.04309853806721094,136.24264358452137,0.6070441988950276,0.06666666666666672,0.3455772425524616,0.21607330734437918,1.7457414756259912,-0.0022701475595913734,0.05255023183925812,0.03611971104231166,0.10805513032785115,0.11973756228178618,2.085439093162658,Household & Personal Products,Consumer Defensive,CL
2020Q4,2020,Q4,2021-02-18,2020-12-31,647000000.0,4324000000.0,969000000.0,0.75,2643000000.0,0.6112395929694727,15920000000.0,743000000.0,4338000000.0,4404000000.0,14819000000.0,1673000000.0,23699000000.0,73034091000.0,80360091000.0,0.8699215548530617,0.9850136239782016,0.5159547738693467,11.055181695827725,0.07837551632969361,0.8699215548530617,0.8707940780619112,16.890400323774283,28.220282457496136,98.2962193808883,0.7604327666151468,1.0047818290496116,0.00673658004451647,0.27160804020100504,0.48864668483197093,0.04064070351758794,91.06495137157107,0.6112395929694727,-0.07407407407407414,2.4781613373765077,0.16042075039640277,3.6001635236527796,0.04055118110236221,-0.07306590257879657,-0.0481335952848723,1.0591479525276546,0.1420855788649225,13.72985208601647,Household & Personal Products,Consumer Defensive,CL
2020Q3,2020,Q3,2020-10-30,2020-09-30,698000000.0,4153000000.0,1018000000.0,0.81,2540000000.0,0.6116060679027209,15466000000.0,653000000.0,4367000000.0,4481000000.0,14393000000.0,1578000000.0,23052000000.0,66271850000.00001,72518850000.0,0.760186263096624,0.9745592501673733,0.46786499418078364,11.081163859111792,0.09941584783598385,0.760186263096624,1.0689127105666156,15.957584878401157,23.736335959885388,101.48828483920369,0.5415472779369628,1.0221799746514575,0.0057037792064051325,0.26852450536661066,0.509038161124749,0.045131255657571444,75.99982798165138,0.6116060679027209,0.09459459459459468,0.00743352671599048,0.08819850480664393,1.6833084526010638,0.07218235542422963,0.09921259842519685,0.07610993657505286,0.17896676914461296,0.07144257815498053,7.199037425085155,Household & Personal Products,Consumer Defensive,CL
2020Q2,2020,Q2,2020-07-31,2020-06-30,635000000.0,3897000000.0,946000000.0,0.74,2369000000.0,0.6079035155247626,15141000000.0,268000000.0,4212000000.0,4580000000.0,14409000000.0,1524000000.0,22731000000.0,62813124000.00001,69208124000.0,0.3125728947982272,0.9196506550218341,0.4882108183079057,27.582089552238806,0.09355961705831158,0.3125728947982272,2.3694029850746268,16.11832794457275,24.729576377952757,234.37732835820898,0.647244094488189,1.0026246719160106,0.006543218579607663,0.2573806221517733,0.48646288209606986,0.04193910573938313,66.1887502634352,0.6079035155247626,-0.10843373493975901,0.1671722060617587,0.011197845761863987,-0.3771950646817702,-0.03894523326572008,-0.11188811188811189,-0.0063025210084033615,0.24914529457956516,0.04991939428103613,2.1415368777796413,Household & Personal Products,Consumer Defensive,CL
2020Q1,2020,Q1,2020-05-01,2020-03-31,715000000.0,4097000000.0,952000000.0,0.83,2465000000.0,0.6016597510373444,15070000000.0,-113000000.0,4248000000.0,4443000000.0,14729000000.0,1301000000.0,22481000000.0,56863884000.0,63855884000.0,-0.1318706966973976,0.9561107359891965,0.5206370272063703,-69.43362831858407,0.10288865754905155,-0.1318706966973976,-6.327433628318584,13.879395655357579,19.882476923076922,-503.22021238938055,0.5216783216783217,1.2544196771714067,0.006559523791937955,0.27186463171864633,0.5413009227999099,0.04744525547445255,82.89195918367346,0.6016597510373444,0.10666666666666662,0.3973942371002659,0.06631065124471594,-1.2602152856352777,0.02112676056338028,0.1119751166407465,0.022556390977443608,0.2950814134180125,0.12437985818469938,0.6272651585680905,Household & Personal Products,Consumer Defensive,CL
2019Q4,2019,Q4,2020-02-21,2019-12-31,643000000.0,4015000000.0,931000000.0,0.75,2414000000.0,0.6012453300124533,15034000000.0,117000000.0,4179000000.0,4038000000.0,14476000000.0,1400000000.0,22501000000.0,58975228000.0,66084228000.0,0.13657056145675264,1.034918276374443,0.5315950512172409,68.3076923076923,0.08345550495192655,0.13657056145675264,5.495726495726496,14.688724283935242,22.92971539657854,504.0617777777779,0.7371695178849145,1.1435714285714285,0.008037272869890389,0.2670613276573101,0.5752847944526993,0.042769721963549286,68.49619976771196,0.6012453300124533,0.1194029850746268,0.0848380208755415,0.00782184117404831,-0.8917335383106598,0.04231433506044905,0.11245674740484429,0.08761682242990654,0.09573518925372168,0.11427693253805071,1.4972180070814367,Household & Personal Products,Consumer Defensive,CL
2019Q3,2019,Q3,2019-11-01,2019-09-30,578000000.0,3928000000.0,856000000.0,0.67,2316000000.0,0.5896130346232179,15026000000.0,-324000000.0,4349000000.0,4231000000.0,14852000000.0,1371000000.0,21860000000.0,63123037000.00001,70326037000.0,-0.3773145452428089,1.0278893878515718,0.5424597364568082,-25.15740740740741,0.08636255241254598,-0.3773145452428089,-1.7839506172839505,16.070019602851325,27.30235164359862,-194.82418827160495,0.6401384083044983,1.175784099197666,0.005861568415980998,0.261413549846932,0.5774048688253368,0.038466657793158526,75.68709472422063,0.5896130346232179,-0.014705882352941188,0.13484942698501162,-0.04543342136034526,-1.242809881297802,0.0034662045060658577,-0.013651877133105802,-0.036036036036036036,-0.14480445993197827,0.05504748865782361,-1.530277014301212,Household & Personal Products,Consumer Defensive,CL
2019Q2,2019,Q2,2019-07-26,2019-06-30,586000000.0,3866000000.0,888000000.0,0.68,2308000000.0,0.5969994826694258,13151000000.0,-347000000.0,4255000000.0,3782000000.0,13161000000.0,1322000000.0,21653000000.0,61945552000.0,67727552000.0,-0.4037700721433558,1.1250661025912216,0.5052847692190708,-19.14985590778098,0.10587634717495996,-0.4037700721433558,-1.6887608069164266,16.023163993792032,26.42728327645051,-178.51744092219022,0.689419795221843,1.178517397881997,0.0065218564845463,0.2939700403011178,0.6485986250661026,0.044559349098927836,108.86740246045694,0.5969994826694258,0.04615384615384619,0.0042798871866785194,-0.0530642851887088,-1.2079222951604993,0.009182334936598164,0.04642857142857143,0.010238907849829351,0.01587425335505398,0.04582517878472705,-0.2844486387506966,Household & Personal Products,Consumer Defensive,CL
2019Q1,2019,Q1,2019-04-26,2019-03-31,560000000.0,3884000000.0,879000000.0,0.65,2287000000.0,0.5888259526261586,12883000000.0,-552000000.0,4133000000.0,3865000000.0,13093000000.0,1278000000.0,21436000000.0,58874600000.0,64692600000.0,-0.6403712296983759,1.069340232858991,0.5170379569975937,-12.067028985507246,0.10605852805885545,-0.6403712296983759,-1.0144927536231885,15.158238928939237,26.283303571428572,-106.656884057971,0.6535714285714286,1.2496087636932707,0.006216602745496361,0.30148257393464256,0.6183699870633894,0.04346813630365598,110.25205992509363,0.5888259526261586,-0.0754125412541254,0.539574712368742,-0.042061612327830095,-1.3612400893912004,0.015090989791389259,-0.07590759075907591,-0.013468013468013467,0.08929449815647543,0.07039709588250326,-0.5467561296795637,Household & Personal Products,Consumer Defensive,CL
2018Q4,2018,Q4,2019-02-21,2018-12-31,606000000.0,3811000000.0,891000000.0,0.703016241299304,2253000000.0,0.5911834164261349,12161000000.0,-102000000.0,3793000000.0,3341000000.0,11964000000.0,1250000000.0,21615000000.0,51306240000.0,56946240000.0,-0.11832946635730858,1.1352888356779407,0.5234766877723871,-62.411764705882355,0.10992933521220158,-0.11832946635730858,-5.9411764705882355,13.462671214904224,21.165940594059407,-503.0023529411765,0.7739273927392739,1.2464,0.009141188284310056,0.31337883397746896,0.6363364262196947,0.04983142833648549,68.68305220883533,0.5911834164261349,0.17169373549883998,0.14614084020338644,-0.06782526092112598,-1.0472034465577202,-0.007051564565888057,0.1586998087954111,0.019450800915331808,2.371802652509144,0.013375045894925863,0.6463175783159644,Household & Personal Products,Consumer Defensive,CL
2018Q3,2018,Q3,2018-10-26,2018-09-30,523000000.0,3845000000.0,874000000.0,0.6,2269000000.0,0.5901170351105332,12571000000.0,-430000000.0,4141000000.0,3747000000.0,12639000000.0,1245000000.0,21008000000.0,58270415999.99999,64033415999.99999,-0.4949355432780847,1.1051507872965038,0.5253360910031024,-15.35813953488372,0.09702134047579541,-0.4949355432780847,-1.216279069767442,15.154854616384913,27.85392734225621,-135.5125953488372,0.6998087954110899,1.265863453815261,0.0062810603583128705,0.3058626998647681,0.633306645316253,0.04160369103492165,73.57375757575757,0.5901170351105332,-0.17808219178082194,-0.14832713611148537,-0.0660662294597327,-1.2574830032042548,-0.013906996957844416,-0.17896389324960754,-0.07610993657505286,-0.2536612039531427,-0.003870298836219301,-2.7470254215866827,Household & Personal Products,Consumer Defensive,CL
2018Q2,2018,Q2,2018-07-27,2018-06-30,637000000.0,3886000000.0,946000000.0,0.73,2301000000.0,0.5921255790015441,12650000000.0,-523000000.0,4172000000.0,3942000000.0,12839000000.0,1254000000.0,20851000000.0,56494877000.0,62526877000.0,-0.5999770563267179,1.058346017250127,0.5426877470355731,-13.126195028680689,0.11338502646449666,-0.5999770563267179,-1.2179732313575526,14.538053782810087,22.17224372056515,-108.02079732313575,0.6342229199372057,1.2639553429027113,0.0071510908856390635,0.30719367588932806,0.6032470826991375,0.05035573122529644,96.90373413379073,0.5921255790015441,0.013888888888888902,0.21545172555031583,-0.042862751696081655,-1.365668576916042,-0.04443521594684385,0.00473186119873817,-0.03763987792472025,0.1516408923410101,-0.008198046447226387,-2.195460892407817,Household & Personal Products,Consumer Defensive,CL
2018Q1,2018,Q1,2018-04-27,2018-03-31,634000000.0,4002000000.0,983000000.0,0.72,2408000000.0,0.6016991504247876,13144000000.0,-249000000.0,4292000000.0,3980000000.0,13043000000.0,1312000000.0,20581000000.0,62748672000.00001,68606672000.00001,-0.2844413982179575,1.078391959798995,0.51042300669507,-26.943775100401606,0.11165514052510957,-0.2844413982179575,-2.5461847389558234,15.679328335832086,24.743167192429024,-252.00269879518075,0.555205047318612,1.2149390243902438,0.005609680472600281,0.3044735240413877,0.6268844221105527,0.0482349360925137,126.00134939759037,0.6016991504247876,0.9459459459459459,0.4746163244628544,-0.007697934346053586,-1.1503430099158798,0.03436426116838488,0.9628482972136223,0.06385281385281386,0.21290214615648573,0.019573333692593474,-1.5612770807879133,Household & Personal Products,Consumer Defensive,CL
2017Q4,2017,Q4,2018-02-15,2017-12-31,323000000.0,3892000000.0,924000000.0,0.37,2328000000.0,0.5981500513874615,12676000000.0,-60000000.0,4639000000.0,3408000000.0,12433000000.0,1221000000.0,20531000000.0,66245100000.0,71287100000.0,-0.0683371298405467,1.3612089201877935,0.5188545282423478,-109.61666666666666,0.055858715666717816,-0.0683371298405467,-5.383333333333334,17.020837615621787,51.27329721362229,-1104.085,1.4210526315789473,1.2809172809172809,0.0069288143575902215,0.3070369201640896,0.8846830985915493,0.02548122436099716,112.66173469387755,0.5981500513874615,-0.4558823529411765,-0.42381628968238855,-0.031320068411536464,-1.0292391757919854,-0.02308015107007973,-0.46787479406919275,-0.003236245954692557,-0.4682705700564398,-0.04675332524922849,-1.0541743342849468,Household & Personal Products,Consumer Defensive,CL
2017Q3,2017,Q3,2017-10-27,2017-09-30,607000000.0,3974000000.0,927000000.0,0.68,2383000000.0,0.5996477101157524,12775000000.0,-108000000.0,4736000000.0,3854000000.0,12508000000.0,1205000000.0,20207000000.0,64158994999.99999,69305995000.0,-0.12262972635403656,1.2288531395952258,0.5109197651663405,-60.43518518518518,0.10429973516124007,-0.12262972635403656,-5.62037037037037,16.144689229994967,26.42462726523888,-594.0647685185185,0.5831960461285008,1.3203319502074689,0.005517542785699808,0.3110763209393346,0.755059678256357,0.0475146771037182,76.65351851851851,0.5996477101157524,0.15254237288135608,0.0009562868568891553,-0.010664521139222252,-1.0464593993183342,0.03608695652173913,0.15839694656488548,0.08675263774912075,0.1620172145856804,-0.058379131404146606,-1.0789148196776892,Household & Personal Products,Consumer Defensive,CL
2017Q2,2017,Q2,2017-07-21,2017-06-30,524000000.0,3826000000.0,853000000.0,0.59,2300000000.0,0.6011500261369577,12580000000.0,-242000000.0,4555000000.0,3780000000.0,12492000000.0,1199000000.0,19952000000.0,65516093999.99999,70794094000.0,-0.2738176057931659,1.2050264550264551,0.5182034976152623,-26.93801652892562,0.09179740385227014,-0.2738176057931659,-2.165289256198347,17.123913748039726,31.257678435114503,-270.7276611570248,0.7080152671755725,1.2727272727272727,0.0056627307482646945,0.3041335453100159,0.732010582010582,0.04165341812400636,129.47844664031618,0.6011500261369577,-0.07812500000000007,-0.0973254898648832,-0.03152200908438451,-1.1133505145230513,0.013662406346408109,-0.08070175438596491,-0.03615819209039548,-0.12676770653470223,-0.08873442346218868,-1.141002984073704,Household & Personal Products,Consumer Defensive,CL
2017Q1,2017,Q1,2017-04-28,2017-03-31,570000000.0,3762000000.0,885000000.0,0.64,2269000000.0,0.603136629452419,12448000000.0,-313000000.0,4596000000.0,3809000000.0,12453000000.0,1189000000.0,19782000000.0,64751193000.0,69877193000.0,-0.35379224595908215,1.2066159096875821,0.5200032133676092,-20.680511182108628,0.10183486756862627,-0.35379224595908215,-1.8210862619808306,17.211906698564594,28.39964605263158,-206.87282108626198,0.6052631578947368,1.255677039529016,0.005328087159722293,0.3022172236503856,0.7463901286426884,0.04579048843187661,113.59858421052631,0.603136629452419,-0.06566336633663362,0.04324385835196073,-0.027845758852879963,-1.148345552213935,0.009790832220738763,-0.0594059405940594,-0.07329842931937172,0.5268586590596847,-0.09595846147513507,-1.199577895803298,Household & Personal Products,Consumer Defensive,CL
2016Q4,2016,Q4,2017-02-23,2016-12-31,606000000.0,3721000000.0,955000000.0,0.6849779586300441,2247000000.0,0.6038699274388605,12123000000.0,-243000000.0,4338000000.0,3305000000.0,12106000000.0,1171000000.0,19922000000.0,57894768000.0,63112768000.0,-0.2746693794506612,1.3125567322239031,0.5388930132805411,-26.88477366255144,0.10208583693909302,-0.2746693794506612,-2.493827160493827,15.55892717011556,23.883980198019803,-238.2500740740741,0.7508250825082509,1.2587532023911188,0.00785908667947335,0.30693722675905305,0.8248108925869894,0.049987626825043305,92.92900160513643,0.6038699274388605,-0.121823129961482,0.11477260318062422,-0.0319873234352264,-1.1110473844835895,-0.03313253012048193,-0.13675213675213677,-0.10830999066293184,0.1167326825537686,-0.11319263837760467,-1.1095698457287997,Household & Personal Products,Consumer Defensive,CL
2016Q3,2016,Q3,2016-10-27,2016-09-30,702000000.0,3867000000.0,1071000000.0,0.78,2324000000.0,0.6009826739074218,12623000000.0,-133000000.0,4764000000.0,4655000000.0,12395000000.0,1193000000.0,19310000000.0,66125466000.0,71350466000.0,-0.14911985648615317,1.0234156820622986,0.5167551295254694,-49.045112781954884,0.11953518433738183,-0.14911985648615317,-5.2781954887218046,17.099939487975174,23.54895512820513,-497.183954887218,0.49715099715099714,1.2933780385582565,0.005277845603386749,0.30634555969262456,0.6139634801288937,0.055612770339855816,77.52106213364596,0.6009826739074218,0.16417910447761191,0.1915199470192856,-0.037107332791073686,-1.0544256724048076,0.008680555555555556,0.17,0.13453389830508475,0.11355553641308362,-0.08504959062363146,-1.0775774320654703,Household & Personal Products,Consumer Defensive,CL
2016Q2,2016,Q2,2016-07-28,2016-06-30,600000000.0,3845000000.0,944000000.0,0.67,2304000000.0,0.5992197659297789,12515000000.0,-281000000.0,4614000000.0,4671000000.0,12481000000.0,1232000000.0,18955000000.0,65433480000.0,70920480000.0,-0.3143528358876832,0.9877970456005138,0.5251298441869756,-23.387900355871885,0.10417355293993924,-0.3143528358876832,-2.1352313167259784,17.01781014304291,27.26395,-232.85935943060497,0.6066666666666667,1.2508116883116882,0.005562901438223979,0.3072313224131043,0.5694712053093556,0.04794246903715541,114.3941958041958,0.5992197659297789,0.1355932203389832,0.05646379947835083,0.006223918038402496,-1.1036549095096133,0.02491103202846975,0.12570356472795496,0.08881199538638986,0.11642008551124579,-0.07648091603328531,-1.1915889165034599,Household & Personal Products,Consumer Defensive,CL
2016Q1,2016,Q1,2016-04-28,2016-03-31,533000000.0,3762000000.0,867000000.0,0.59,2248000000.0,0.5975544922913344,12448000000.0,-370000000.0,4490000000.0,4463000000.0,12521000000.0,1234000000.0,18705000000.0,63139905000.00001,68705905000.00001,-0.4140091753384805,1.00604974232579,0.528598971722365,-17.783783783783782,0.09551628635424043,-0.4140091753384805,-1.4405405405405405,16.7836004784689,29.61534005628518,-170.64839189189192,0.6378986866791745,1.2269043760129659,0.005384867145428869,0.3022172236503856,0.5736051982971095,0.0428181233933162,126.27981000000001,0.5975544922913344,2.151272925764192,0.021744029191998176,0.04003538036157954,-1.1688897289061646,-0.01962494548626254,2.163755458515284,7.237410071942446,0.21431615511478902,-0.08630681281134805,-1.2188267458363549,Household & Personal Products,Consumer Defensive,CL
2015Q4,2015,Q4,2016-02-18,2015-12-31,-458000000.0,3899000000.0,-139000000.0,-0.512476222446011,2293000000.0,0.5880995126955629,11958000000.0,-299000000.0,4384000000.0,3534000000.0,12002000000.0,1180000000.0,18861000000.0,59538294000.00001,65139294000.00001,-0.3345641714221775,1.2405206564799094,0.5495066064559291,-21.976588628762542,-0.06390546372658652,-0.3345641714221775,1.5317725752508362,15.270144652474995,-32.49906877729258,-199.12472909698997,-1.0043668122270741,1.3610169491525423,0.007726119932156604,0.3260578692088978,0.6782682512733447,-0.03830071918381,97.76402955665026,0.5880995126955629,-1.640595278057514,-1.8104351543425061,0.08224562609176467,-1.1234197848072542,-0.023008095440988495,-1.6308539944903582,-1.1223591549295775,-1.802650886192197,-0.04662564847696521,-1.1431488364339935,Household & Personal Products,Consumer Defensive,CL
2015Q3,2015,Q3,2015-10-30,2015-09-30,726000000.0,3999000000.0,1136000000.0,0.8,2347000000.0,0.5868967241810452,13563000000.0,255000000.0,5089000000.0,3937000000.0,12973000000.0,1277000000.0,19323000000.0,57120346000.0,62465346000.0,0.2833018553494056,1.2926085852171705,0.500626705006267,26.627450980392158,0.10978056312238049,0.2833018553494056,2.847058823529412,14.283657414353588,19.669540633608815,224.00135686274513,0.4738292011019284,1.293657008613939,0.006022372483528024,0.2948462729484627,0.7635255270510541,0.0535279805352798,80.90700566572238,0.5868967241810452,0.2698412698412699,0.2665474792874387,0.09521688392444236,-0.8969425885480455,-0.008449514152936205,0.26480836236933797,0.21888412017167383,0.17138666549792123,-0.025898168901516305,-0.8926684873510707,Household & Personal Products,Consumer Defensive,CL
2015Q2,2015,Q2,2015-07-30,2015-06-30,574000000.0,4066000000.0,932000000.0,0.63,2367000000.0,0.5821446138711264,13660000000.0,454000000.0,4988000000.0,4206000000.0,12903000000.0,1324000000.0,18936000000.0,59169886000.0,64793886000.0,0.5018792836612868,1.185924869234427,0.48923865300146413,14.720264317180616,0.08687002391637166,0.5018792836612868,1.2643171806167401,14.552357599606493,25.770856271777,130.33014537444933,0.627177700348432,1.2832326283987916,0.006084175994525324,0.29765739385065887,0.6538278649548265,0.04202049780380673,175.05883431952662,0.5821446138711264,0.0677966101694916,0.04881752232646188,0.17460552613102234,-0.8099467406331503,-0.010451505016722408,0.05904059040590406,0.08372093023255814,-0.03392866021303127,0.005563678619721617,-0.7922402583768152,Household & Personal Products,Consumer Defensive,CL
2015Q1,2015,Q1,2015-04-30,2015-03-31,542000000.0,4070000000.0,860000000.0,0.59,2392000000.0,0.5877149877149878,13156000000.0,460000000.0,4700000000.0,4323000000.0,12417000000.0,1350000000.0,18704000000.0,62939918000.0,68208918000.0,0.5067753663104549,1.087207957436965,0.46579507449072666,13.321739130434782,0.0893251636921305,0.5067753663104549,1.1782608695652175,15.464353316953318,29.03132749077491,136.8259086956522,0.6070110701107011,1.242962962962963,0.005227207318573246,0.3093645484949833,0.5713624797594263,0.04119793250228033,104.03292231404959,0.5877149877149878,-0.14722452229299368,0.6515124723459946,0.15627152426471833,-0.8071714848959756,-0.033535353535353536,-0.13694267515923567,-0.135678391959799,-0.03313918524685107,0.02509587287597633,-0.7875084250081664,Household & Personal Products,Consumer Defensive,CL
2014Q4,2014,Q4,2015-02-19,2014-12-31,628000000.0,4221000000.0,995000000.0,0.6918585435716647,2475000000.0,0.5863539445628998,13459000000.0,1145000000.0,4863000000.0,3946000000.0,12074000000.0,1382000000.0,18832000000.0,62803763000.0,67862763000.0,1.2614299878814585,1.232387227572225,0.45679470985957354,5.3694323144104805,0.09168904343119337,1.2614299878814585,0.548471615720524,14.878882492300402,25.00149800955414,54.8504480349345,0.7261146496815286,1.2633863965267729,0.007260711432211475,0.3136191396091835,0.6692853522554486,0.04666022735715878,97.82517601246106,0.5863539445628998,0.17264159927400793,0.08263252919597727,0.1251218137335029,-0.6002772881790269,-0.03244722439405786,0.15867158671586715,0.049578059071729956,0.12597046362290232,0.0702627704952335,-0.4900104950047257,Household & Personal Products,Consumer Defensive,CL
2014Q3,2014,Q3,2014-10-24,2014-09-30,542000000.0,4379000000.0,948000000.0,0.59,2558000000.0,0.5841516327928751,13685000000.0,1420000000.0,5181000000.0,4412000000.0,11939000000.0,1422000000.0,18210000000.0,59598036000.0,64298036000.0,1.5539505362223682,1.1742973708068902,0.4424552429667519,4.264084507042254,0.07792075279179184,1.5539505362223682,0.3816901408450704,13.60996483215346,27.489869003690035,41.97044788732394,0.6051660516605166,1.280590717299578,0.005503537062865629,0.3199853854585312,0.7030825022665458,0.03960540738034344,72.32771359223301,0.5841516327928751,-0.11940298507462696,0.0034914734893590088,0.19646105609162665,-0.4745415226093604,0.0023510971786833857,-0.12861736334405144,-0.0326530612244898,-0.10209890372845323,0.06425000950018454,-0.4328401005028672,Household & Personal Products,Consumer Defensive,CL
2014Q2,2014,Q2,2014-07-31,2014-06-30,622000000.0,4352000000.0,980000000.0,0.67,2552000000.0,0.5863970588235294,13988000000.0,1779000000.0,5174000000.0,4061000000.0,11917000000.0,1508000000.0,17991000000.0,62459698000.00001,67359698000.00001,1.9419277371465997,1.2740704260034474,0.4332999714040606,3.4069702079820123,0.08509268795056643,1.9419277371465997,0.34963462619449126,14.351952665441178,25.104380225080387,35.10944238336144,0.5562700964630225,1.193633952254642,0.0055395720933521,0.3111238204175007,0.7298694902733317,0.04446668573062625,147.65886052009458,0.5863970588235294,0.5952380952380953,0.20922537661976598,0.2687645383598463,-0.23539892032672158,0.011093502377179081,0.6030927835051546,0.5457413249211357,0.06866062656915196,0.11130490963654681,-0.3596674790614614,Household & Personal Products,Consumer Defensive,CL
2014Q1,2014,Q1,2014-04-25,2014-03-31,388000000.0,4325000000.0,634000000.0,0.42,2524000000.0,0.5835838150289018,14432000000.0,1630000000.0,5677000000.0,4702000000.0,12532000000.0,1478000000.0,17698000000.0,59647965000.00001,64511965000.00001,1.7727025557368135,1.2073585708209273,0.46140521064301554,4.085276073619632,0.052699115274119565,1.7727025557368135,0.23803680981595093,13.791436994219655,38.43296713917526,36.59384355828221,0.8144329896907216,1.2185385656292287,0.00529774988970705,0.2996812638580931,0.7369204593789876,0.02688470066518847,91.48460889570553,0.5835838150289018,-0.3152659574468086,-0.1680267435208856,0.34470377554865916,-0.01015705402317103,-0.01675107128944293,-0.3120567375886525,-0.289237668161435,-0.2770859766781464,0.1621319962543053,-0.27684874658905023,Household & Personal Products,Consumer Defensive,CL
2013Q4,2013,Q4,2014-02-20,2013-12-31,564000000.0,4361000000.0,892000000.0,0.6133768352365416,2567000000.0,0.5886264618206833,13876000000.0,2305000000.0,4822000000.0,4470000000.0,11340000000.0,1425000000.0,17952000000.0,59960594999.99999,64655594999.99999,2.5067971723762916,1.0787472035794183,0.407682329201499,2.454229934924078,0.07539901879954419,2.5067971723762916,0.24468546637744035,13.749276542077503,26.57827792553191,26.013273318872013,0.624113475177305,1.2589473684210526,0.005870522132076909,0.31428365523205537,0.5812080536912752,0.04064571922744307,101.97380102040815,0.5886264618206833,-0.12374737823351191,0.23588644427740998,0.29620777551849703,0.3060229376294774,-0.006963249516441006,-0.1402439024390244,-0.1220472440944882,-0.029999581712469088,0.17651837690221733,-0.07524955151367303,Household & Personal Products,Consumer Defensive,CL
2013Q3,2013,Q3,2013-10-24,2013-09-30,656000000.0,4398000000.0,1016000000.0,0.7,2585000000.0,0.5877671668940427,13439000000.0,1784000000.0,4600000000.0,4491000000.0,11432000000.0,1441000000.0,17393000000.0,55036330000.0,59599330000.0,1.9222066587652193,1.0242707637497217,0.39318401666790687,2.9618834080717487,0.09889643463497454,1.9222066587652193,0.36771300448430494,12.51394497498863,20.97421112804878,30.849960762331836,0.6173780487804879,1.2581540596807772,0.007358775557890579,0.3272564922985341,0.5473168559340904,0.04881315574075452,63.69945601851852,0.5877671668940427,0.16666666666666663,0.42229167469524503,0.1952755632661372,-0.21650675342532685,0.020126282557221785,0.16934046345811052,0.12141280353200883,0.10990212428713335,0.1681535690288474,-0.3007541645509756,Household & Personal Products,Consumer Defensive,CL
2013Q2,2013,Q2,2013-07-25,2013-06-30,561000000.0,4346000000.0,906000000.0,0.6,2534000000.0,0.5830648872526462,13487000000.0,1531000000.0,4867000000.0,4444000000.0,11683000000.0,1440000000.0,17052000000.0,54073145000.0,58817145000.0,1.6407673346908156,1.0951845184518452,0.4172907244012753,3.6760287393860223,0.08390626645909773,1.6407673346908156,0.36642717178314826,12.442049010584446,24.096766934046347,35.31884062704115,0.5971479500891266,1.2583333333333333,0.006195311924246314,0.32223622747831243,0.599009900990099,0.041595610587973605,135.52166666666668,0.5830648872526462,0.23711340206185566,0.2525452791769372,0.20850957615744298,-0.3670069018363547,0.0075546719681908545,0.21956521739130436,0.2210242587601078,-0.006245067636845252,0.21714629488614193,-0.37866895492123676,Household & Personal Products,Consumer Defensive,CL
2013Q1,2013,Q1,2013-04-25,2013-03-31,460000000.0,4315000000.0,742000000.0,0.485,2515000000.0,0.5828505214368482,13533000000.0,1772000000.0,4828000000.0,4091000000.0,11514000000.0,1371000000.0,16805000000.0,55123593000.0,59548593000.0,1.8919496049540891,1.1801515521877293,0.395847188354393,3.02313769751693,0.07069188050320978,1.8919496049540891,0.2595936794582393,12.774876709154114,29.95847445652174,31.108122460496613,0.6304347826086957,1.312910284463895,0.0052609052534003005,0.31885021798566465,0.6697628941579076,0.03399098499963053,80.70804245973646,0.5828505214368482,-0.24038294314381278,0.09141813212781441,0.28629574147317516,-0.1291532319067035,0.003992015968063872,-0.23076923076923078,-0.18011049723756906,0.3584028529199422,0.18804913690416927,-0.2801113526274884,Household & Personal Products,Consumer Defensive,CL
2012Q4,2012,Q4,2013-02-21,2012-12-31,598000000.0,4286000000.0,905000000.0,0.6384796070894726,2505000000.0,0.5844610359309379,13394000000.0,2189000000.0,4556000000.0,3736000000.0,11004000000.0,1365000000.0,16953000000.0,48956082000.0,53302082000.0,2.337177023275678,1.2194860813704498,0.39047334627445124,2.3892188213796253,0.08192384831150021,2.337177023275678,0.273184102329831,11.422324311712552,20.466589464882944,22.36458748286889,0.5451505016722408,1.3047619047619048,0.006659029617607061,0.3199940271763476,0.683083511777302,0.044646856801552934,60.06881226993865,0.5844610359309379,-0.06105940133901095,0.5953013406336783,0.30248688103037497,0.05978195910601803,-0.009489916963226572,-0.0856269113149847,-0.11964980544747082,-0.0008957780663308586,0.10719608475038599,-0.2593939047553259,Household & Personal Products,Consumer Defensive,CL
2012Q3,2012,Q3,2012-10-25,2012-09-30,654000000.0,4332000000.0,1028000000.0,0.68,2529000000.0,0.5837950138504155,13424000000.0,2507000000.0,4761000000.0,3700000000.0,10727000000.0,1384000000.0,16654000000.0,51284451000.0,55621451000.0,2.6395030532743737,1.2867567567567568,0.390792610250298,2.0925408855205423,0.09034008088692436,2.6395030532743737,0.2608695652173913,11.83851592797784,19.604147935779814,20.456502193857197,0.5474006116207951,1.3027456647398843,0.006980673342881256,0.3227056019070322,0.7475675675675676,0.04871871275327771,63.15819088669951,0.5837950138504155,0.04615384615384619,0.6722383974395894,0.3188893971765009,0.3317565128315897,0.02763104429093864,0.0430622009569378,0.04684317718940937,0.16496033063160487,0.138756996944461,-0.10746885237856368,Household & Personal Products,Consumer Defensive,CL
2012Q2,2012,Q2,2012-07-26,2012-06-30,627000000.0,4267000000.0,982000000.0,0.65,2461000000.0,0.5767518162643543,13153000000.0,2306000000.0,4835000000.0,3566000000.0,10643000000.0,1368000000.0,16294000000.0,49686930000.0,54054930000.0,2.4156714854389274,1.3558609085810431,0.40773967916064774,2.3256721595836947,0.0872458097214889,2.4156714854389274,0.27189939288811793,11.644464494961332,19.811375598086123,21.546803989592366,0.5023923444976076,1.3201754385964912,0.006339695368580832,0.3244126815175245,0.7795849691531127,0.04766973314072835,123.59932835820895,0.5767518162643543,0.05691056910569111,0.6151949291484177,0.3421356052109397,0.39446965158996405,0.009848173984407058,0.05733558178752108,0.046908315565031986,0.16978449827287043,0.19381282732728067,-0.04887036187221377,Household & Personal Products,Consumer Defensive,CL
2012Q1,2012,Q1,2012-04-26,2012-03-31,593000000.0,4200000000.0,938000000.0,0.615,2437000000.0,0.5802380952380952,13254000000.0,2290000000.0,4849000000.0,4107000000.0,10758000000.0,1400000000.0,15670000000.0,46944178000.0,50867178000.0,2.3849198083732555,1.1806671536401265,0.3747547910064886,2.168995633187773,0.08816606320651167,2.3849198083732555,0.25895196506550217,11.177185238095237,19.790968802698146,20.499641048034935,0.4688026981450253,1.2592857142857143,0.005921927102440691,0.3168854685377999,0.6990504017531045,0.04474121020069413,77.98036212624585,0.5802380952380952,0.0008864406779660472,0.2948266836748715,0.38850031535131857,0.7161275457671525,0.01838696197241956,0.005084745762711864,0.016251354279523293,0.21764969962819072,0.2504888819625409,0.33169326201905774,Household & Personal Products,Consumer Defensive,CL
2011Q4,2011,Q4,2012-02-23,2011-12-31,590000000.0,4172000000.0,923000000.0,0.6144553218079567,2393000000.0,0.5735858101629914,12724000000.0,2375000000.0,4402000000.0,3716000000.0,10183000000.0,1327000000.0,15649000000.0,44356439000.0,48288439000.0,2.4734430327015207,1.1846071044133477,0.3780257780572147,2.0252631578947367,0.08842378425439686,2.4734430327015207,0.24842105263157896,10.631936481303931,18.79510127118644,18.67639536842105,0.5983050847457627,1.3406179351921628,0.007958258326372864,0.32788431310908517,0.6870290635091496,0.04636906633134234,70.85693130990416,0.5735858101629914,-0.06190027204892111,0.5625004073906172,0.38130664539929754,0.7885308370088928,-0.028025995125913892,-0.08242612752721618,-0.10821256038647344,0.23805947536919078,0.18747060379542013,0.2886456755357697,Household & Personal Products,Consumer Defensive,CL
2011Q3,2011,Q3,2011-10-27,2011-09-30,643000000.0,4383000000.0,1035000000.0,0.655,2462000000.0,0.5617157198266027,12768000000.0,2667000000.0,4443000000.0,4317000000.0,9898000000.0,1336000000.0,15344000000.0,43160556000.0,46971556000.0,2.7398808300801316,1.029186935371786,0.3724937343358396,1.7832770903637045,0.09195677245739181,2.7398808300801316,0.24109486314210724,9.847263518138261,16.780931570762057,16.183185601799774,0.4385692068429238,1.437874251497006,0.006533743448532034,0.34328007518796994,0.6073662265462126,0.05036027568922306,53.68228358208955,0.5617157198266027,0.039682539682539715,0.9917698936613661,0.48608359103954474,0.739099316349335,0.024126455906821963,0.03376205787781351,0.06921487603305786,0.3292272384639245,0.13576300160008484,0.11677800979326987,Household & Personal Products,Consumer Defensive,CL
2011Q2,2011,Q2,2011-07-28,2011-06-30,622000000.0,4185000000.0,968000000.0,0.63,2404000000.0,0.5744324970131421,13244000000.0,2969000000.0,4470000000.0,4249000000.0,10100000000.0,1417000000.0,14983000000.0,42787195000.0,47059195000.0,3.032686414708887,1.0520122381736878,0.37836001208094233,1.6877736611653755,0.08188286808976465,3.032686414708887,0.209498147524419,10.22394145758662,17.197425643086817,14.411315257662512,0.49356913183279744,1.2568807339449541,0.00717504384197188,0.3159921473874962,0.6020240056483879,0.04696466324373301,130.84769113149846,0.5744324970131421,0.08620689655172423,1.2942082535358177,0.45230445116277035,0.9465343352399769,0.03131703131703132,0.0798611111111111,0.05792349726775956,0.32362955396663257,0.10917822239177696,0.1699828054945501,Household & Personal Products,Consumer Defensive,CL
2011Q1,2011,Q1,2011-04-28,2011-03-31,576000000.0,3994000000.0,915000000.0,0.58,2331000000.0,0.5836254381572359,11931000000.0,2419000000.0,4274000000.0,4282000000.0,9340000000.0,1331000000.0,14360000000.0,39846984000.0,42964984000.0,2.451357924604783,0.9981317141522653,0.3188332914256978,1.5725506407606449,0.09927737659838444,2.451357924604783,0.23811492352211658,9.9767110665999,17.294697916666667,16.47250268706077,0.453125,1.2494365138993238,0.006550056586465867,0.33475819294275416,0.5775338626809902,0.048277596178023637,66.19100332225914,0.5836254381572359,-0.08278205128205134,0.8399803700869977,0.44225079650424126,0.9471206159022346,-0.008085106382978723,-0.07692307692307693,0.011049723756906077,0.29712201095619745,0.130038148591846,0.12833720332300771,Household & Personal Products,Consumer Defensive,CL
2010Q4,2010,Q4,2011-02-24,2010-12-31,624000000.0,3978000000.0,905000000.0,0.6323469801378192,2350000000.0,0.5907491201608849,11172000000.0,2675000000.0,3730000000.0,3728000000.0,8355000000.0,1222000000.0,14329000000.0,39654558000.0,42588558000.0,2.7107823267126063,1.0005364806866952,0.3064804869316147,1.28,0.10865986808215623,2.7107823267126063,0.23327102803738317,9.968466063348416,15.88724278846154,14.824133831775702,0.5416666666666666,1.3322422258592472,0.008523610324946756,0.3560687432867884,0.5633047210300429,0.055853920515574654,53.87847554347826,0.5907491201608849,0.04520162006251111,0.7907800828746765,0.41965838939316047,1.053824151528117,0.002559726962457338,0.008077544426494346,-0.055323590814196244,0.5799783954856308,0.1473897936218631,0.22919153162263262,Household & Personal Products,Consumer Defensive,CL
2010Q3,2010,Q3,2010-10-28,2010-09-30,619000000.0,3943000000.0,958000000.0,0.605,2344000000.0,0.5944712148110576,11390000000.0,2672000000.0,4091000000.0,6505000000.0,8544000000.0,1278000000.0,0.0,37353960000.0,40087960000.0,2.748971193415638,0.6289008455034589,0.2974539069359087,1.2679640718562875,0.1078998376028079,2.748971193415638,0.2316616766467066,9.473487192493026,15.086413570274637,13.979775449101798,0.4588045234248788,1.2511737089201878,0.00760294223155992,0.34618086040386303,0.3603382013835511,0.0543459174714662,45.168029020556226,0.5944712148110576,0.03418803418803422,0.8903288381093426,0.4357924413006452,1.1747957115594991,0.045495093666369314,0.026533996683250415,0.010548523206751054,0.5465963908407072,0.17303941864234165,0.3869884658311664,Household & Personal Products,Consumer Defensive,CL
2010Q2,2010,Q2,2010-07-29,2010-06-30,603000000.0,3814000000.0,948000000.0,0.585,2242000000.0,0.5878342947037232,10586000000.0,2632000000.0,3256000000.0,6286000000.0,7782000000.0,1246000000.0,0.0,39249818186.700005,42067818186.700005,2.6407296845803403,0.5179764556156539,0.3186283771018326,1.281534954407295,0.10648513818784132,2.6407296845803403,0.2291033434650456,10.290985366203461,16.272727274751244,14.9125449037614,0.494195688225539,1.261637239165329,0.0075923918572692595,0.3602871717362554,0.3418708240534521,0.056962025316455694,88.00407665179374,0.5878342947037232,0.6956521739130435,0.8536836538960099,0.41687197986482954,1.3218818519225206,-0.01146384479717813,0.6890756302521008,0.39823008849557523,0.4877645500795051,0.14898388127613527,0.5243866665632011,Household & Personal Products,Consumer Defensive,CL
2010Q1,2010,Q1,2010-04-29,2010-03-31,357000000.0,3829000000.0,678000000.0,0.345,2268000000.0,0.5923217550274223,10823000000.0,2595000000.0,3931000000.0,3818000000.0,8059000000.0,1259000000.0,13032000000.0,42092862000.0,44648862000.0,2.6281142394166497,1.029596647459403,0.287997782500231,1.2011560693641619,0.06938961385158293,2.6281142394166497,0.1375722543352601,10.993173674588665,29.47679411764706,16.220756069364164,0.6218487394957983,1.2398729150119143,0.005274053353749146,0.3537836089808741,0.5945521215295967,0.032985309064030306,64.55960429447853,0.5923217550274223,-0.46013787638668785,0.26115040816520746,0.47987223740456775,1.7104161976170684,-0.06551297898640297,-0.43423137876386686,-0.3158425832492432,-0.2419571736181685,0.23097898104750492,0.8911240637320118,Household & Personal Products,Consumer Defensive,CL
2009Q4,2009,Q4,2010-02-25,2009-12-31,631000000.0,4081000000.0,991000000.0,0.6390520559043954,2427000000.0,0.59470717961284,11134000000.0,3116000000.0,3810000000.0,3599000000.0,7877000000.0,1209000000.0,13157000000.0,40557455000.0,43139455000.0,3.1557626088717843,1.0586273964990276,0.2857912699838333,1.021181001283697,0.10608695822455587,3.1557626088717843,0.20250320924261875,9.938116883116884,16.06872226624406,13.01587130937099,0.4421553090332805,1.3680727874276262,0.006879129866506663,0.366534938027663,0.6185051403167546,0.05667325309861685,60.174265578635016,0.59470717961284,0.14116438554356311,1.3414440413827458,0.5433402471519267,1.6524869244759546,0.025348542458808618,0.06949152542372881,0.07019438444924406,0.6250475213664254,0.31395646157003126,1.281911758477893,Household & Personal Products,Consumer Defensive,CL
2009Q3,2009,Q3,2009-10-29,2009-09-30,590000000.0,3998000000.0,926000000.0,0.56,2367000000.0,0.5920460230115058,11067000000.0,2952000000.0,4204000000.0,3591000000.0,7956000000.0,1241000000.0,12761000000.0,38071348000.0,40487348000.0,2.9573231817271086,1.1707045391255917,0.29484051685190205,1.1053523035230353,0.10113259113521973,2.9573231817271086,0.19986449864498645,9.522598299149575,16.131927118644068,12.89679810298103,0.4201694915254237,1.314262691377921,0.00651145843325537,0.3612541790909912,0.7315510999721526,0.05331164723954098,37.05601323729803,0.5920460230115058,0.04672897196261686,0.900805475174463,0.572000904973538,1.508976736446508,0.0753225513356351,0.05056980056980057,0.0438507496336377,0.7821899022425197,0.3218687460235943,0.877117671360633,Household & Personal Products,Consumer Defensive,CL
2009Q2,2009,Q2,2009-07-30,2009-06-30,561600000.0,3745000000.0,887100000.0,0.535,2201200000.0,0.5877703604806409,10730100000.0,2540300000.0,4217800000.0,3240200000.0,8031100000.0,1223800000.0,12392400000.0,35377074000.0,38282874000.0,2.5397920415916815,1.30170977100179,0.3543117025936385,1.4965948903672794,0.09498430026078405,2.5397920415916815,0.22107625083651536,9.44648170894526,15.748341346153845,13.926337046805495,0.44764957264957267,1.2614806340905376,0.00710629714599913,0.3490181824959693,0.8097648293315227,0.05233874800794028,92.22386339937435,0.5877703604806409,0.10309278350515473,0.5996428603704239,0.5508968546124348,1.6230663682633841,0.09381832637646591,0.10572947430596574,0.09329553857530194,1.0275211528864892,0.2720666586020618,0.630169340736804,Household & Personal Products,Consumer Defensive,CL
2009Q1,2009,Q1,2009-04-30,2009-03-31,507900000.0,3502800000.0,811400000.0,0.485,2012400000.0,0.5745118191161357,9933300000.0,1793400000.0,3816900000.0,3056100000.0,7994400000.0,1199400000.0,11844500000.0,29531286000.0,32486086000.0,1.7908927501497902,1.248944733483852,0.3681555978375766,2.039143526262964,0.10107397094668014,1.7908927501497902,0.28320508531281363,8.430765673175745,14.535974601299467,16.466647708263633,0.3990943099035243,1.2426213106553277,0.006863906976485887,0.3526320558122678,0.7419914269821014,0.051131044063906256,47.86270016207455,0.5745118191161357,-0.02277867203219322,0.6041963032313109,0.4899593602379386,1.3747964538244426,-0.018628694040768556,0.02193158953722334,0.06538865546218488,0.5987865016262289,0.24643496041123839,0.42251123741903446,Household & Personal Products,Consumer Defensive,CL
2008Q4,2008,Q4,2009-02-27,2008-12-31,497000000.0,3664100000.0,761600000.0,0.4963051727581386,2050600000.0,0.5596462978630495,9979300000.0,1922100000.0,3710000000.0,2953300000.0,8057200000.0,1197100000.0,11759500000.0,34317978000.000004,37546578000.0,1.919412822049131,1.2562218535197913,0.37913480905474334,1.9684199573383279,0.08869117422117982,1.919412822049131,0.25857135424795796,9.36600474877869,17.26256438631791,17.854418604651165,0.4394366197183099,1.3478406148191462,0.006364011306260526,0.3671700419869129,0.7269156536755493,0.04980309240127063,180.4310094637224,0.5596462978630495,0.05596845267689075,0.4280213157558993,0.522765482914645,1.316548359698181,-0.08299794293891423,-0.0058011602320464095,-0.008849557522123894,0.40551539948722953,0.2885697922744967,0.4542430691799274,Household & Personal Products,Consumer Defensive,CL
2008Q3,2008,Q3,2008-10-30,2008-09-30,499900000.0,3988000000.0,768400000.0,0.47,2236200000.0,0.5607321965897694,10555200000.0,2467900000.0,4087200000.0,3255800000.0,8087300000.0,1306000000.0,11480900000.0,37897974476.725,40781174476.725,2.4533799967885463,1.2553596658271393,0.3332859633166591,1.4254629442035738,0.08607967987908967,2.4533799967885463,0.20256088172130152,9.503002627062436,18.952777793921282,15.356365524018397,0.40928185637127423,1.3413476263399693,0.005398705414339621,0.37782325299378505,0.7358560108114749,0.04736054267091102,68.60603634454199,0.5607321965897694,0.021739130434782507,0.4558523568617757,0.6815235488454405,2.136902919785579,-0.0016072863648540047,0.012353179424868369,0.0018252933507170795,0.4751404584213321,0.40321287930199523,0.9409444189962664,Household & Personal Products,Consumer Defensive,CL
2008Q2,2008,Q2,2008-07-29,2008-06-30,493800000.0,3964800000.0,767000000.0,0.46,2239800000.0,0.5649213075060533,11070300000.0,2666600000.0,4257200000.0,3320300000.0,8403700000.0,1340500000.0,11185600000.0,35543312500.0,38651012500.0,2.592077764277035,1.2821732975935909,0.3369827375951871,1.398972474311858,0.07983504762650592,2.592077764277035,0.18517962949073727,8.96471764023406,17.994791666666664,13.32907541438536,0.43863912515188336,1.2868332711674748,0.006093973374034849,0.3581474756781659,0.7515284763424992,0.044605837240183195,108.4960699023199,0.5649213075060533,0.06976744186046518,0.4331194094496943,0.6839370745722483,2.9020738518686415,0.06667301647775979,0.05852090032154341,0.05983142185988669,0.4706911636045493,0.4269977786223175,1.2791042774236838,Household & Personal Products,Consumer Defensive,CL
2008Q1,2008,Q1,2008-04-30,2008-03-31,466500000.0,3713000000.0,723700000.0,0.43,2099800000.0,0.5655265284136817,10809400000.0,2252200000.0,4088200000.0,3611200000.0,8557200000.0,1287000000.0,10704700000.0,40383350012.985,43448050012.985,2.172540192227479,1.1320890562693842,0.3429237515495772,1.6458573838913062,0.08210842933961783,2.172540192227479,0.2071308054346861,10.876205228382709,21.6416666736254,17.930623396228132,0.39785637727759915,1.2534576534576534,0.004595953528875677,0.3434973264010953,0.6720480726628267,0.04315688197309749,83.33336775275485,0.5655265284136817,0.07439543699686668,0.49293785229773346,0.6394114691012183,5.9461528630381,0.02770164447924824,0.12436731742588576,0.0711959739490823,0.569655352044438,0.3668403600274252,1.2405754052359987,Household & Personal Products,Consumer Defensive,CL
2007Q4,2007,Q4,2008-02-28,2007-12-31,414900000.0,3642200000.0,675600000.0,0.40022508025716236,2043200000.0,0.5609796276975454,10112000000.0,2286200000.0,3618500000.0,3162700000.0,7715900000.0,1171000000.0,10627500000.0,40409266679.659996,43496466679.659996,2.2053376198696664,1.1441173680715844,0.3476958069620253,1.537879450616744,0.0754155550481811,2.2053376198696664,0.18148018546058964,11.094741277156663,24.34879891519643,17.675298171489807,0.48011569052783803,1.3654995730145174,0.004929562359523523,0.360185917721519,0.6669617731684953,0.04103045886075949,130.77432582414238,0.5609796276975454,0.03954566300561649,0.2619772478785511,0.5603130372779682,5.767202534450351,0.030046380318612623,-0.01237800523684837,0.010167464114832535,0.466397957289818,0.3119366528532861,0.8536341055294119,Household & Personal Products,Consumer Defensive,CL
2007Q3,2007,Q3,2007-10-30,2007-09-30,420100000.0,3528200000.0,668800000.0,0.385,1983600000.0,0.5622130264724222,10083700000.0,2022100000.0,3935800000.0,3785100000.0,8061600000.0,1167000000.0,10411800000.0,36504434582.92,39484234582.92,1.981971199571793,1.039814007555943,0.3578250047105725,1.7843825725730675,0.07917172414688797,1.981971199571793,0.20775431482122547,10.346475421722124,21.723657809402525,18.05273457441274,0.44322780290407043,1.3235646958011997,0.005100750145219913,0.3498914089074447,0.630472114343082,0.04166129496117497,59.62828255949036,0.5622130264724222,0.013157894736842117,0.34971625739850354,0.5739470986467098,5.643341930537488,0.039404736952420874,0.01034151034151034,0.0170316301703163,0.3241909635707922,0.3572988254920945,0.6814934744901591,Household & Personal Products,Consumer Defensive,CL
2007Q2,2007,Q2,2007-07-26,2007-06-30,415800000.0,3405400000.0,657600000.0,0.38,1908400000.0,0.5604040641334351,9680600000.0,1771300000.0,3703900000.0,3455700000.0,7909300000.0,1135400000.0,10177900000.0,33154562499.999996,36348562500.0,1.732322738386308,1.0718233642966692,0.38643265913269836,2.111951673911816,0.08037026593905656,1.732322738386308,0.23474284423869474,9.735879045046103,19.934200637325638,18.717643820922486,0.47474747474747475,1.3184780694028537,0.005953931679840445,0.351775716381216,0.6405069884538589,0.042951883147738776,108.98935733070347,0.5604040641334351,-0.14606741573033707,0.35571199920324786,0.5806577466544752,2.996033431414834,0.05308464849354376,-0.14549938347718866,0.009983105513745968,0.15852110916468257,0.37950334653916373,0.7891218806998629,Household & Personal Products,Consumer Defensive,CL
2007Q1,2007,Q1,2007-04-26,2007-03-31,486600000.0,3213900000.0,651100000.0,0.445,1812200000.0,0.5638632191418526,9357600000.0,1417800000.0,3492700000.0,3818900000.0,7939800000.0,1095400000.0,9775000000.0,34070005320.570004,37204305320.57001,1.3897101146448505,0.9145827332477938,0.3856437548089254,2.5452814219212865,0.10360122906779473,1.3897101146448505,0.343207786711807,10.600829310361245,17.504112885619605,24.030191367308507,0.34278668310727495,1.2796238816870549,0.004895801994468528,0.34345344960246216,0.5404959543323994,0.05200051295203898,86.20952763302127,0.5638632191418526,0.1315919263958126,0.7983650251643895,0.5675178822721141,1.3607947867445913,0.020038275357424293,0.21286141575274178,0.02908171329223961,0.5085796202704315,0.34186329952841316,0.8428120007892796,Household & Personal Products,Consumer Defensive,CL
