Quarters,Year,Quarter,FillingDate,Date,NetIncome,Revenue,OperatingIncome,EPSDiluted,GrossProfit,GrossProfitRatio,TotalAssets,CommonStockEquity,CurrentAssets,CurrentLiability,TotalLiability,Inventory,RetainedEarnings,MarketCap,EnterpriseValue,bookValuePerShare,currentRatio,debtToAssets,debtToEquity,roic,shareholdersEquityPerShare,roe,priceToSalesRatio,peRatio,pbRatio,payoutRatio,inventoryTurnover,dividendYield,assetTurnover,quickRatio,returnOnAssets,priceToFreeCashFlowsRatio,grossProfitMargin,epsdilutedGrowth,fiveYNetIncomeGrowthPerShare,fiveYRevenueGrowthPerShare,fiveYShareholdersEquityGrowthPerShare,grossProfitGrowth,netIncomeGrowth,operatingIncomeGrowth,threeYNetIncomeGrowthPerShare,threeYRevenueGrowthPerShare,threeYShareholdersEquityGrowthPerShare,Industry,Sector,Symbol
2023Q1,2023,Q1,2023-05-02,2023-03-31,26800000.0,231408000.0,37101000.0,0.75,87196000.0,0.3768063334,981855000.0,438179000.0,240821000.0,82120000.0,543676000.0,6822000.0,405063000.0,2448251660.0,2822728660.0,12.920298401839949,2.9325499269361908,0.43089050827260644,0.9655232222447904,0.030883314356654677,12.920298401839949,0.06116221909311035,10.579805624697505,22.838168470149256,5.587332254626533,0.0,21.139255350337145,0.0,0.23568449516476467,2.7331953239162203,0.027295272723569162,60.72655174124417,0.37680633340247527,0.013513513513513526,4.251978074411288,0.8478215688978686,0.14465297387009626,-0.04799545811861298,0.012887864242790733,-0.006560274192684625,1.7858966910087954,0.48301872109334887,0.03871550537962228,Information Technology Services,Technology,PRFT
2022Q4,2022,Q4,2023-02-28,2022-12-31,26459000.0,232599000.0,37346000.0,0.74,91592000.0,0.3937764135,995888000.0,410127000.0,255616000.0,129131000.0,585761000.0,6432000.0,378263000.0,2364164480.0,2757483480.0,12.113864603024574,1.9795091805995462,0.42519741175714537,1.0324826212368363,0.03155839040447967,12.113864603024574,0.06451416268619233,10.164121427865124,22.337999168524885,5.7644692497689745,0.0,21.922730099502488,0.0,0.23355939623732788,1.7999395962239897,0.026568248638401105,53.216983230163194,0.3937764134841508,0.15624999999999997,2.977654471132732,0.6857778060804027,0.08298678993167984,0.0043202701813636266,0.14964153812730827,0.12420228777844672,1.081766773350713,0.4866543034744212,-0.0013290787879613605,Information Technology Services,Technology,PRFT
2022Q3,2022,Q3,2022-10-27,2022-09-30,23015000.0,227614000.0,33220000.0,0.64,91198000.0,0.4006695546,948737000.0,384270000.0,225039000.0,104015000.0,564467000.0,6536000.0,351804000.0,2201642220.0,2606082220.0,11.348453973597945,2.1635244916598566,0.4482643767450832,1.1067348478934083,0.02790735471746176,11.348453973597945,0.059892783719780365,9.67270123981829,23.915296762980663,5.729414786478257,0.0,20.871481028151774,0.0,0.239912641754248,2.0688554535403547,0.024258566915804906,60.44316321207962,0.4006695545968174,-0.16883116883116883,2.1603141720107066,0.7749458649704165,0.011655798599148783,0.060737880338699174,-0.17158591894032107,-0.15981688965325375,1.1717567587772943,0.4516874177694769,-0.039686625630900155,Information Technology Services,Technology,PRFT
2022Q2,2022,Q2,2022-08-04,2022-06-30,27782000.0,222738000.0,39539000.0,0.77,85976000.0,0.385996103,926943000.0,366731000.0,251333000.0,94072000.0,560212000.0,7020000.0,328789000.0,3109574660.0,3498385660.0,10.813557822728077,2.671708903818352,0.46138651459690616,1.1661926589243887,0.03436093821783818,10.813557822728077,0.07575579920977502,13.960683224236547,27.98191868835937,8.479170454638414,0.0,19.48176638176638,0.0,0.24029309245552316,2.5724976613657624,0.0299716379540058,165.47332162622394,0.38599610304483295,0.04054054054054058,10.202053796954194,0.8487700707791577,-0.009057011326741395,0.02850717165312885,0.023806014150943397,0.15712613403570383,2.0107719561818485,0.4510031494380807,-0.05629354320719334,Information Technology Services,Technology,PRFT
2022Q1,2022,Q1,2022-04-28,2022-03-31,27136000.0,222111000.0,34170000.0,0.74,83593000.0,0.3763568666,902821000.0,343550000.0,225129000.0,94757000.0,559271000.0,5992000.0,301007000.0,3725775870.0,4127641870.0,10.151286824454097,2.375856137277457,0.47189974535373014,1.2401135205938,0.03495043269076508,10.151286824454097,0.07898704700916898,16.774386995691344,34.32502828346109,10.844930490467181,0.0,23.117156208277702,0.0,0.24601886752745006,2.2219255569509375,0.030056899429676535,436.9386501700481,0.37635686661173917,4.692307692307692,8.880827878176785,0.9734642563672432,-0.054091012198573846,0.0020858557402989725,4.991609626849194,11.632162661737523,2.5806873956134693,0.5388418592333908,-0.08949417144568166,Information Technology Services,Technology,PRFT
2021Q4,2021,Q4,2022-02-24,2021-12-31,4529000.0,214730000.0,2705000.0,0.13,83419000.0,0.3884832115,882572000.0,364765000.0,214708000.0,119951000.0,517807000.0,0.0,271732000.0,4270060829.9999995,4607217830.0,11.044448481545402,1.78996423539612,0.4096742248791033,0.9912327114717695,-0.0133683678459797,11.044448481545402,0.012416213178347704,19.88572081218274,235.70660355486862,11.70633374912615,0.0,0.0,0.0,0.24330026332129276,1.6841210160815667,0.005131592663261467,98.7731218338692,0.3884832114748754,-0.7291666666666666,0.2614272770333696,0.8468576879177828,0.04374823520114291,0.11881706008583691,-0.7396527937456887,-0.9034411365745698,-0.4222407860825254,0.554930236195757,-0.01641567537203524,Information Technology Services,Technology,PRFT
2021Q3,2021,Q3,2021-10-28,2021-09-30,17396000.0,192820000.0,28014000.0,0.48,74560000.0,0.3866818794730837,787631000.0,423252000.0,231919000.0,109224000.0,364379000.0,0.0,267203000.0,3700895900.0,3867740900.0,13.232000500203208,2.123333699553212,0.28344491265579946,0.5274635441769915,0.029498808698746378,13.232000500203208,0.04110080991938609,19.19352712374235,53.186018337548866,8.743953720242315,0.0,0.0,0.0,0.24481006968999441,2.0274481798872044,0.022086484660964335,638.8565337476265,0.3866818794730837,-0.02040816326530614,2.3472270788096035,0.7265709317487282,0.21397175995649062,0.05079204013755003,0.04965908405237435,0.07358013336399172,1.816095505888879,0.5879915506864258,0.2168830557701726,Information Technology Services,Technology,PRFT
2021Q2,2021,Q2,2021-07-29,2021-06-30,16573000.0,184136000.0,26094000.0,0.49,70956000.0,0.385345614111309,786195000.0,411993000.0,248553000.0,113850000.0,374202000.0,0.0,249807000.0,2567167240.0,2705167240.0,12.906240210513126,2.1831620553359685,0.28578914900247393,0.5453636348190382,0.02829772727793768,12.906240210513126,0.04022641161378956,13.94169114133032,38.72514390876727,6.231094314709231,0.0,0.0,0.0,0.23421161416696876,2.07645147123408,0.021080011956321268,97.40721836463669,0.385345614111309,0.19512195121951226,2.035034192059827,0.576320290451053,0.20703289218223508,0.12131986915090315,0.2192304862797028,0.29139859447688804,1.9089239137340335,0.5520703436658416,0.1316683367017063,Information Technology Services,Technology,PRFT
2021Q1,2021,Q1,2021-04-29,2021-03-31,13593000.0,169341000.0,20206000.0,0.41,63279000.0,0.37367796339929493,767510000.0,398534000.0,222050000.0,103523000.0,368976000.0,0.0,233234000.0,1871054080.0,2023202080.0,12.507343710770776,2.1449339760246517,0.29212127529283005,0.5625768441337502,0.024758221342523024,12.507343710770776,0.03410750400216794,11.049031717067928,34.41208857500184,4.694841795179332,0.0,0.0,0.0,0.22063686466625843,2.0371704838538296,0.0177105184297273,-2805.1785307346327,0.37367796339929493,0.5769230769230768,1.6759597636514563,0.4552277226236017,0.19262422940488585,0.005913491344365492,0.6141788386177414,0.310886207343973,1.8351898775966689,0.4392044917894154,0.10806791983306095,Information Technology Services,Technology,PRFT
2020Q4,2020,Q4,2021-02-25,2020-12-31,8421000.0,162554000.0,15414000.0,0.26,62907000.0,0.38699139978099584,785761000.0,394078000.0,226510000.0,128880000.0,391683000.0,0.0,219641000.0,1513983450.0,1653822450.0,12.402920718849337,1.757526381129733,0.28385603255951875,0.5659869365963084,0.017037666423920406,12.402920718849337,0.02136886606204863,9.313726207906296,44.94666458852868,3.8418370221123737,0.0,0.0,0.0,0.20687460945503786,1.678220049658597,0.010716999189320927,26.68517581739667,0.38699139978099584,0.368421052631579,0.1808997495069153,0.2911417966598989,0.19932947142016935,0.03170203693377505,0.36328314715881493,-0.016022981168209383,0.34894647835824305,0.25535793663874684,0.10882858074293093,Information Technology Services,Technology,PRFT
2020Q3,2020,Q3,2020-10-29,2020-09-30,6177000.0,157678000.0,15665000.0,0.19,60974000.0,0.3866994761475919,754294000.0,386425000.0,197892000.0,100698000.0,367869000.0,0.0,211220000.0,1362252020.0,1541027020.0,12.123897970068711,1.9652028838705833,0.30333928150031686,0.5921123115740441,0.01728646369574893,12.123897970068711,0.01598499061913696,8.63945521886376,55.134046462684154,3.52526886200427,0.0,0.0,0.0,0.20904050675200916,1.8577826769151324,0.008189114589271558,66.38331562789338,0.3866994761475919,-0.050000000000000044,-0.11961952232258638,0.3705926827760403,0.2074946458662466,0.10492171643954769,-0.06536541080344985,0.3344407530454042,-0.09889848921941975,0.3062733917715203,0.08078260806091675,Information Technology Services,Technology,PRFT
2020Q2,2020,Q2,2020-07-31,2020-06-30,6609000.0,146339000.0,11739000.0,0.2,55184000.0,0.3770970144664102,715454000.0,410053000.0,159356000.0,97183000.0,305401000.0,0.0,205043000.0,1140952640.0,1296834640.0,12.85916332162569,1.6397518084438636,0.24519535847168372,0.4278129900281183,0.012871089815341871,12.85916332162569,0.01611742872262854,7.796640950122661,43.15904978060221,2.782451634300932,0.0,0.0,0.0,0.20454005428720784,1.517250959529959,0.009237491159459588,28.26448931057547,0.3770970144664102,-0.25925925925925924,0.7284177775202954,0.4103327382743089,0.31691821385371627,0.05423631674467475,-0.26353911299309113,-0.05604696043743969,1.8341421781965401,0.2918152394188369,0.17840011055256397,Information Technology Services,Technology,PRFT
2020Q1,2020,Q1,2020-05-07,2020-03-31,8974000.0,145562000.0,12436000.0,0.27,52345000.0,0.35960621590799796,637658000.0,393524000.0,169122000.0,65362000.0,244134000.0,0.0,198434000.0,857046330.0,984985330.0,12.438726807219394,2.5874667237844617,0.1973581449617193,0.31979498073815066,0.019292471514660695,12.438726807219394,0.022804199997967088,5.887843874088017,23.87581708268331,2.177875631473557,0.0,0.0,0.0,0.22827597238645167,2.3871515559499406,0.01407337475574681,-134.03915076634345,0.35960621590799796,-0.24999999999999992,1.305378798890594,0.3747519508439851,0.28340077204267516,-0.061362454498179925,-0.23897557666214383,-0.20348427592390955,2.4954824670913642,0.38350512070666143,0.1590553677797489,Information Technology Services,Technology,PRFT
2019Q4,2019,Q4,2020-02-25,2019-12-31,11792000.0,145159000.0,15613000.0,0.36,55767000.0,0.3841787281532664,640492000.0,381015000.0,211897000.0,84584000.0,259477000.0,0.0,189775000.0,1447104770.0,1529681770.0,12.129986310528158,2.5051664617421734,0.19463787213579561,0.3271892182722465,0.025079407739397087,12.129986310528158,0.030948912772463026,9.969101261375457,30.679799228290367,3.798025720772148,0.0,0.0,0.0,0.226636710528781,2.3626927078407265,0.01841084666162887,37.72923399817495,0.3841787281532664,0.2,0.8921242663633536,0.18919663826834848,0.2890359490884769,0.005734999729481145,0.20584926884139482,-0.012335526315789474,2.453303361477013,0.3127198089695469,0.1463362634886625,Information Technology Services,Technology,PRFT
2019Q3,2019,Q3,2019-11-07,2019-09-30,9779000.0,144684000.0,15808000.0,0.3,55449000.0,0.3832421000248818,606704000.0,369248000.0,174724000.0,64900000.0,237456000.0,0.0,177983000.0,1205470680.0,1320955680.0,11.817448633425078,2.6922033898305084,0.20354901236846965,0.33444730912557413,0.021335243728626135,11.817448633425078,0.026483555767397523,8.331748361947417,30.8178412925657,3.2646640740098793,0.0,0.0,0.0,0.23847543447875735,2.5073035439137135,0.016118238877607532,114.75208757734413,0.3832421000248818,0.111111111111111,0.3758428891654771,0.2714414613171981,0.2633862535020277,0.05911678190778164,0.14669324577861162,0.18137657873103655,0.9262351575591399,0.32626996703237743,0.08419349859412043,Information Technology Services,Technology,PRFT
2019Q2,2019,Q2,2019-08-01,2019-06-30,8528000.0,141869000.0,13381000.0,0.27,52354000.0,0.3690305845533556,604790000.0,359147000.0,169966000.0,74022000.0,245643000.0,0.0,168204000.0,1076632050.0,1193695050.0,11.458603196886067,2.296155197103564,0.2022817837596521,0.34063489323313295,0.019392353919866216,11.458603196886067,0.023745151706682777,7.588916888115092,31.561680640243903,2.9977475796818576,0.0,0.0,0.0,0.23457563782469948,2.122058306989814,0.014100762248053043,49.74964419389123,0.3690305845533556,0.22727272727272735,0.3446267521446281,0.22414998512413917,0.24974724192131306,0.09655663538873994,0.21377739823512668,0.27075023741690407,0.590593414462875,0.2369233820108268,0.07164524536275507,Information Technology Services,Technology,PRFT
2019Q1,2019,Q1,2019-05-02,2019-03-31,7026000.0,133815000.0,10530000.0,0.22,47744000.0,0.35679109217950156,567936000.0,349813000.0,154636000.0,54827000.0,218123000.0,0.0,159676000.0,869428960.0,984428960.0,11.149062978072411,2.8204351870428805,0.21339728420103674,0.3464593940190902,0.017123408420582038,11.149062978072411,0.02008501685186085,6.4972458991891795,30.936128664958726,2.4854106622681265,0.0,0.0,0.0,0.2356163370520622,2.6049756506830577,0.012371112237998647,-485.1724107142857,0.35679109217950156,-0.04347826086956525,1.259808821275965,0.3487251215387302,0.23630377261936208,-0.04274601010506055,-0.06019261637239166,-0.07639680729760548,0.4046726440280248,0.16782120030179357,0.06310683949299846,Information Technology Services,Technology,PRFT
2018Q4,2018,Q4,2019-02-26,2018-12-31,7476000.0,131703000.0,11401000.0,0.23,49876000.0,0.37870056111098455,570544000.0,353684000.0,177804000.0,74823000.0,216860000.0,0.0,152650000.0,701145480.0,776228480.0,11.228776430249539,2.3763281343971774,0.21044301578844052,0.33947535087818503,0.018760460371194717,11.228776430249539,0.021137512581852726,5.323686476390059,23.446544943820225,1.982406555003902,0.0,0.0,0.0,0.23083758658403208,2.237680926987691,0.013103283883451583,28.2731352070648,0.37870056111098455,0.21052631578947373,0.3229601084775442,0.3182944670053972,0.32972010838621174,0.11454748603351955,0.18572561459159398,0.23107655760716986,0.057532930945354534,0.05523014982726702,0.08579283912699372,Information Technology Services,Technology,PRFT
2018Q3,2018,Q3,2018-11-01,2018-09-30,6305000.0,123933000.0,9261000.0,0.19,44750000.0,0.3610821976390469,549269000.0,355004000.0,161226000.0,54973000.0,194265000.0,0.0,145174000.0,846889120.0,920980120.0,10.873682920852731,2.932821566951049,0.21672076887645217,0.33531453166724884,0.014601234714226034,10.873682920852731,0.017760363263512526,6.833443231423431,33.58006026962728,2.3855762751968994,0.0,0.0,0.0,0.22563261352816197,2.814308842522693,0.011478892855777406,74.07409428846321,0.3610821976390469,0.11764705882352934,-0.19534880296202617,0.18250001516957262,0.3078828725589594,0.06035115987015141,0.07796204479398187,0.09068425391591096,-0.12270782819587646,0.051696987271917516,0.08297792840156262,Information Technology Services,Technology,PRFT
2018Q2,2018,Q2,2018-08-02,2018-06-30,5849000.0,121798000.0,8491000.0,0.17,42203000.0,0.3464999425277919,504540000.0,373752000.0,125651000.0,56157000.0,130788000.0,0.0,138869000.0,864197640.0,909838640.0,11.404613694617357,2.2374948804245243,0.11099219090656835,0.14983197414328217,0.014580368076612463,11.404613694617357,0.015649414585072456,7.0953352271794285,36.93783723713456,2.3122221151993836,0.0,0.0,0.0,0.24140405121496808,2.0949302847374325,0.011592737939509256,35.246039398017864,0.3464999425277919,0.13333333333333347,0.19041064502995012,0.20091393318152903,0.42589302502287435,0.011698429821407168,0.18689123376623376,0.25033132086585186,0.4883974909047035,0.142157501622199,0.16795650858164746,Information Technology Services,Technology,PRFT
2018Q1,2018,Q1,2018-05-01,2018-03-31,4928000.0,120942000.0,6791000.0,0.15,41715000.0,0.3449173984223843,488721000.0,369689000.0,123131000.0,45196000.0,119032000.0,0.0,133019000.0,750675840.0,801191840.0,11.287524425989252,2.724378263563147,0.11458480400883121,0.15147867531898435,0.012247420413282245,11.287524425989252,0.013330123428070622,6.206907773974302,38.082175324675326,2.03056038994939,0.0,0.0,0.0,0.24746634582921545,2.5188512257721922,0.010083462752777148,235.9873750392958,0.3449173984223843,-0.23655011655011654,0.10547133865203366,0.31698423999570463,0.4269806600339984,-0.039886761185785304,-0.2341880341880342,0.3749746912330431,0.2228815650703307,0.10334402102323291,0.16462221473963826,Information Technology Services,Technology,PRFT
2017Q4,2017,Q4,2018-03-01,2017-12-31,6435000.0,133478000.0,4939000.0,0.19647655105031753,43448000.0,0.3255068250947722,499060000.0,366351000.0,129208000.0,61273000.0,132709000.0,0.0,128091000.0,624580640.0,673273640.0,11.185606985832926,2.108726519021429,0.11020718951629063,0.15012924763409954,0.01690495357689058,11.185606985832926,0.017565121973189646,4.679277783604789,24.26498212898213,1.7048694830913522,0.0,0.0,0.0,0.26745882258646253,1.9339839733651036,0.012894241173406004,25.961453154875716,0.3255068250947722,-0.06439737595086889,0.3600703117952968,0.4850890013609068,0.44545911197267646,0.019930045306227846,-0.08424647787106873,-0.5492379300903532,-0.009727602698454029,0.04872913475444941,0.18867813598431285,Information Technology Services,Technology,PRFT
2017Q3,2017,Q3,2017-11-02,2017-09-30,7027000.0,123738000.0,10957000.0,0.21,42599000.0,0.3442677269715043,490589000.0,366516000.0,116864000.0,40044000.0,124073000.0,0.0,121656000.0,642677910.0,705229910.0,11.21770269029474,2.9183897712516234,0.13249379827105784,0.17734560019207893,0.016941578067833356,11.21770269029474,0.019172423577688287,5.193860495563206,22.86459050804042,1.7534784566021675,0.0,0.0,0.0,0.2522233478532947,2.7604135451003895,0.014323598776164978,137.9729304422499,0.3442677269715043,1.9999999999999996,0.25566567637215276,0.29975126132000246,0.446026907288553,0.0814399228250108,1.91697799916978,0.3321580547112462,-0.054525616464348746,0.03988274135638324,0.19926828661691423,Information Technology Services,Technology,PRFT
2017Q2,2017,Q2,2017-08-03,2017-06-30,2409000.0,117026000.0,8225000.0,0.07,39391000.0,0.3366004135833063,491325000.0,359476000.0,113395000.0,44042000.0,131849000.0,0.0,114629000.0,614038880.0,676346880.0,10.912391475927388,2.57470142137051,0.13840126189385846,0.18916422793176735,0.006083632847327028,10.912391475927388,0.006701420957170993,5.247029548989113,63.72342050643421,1.708149862577752,0.0,0.0,0.0,0.23818450109398057,2.413968484628309,0.0049030682338574265,64.28380234505863,0.3366004135833063,-0.12499999999999993,-0.4064878037856357,0.2700107719811773,0.43914486395134894,0.09191961191961191,-0.11074197120708748,0.6927351306853262,-0.6386051531024011,-0.039228559638509734,0.1901739606021109,Information Technology Services,Technology,PRFT
2017Q1,2017,Q1,2017-05-04,2017-03-31,2709000.0,111019000.0,4859000.0,0.08,36075000.0,0.3249443788900999,450534000.0,358259000.0,109182000.0,32940000.0,92275000.0,0.0,112219000.0,579528880.0,607141880.0,10.731779648323997,3.3145719489981786,0.08545414996426463,0.10746415302895392,0.007323706223717406,10.731779648323997,0.007561568585855484,5.220087372431746,53.48180878552971,1.6176254609095655,0.0,0.0,0.0,0.24641647467227779,2.9914086217364906,0.006012864733849166,45.88147256749268,0.3249443788900999,-0.2727272727272727,-0.22395602677596443,0.27132171777577885,0.45925257127749525,-0.006854971919392138,-0.26645004061738425,-0.2505013111213944,-0.18107378626536116,0.05169103870367446,0.19003181632727129,Information Technology Services,Technology,PRFT
2016Q4,2016,Q4,2017-02-28,2016-12-31,3693000.0,119591000.0,6483000.0,0.11,36324000.0,0.30373523091202514,456576000.0,359465000.0,122499000.0,46053000.0,97111000.0,0.0,109510000.0,594152790.0,616039790.0,10.581525418739513,2.6599570060582374,0.07008690776562938,0.08902118425994186,0.009859629810784535,10.581525418739513,0.010273601045998915,4.9682065540049,40.22155361494719,1.6528807811608917,0.0,0.0,0.0,0.2619301058312307,2.471391657438169,0.008088467199327166,26.189129898179573,0.30373523091202514,-0.3125,0.14086675748499014,0.4272710944543356,0.5187181438782167,-0.0024167856750521807,-0.3339945897204689,-0.19104067881207887,-0.3940575043566758,0.10991547446590047,0.2530721592063143,Information Technology Services,Technology,PRFT
2016Q3,2016,Q3,2016-11-03,2016-09-30,5545000.0,119153000.0,8014000.0,0.16,36412000.0,0.30559029147398725,450497000.0,371987000.0,122211000.0,35990000.0,78510000.0,0.0,105817000.0,687679200.0,706358200.0,10.899759728082513,3.395693248124479,0.06215357704934772,0.07527144765811708,0.01463737624173708,10.899759728082513,0.014906434902294973,5.771396439871426,31.004472497745716,1.8486646038705652,0.0,0.0,0.0,0.2644923273628903,3.2168935815504307,0.012308628026379755,78.48427299703265,0.30559029147398725,-0.058823529411764754,0.3005625067462664,0.38034290251473357,0.5604913327308912,-0.049791231732776615,-0.046431642304385214,-0.13240229511746238,-0.3230293115958513,0.08758927782593535,0.3110193820374037,Information Technology Services,Technology,PRFT
2016Q2,2016,Q2,2016-08-04,2016-06-30,5815000.0,124396000.0,9237000.0,0.17,38320000.0,0.3080484903051545,456410000.0,363482000.0,124667000.0,42601000.0,92928000.0,0.0,100272000.0,690418140.0,716928140.0,10.692533976584103,2.9263867045374523,0.07887644880699371,0.09904204334740097,0.015163754294245919,10.692533976584103,0.01599804116847602,5.55016351008071,29.682637145313844,1.8994562041586651,0.0,0.0,0.0,0.2725531868276331,2.7910612426938335,0.012740737494796345,29.92580035542456,0.3080484903051545,0.06250000000000006,0.7218474681824312,0.5539704844544083,0.585825193114905,-0.04733492442322991,0.0756566777654458,0.09029745042492918,0.14094727550368188,0.1824391986052597,0.33686331034844513,Information Technology Services,Technology,PRFT
2016Q1,2016,Q1,2016-05-05,2016-03-31,5406000.0,123843000.0,8472000.0,0.16,40224000.0,0.32479833337370706,466873000.0,355633000.0,134967000.0,41733000.0,111240000.0,0.0,94457000.0,736546920.0,783530920.0,10.487246026363128,3.234059377471066,0.11994696630561202,0.15746570200178273,0.014175470259227177,10.487246026363128,0.015201064018243527,5.947424723238294,34.061548279689234,2.0710871038401946,0.0,0.0,0.0,0.2652605740747484,3.005870653918961,0.01157916606871676,269.7974065934066,0.32479833337370706,-0.2727272727272727,1.43990504394866,0.7818236369937098,0.5701560777553606,-0.08262822998152668,-0.2858652575957728,-0.23901913230935057,0.1712512242869872,0.30248318139547975,0.3258086265737603,Information Technology Services,Technology,PRFT
2015Q4,2015,Q4,2016-03-03,2015-12-31,7570000.0,133650000.0,11133000.0,0.22,43847000.0,0.3280733258511036,474364000.0,348810000.0,139752000.0,56576000.0,125554000.0,0.0,89051000.0,577440480.0,624629480.0,10.34154585075158,2.4701640271493215,0.11805280333246199,0.16054585591009432,0.01960713482717283,10.34154585075158,0.021702359450703822,4.320542312008978,19.070029062087187,1.6554585017631376,0.0,0.0,0.0,0.2817456636675633,2.287595446832579,0.01595820930762031,33.26461662538165,0.3280733258511036,0.0,3.712318068157596,0.9442236124402824,0.6018717945668866,0.08526805603682985,0.026579875237320316,-0.039844760672703754,0.5536137239269687,0.4439299148212821,0.3363853835366078,Information Technology Services,Technology,PRFT
2015Q3,2015,Q3,2015-11-05,2015-09-30,7374000.0,120909000.0,11595000.0,0.22,40402000.0,0.33415213094145185,450822000.0,336338000.0,127592000.0,41652000.0,114484000.0,0.0,81481000.0,516874140.0,569182140.0,10.040539733715447,3.0632862767694227,0.1353083922257565,0.1813651743186913,0.019447436699368048,10.040539733715447,0.021924373695508686,4.274902116467756,17.523533360455655,1.5367699754413713,0.0,0.0,0.0,0.2681967605839999,2.8950830692403726,0.01635678826676604,123.6245252331978,0.33415213094145185,0.8333333333333334,1.598404308812999,0.7565040000159424,0.5684896743897025,0.15761726025042264,0.8448836627470603,1.118195104128608,0.28521959164667027,0.23875642261926683,0.29428377801577316,Information Technology Services,Technology,PRFT
2015Q2,2015,Q2,2015-07-30,2015-06-30,3997000.0,108464000.0,5474000.0,0.12,34901000.0,0.32177496680926393,433913000.0,325483000.0,114120000.0,38011000.0,108430000.0,0.0,74107000.0,641326920.0,694487920.0,9.764587645876459,3.002288811133619,0.13827656696157986,0.1843414248977673,0.011501289999947196,9.764587645876459,0.012280211255272932,5.912809042631657,40.11301726294721,1.970385304301607,0.0,0.0,0.0,0.24996715931534663,2.724816500486701,0.009211523969090578,56.809896359287805,0.32177496680926393,0.0,0.5892472576602901,0.594882652036041,0.5401756198740835,-0.03214087631724903,-0.016969995081160847,-0.22354609929078015,-0.026798977398599908,0.16328524818819523,0.2877705304255167,Information Technology Services,Technology,PRFT
2015Q1,2015,Q1,2015-05-07,2015-03-31,4066000.0,110598000.0,7050000.0,0.12,36060000.0,0.32604567894536973,435534000.0,320282000.0,114795000.0,37377000.0,115252000.0,0.0,70110000.0,683721740.0,744868740.0,9.69200508382255,3.0712737779918133,0.15498215983137942,0.21075177499828276,0.01189016763792855,9.69200508382255,0.012695062476192854,6.182044340765656,42.03896581406788,2.1347491897765094,0.0,0.0,0.0,0.25393654685971706,2.8300826711614095,0.009335666101842796,91.1507452339688,0.32604567894536973,-0.368421052631579,2.829880816741696,0.8485994765142315,0.5214192167361834,-0.10945371925318581,-0.36715953307392996,-0.27543679342240496,0.17666047046235134,0.2794163380008814,0.31786933787923666,Information Technology Services,Technology,PRFT
2014Q4,2014,Q4,2015-03-06,2014-12-31,6425000.0,125842000.0,9730000.0,0.19,40492000.0,0.3217685669331384,426042000.0,304728000.0,132018000.0,55063000.0,121314000.0,0.0,66044000.0,603295290.0,646360290.0,9.410122595188833,2.3975809527268765,0.12674806709197683,0.17720721430259118,0.0188134754915808,9.410122595188833,0.02108437688692867,4.794069468063126,23.474524902723736,1.9797829211624793,0.0,0.0,0.0,0.2953746344257139,2.2676388863665258,0.015080672797517616,19.084979595710355,0.3217685669331384,-0.13636363636363635,7.522400026177152,1.2131984649550942,0.5102325585220288,0.024154589371980676,-0.1205858198740761,-0.21500605082694635,1.0821882994992074,0.5755233223566028,0.3505920324230582,Information Technology Services,Technology,PRFT
2014Q3,2014,Q3,2014-11-07,2014-09-30,7306000.0,116971000.0,12395000.0,0.22,39537000.0,0.33800685640030437,429949000.0,300425000.0,132497000.0,41640000.0,129524000.0,0.0,59619000.0,481448820.0,550837820.0,9.353789152500156,3.1819644572526418,0.17397412251220493,0.24898061080136474,0.020207891453132253,9.353789152500156,0.02431888158442207,4.115967376529225,16.474432658089242,1.602559107930432,0.0,0.0,0.0,0.27205784872159255,2.9470461095100866,0.01699271308922686,-135.23843258426967,0.33800685640030437,0.15789473684210525,52.863791941130124,1.2291569904141395,0.4926574178507989,0.04462587190868738,0.1438860184750274,0.08575683251576735,0.8208396066337462,0.43986757669126264,0.33915859292400574,Information Technology Services,Technology,PRFT
2014Q2,2014,Q2,2014-07-31,2014-06-30,6387000.0,116709000.0,11416000.0,0.19,37848000.0,0.32429375626558365,420914000.0,289402000.0,120863000.0,47543000.0,131512000.0,0.0,52314000.0,614551080.0,678919080.0,9.168736535293371,2.542182866037061,0.1686805380671586,0.24533348076378186,0.0183254484183483,9.168736535293371,0.022069647065327814,5.265669999742951,24.054762799436354,2.123520500894949,0.0,0.0,0.0,0.2772751678490143,2.2896956439433778,0.015174121079365381,155.111327612317,0.32429375626558365,1.1111111111111112,29.699741406510647,1.2877825034516575,0.4713740175874456,0.20308973584665754,1.097536945812808,1.1058845231507102,1.0368174582517666,0.5701853943832121,0.3598285886715816,Information Technology Services,Technology,PRFT
2014Q1,2014,Q1,2014-05-08,2014-03-31,3045000.0,97170000.0,5421000.0,0.09,31459000.0,0.3237521868889575,376524000.0,277116000.0,100159000.0,32392000.0,99408000.0,0.0,45926000.0,556809480.0,602078480.0,9.018061114907741,3.092090639664115,0.13279365989950176,0.18042985608914677,0.009568079866627976,9.018061114907741,0.01098817823582904,5.730261191725841,45.715064039408865,2.009301086909453,0.0,0.0,0.0,0.2580711986486917,2.808502099283774,0.008087133887879657,-108.5821918876755,0.3237521868889575,-0.49834754217304555,2.0608026390407095,0.7424153699508861,0.45273785928334764,-0.05026566839753653,-0.44766914565572286,-0.36862334032145355,0.5166185019693508,0.5428283979066875,0.3501889279174409,Information Technology Services,Technology,PRFT
2013Q4,2013,Q4,2014-03-06,2013-12-31,5513000.0,97465000.0,8586000.0,0.17940707475023593,33124000.0,0.3398553326835274,325749000.0,259490000.0,95233000.0,37965000.0,66259000.0,0.0,42881000.0,719673180.0,731655180.0,8.444466139477367,2.5084419860397733,0.058327116890612096,0.07322054799799607,0.019789128505458563,8.444466139477367,0.02124552005857644,7.383914020417586,32.63527933974243,2.773413927318972,0.0,0.0,0.0,0.29920276040755306,2.2627419992097986,0.01692407344304971,37.582807457308476,0.3398553326835274,-0.21996924021636557,5.680598024954519,0.5793670604753179,0.3652230208251232,-0.021823228892891948,-0.2379043406137683,-0.17011405374057606,2.7668796709980628,0.5562557722884458,0.3080203215480437,Information Technology Services,Technology,PRFT
2013Q3,2013,Q3,2013-11-07,2013-09-30,7234000.0,96758000.0,10346000.0,0.23,33863000.0,0.3499762293557122,304118000.0,250591000.0,95715000.0,32433000.0,53527000.0,0.0,37368000.0,553388760.0,563949760.0,8.313957731992966,2.951160854685043,0.0526111575112292,0.063849060820221,0.02737065176903204,8.313957731992966,0.028867756623342417,5.719307550796834,19.12457699751175,2.2083345371541676,0.0,0.0,0.0,0.3181593986544696,2.7402337125766967,0.0237868195897645,67.0286773255814,0.3499762293557122,0.6428571428571428,2.2536381397139325,0.6241392857268572,0.3785175685374177,0.10670632067455389,0.5857080227970188,0.3725126028124171,1.8329787710440317,0.5622071384776526,0.2987705045531337,Information Technology Services,Technology,PRFT
2013Q2,2013,Q2,2013-08-01,2013-06-30,4562000.0,94167000.0,7538000.0,0.14,30598000.0,0.32493336306774134,306001000.0,243370000.0,96418000.0,37673000.0,62631000.0,0.0,30134000.0,412907960.0,428529960.0,7.998225318785329,2.5593395800706076,0.0663396524847958,0.08341208858939064,0.01761982595001713,7.998225318785329,0.018745120598266014,4.38484777045037,22.627573432704956,1.696626371368698,0.0,0.0,0.0,0.30773428845003775,2.404905369893558,0.014908448011607804,28.535449896337248,0.32493336306774134,0.07692307692307698,0.1169594721226768,0.5561713830235175,0.33398020015300317,0.19926314964333308,0.10647586708707252,0.44738863287250386,0.9870719743683437,0.5168507375080301,0.2615659856824474,Information Technology Services,Technology,PRFT
2013Q1,2013,Q1,2013-05-09,2013-03-31,4123000.0,84935000.0,5208000.0,0.13,25514000.0,0.30039441926178845,269251000.0,239612000.0,82050000.0,21980000.0,29639000.0,0.0,25572000.0,341996680.0,343848680.0,7.910075267397333,3.7329390354868064,0.02228403979929508,0.025040482112748945,0.016655518456286905,7.910075267397333,0.017206984625143983,4.026569494319185,20.73712587921416,1.427293624693254,0.0,0.0,0.0,0.31544915339218793,3.432393084622384,0.015312849348748938,-113.92294470353097,0.30039441926178845,-0.10010054844606942,0.30689255299136964,0.444676670413154,0.36087879551414764,-0.01001086450411299,-0.05781535648994515,-0.26001705029838024,3.236645929618381,0.5487210231804353,0.24169770997493678,Information Technology Services,Technology,PRFT
2012Q4,2012,Q4,2013-03-07,2012-12-31,4376000.0,83128000.0,7038000.0,0.1444605836524495,25772000.0,0.3100279087672024,267194000.0,234413000.0,80841000.0,28564000.0,32781000.0,0.0,21449000.0,356839760.0,353826760.0,7.738445794269114,2.8301708444195492,0.010479277229279101,0.011944730027771498,0.018492222777193867,7.738445794269114,0.018667906643402885,4.2926542199980755,20.386183729433274,1.5222694987052765,0.0,0.0,0.0,0.3111147705412547,2.6423120011202914,0.01637761326975905,20.103648450704224,0.3100279087672024,-0.09712135217219073,-0.05499862971251112,0.2984835349770616,0.3804920453155698,-0.08697346512204626,-0.14896927265655388,-0.06620671354650391,5.205192063596364,0.5629000747196093,0.24194479642999356,Information Technology Services,Technology,PRFT
2012Q3,2012,Q3,2012-11-01,2012-09-30,5142000.0,87474000.0,7537000.0,0.16,28227000.0,0.32269017079360723,273966000.0,232891000.0,86233000.0,28216000.0,41075000.0,0.0,17073000.0,366256200.0,374275200.0,7.757603011225475,3.0561738020981,0.04197601162188009,0.049379323374454144,0.02128861485050234,7.757603011225475,0.022078998329690715,4.187029288702929,17.807088681446906,1.5726507250172828,0.0,0.0,0.0,0.31928779483585557,2.8909838389566205,0.01876875232693108,33.94089519043647,0.32269017079360723,0.3333333333333334,0.06585183368779061,0.5510707646686352,0.40638313663997455,0.054938894494898534,0.42714404662781014,0.14998474214220323,39.55763921776496,0.7834657684820564,0.23794148987764535,Information Technology Services,Technology,PRFT
2012Q2,2012,Q2,2012-08-02,2012-06-30,3603000.0,81796000.0,6554000.0,0.12,26757000.0,0.3271186855102939,260592000.0,221729000.0,82842000.0,25103000.0,38863000.0,0.0,11931000.0,328387660.0,336654660.0,7.582552492989536,3.300083655339999,0.04796770430404617,0.05637512458902534,0.015446013931322153,7.582552492989536,0.016249565911540663,4.014715389505599,22.785710519011936,1.4810316196798794,0.0,0.0,0.0,0.31388530730030084,3.150221089112855,0.013826211088598269,46.290902170848604,0.3271186855102939,0.1999999999999999,-0.15297840841372276,0.46755772897072145,0.5497130185873558,0.18148099085971653,0.20663094440723376,0.3227043390514632,18.475527407461172,0.7307223998157096,0.21682749659473477,Information Technology Services,Technology,PRFT
2012Q1,2012,Q1,2012-05-03,2012-03-31,2986000.0,74698000.0,4955000.0,0.1,22647000.0,0.30318080805376313,237312000.0,210007000.0,72765000.0,19699000.0,27305000.0,0.0,8328000.0,342953704.79,346499704.79,7.354298946980038,3.693842327021676,0.026125943905070118,0.029522825429628537,0.013719467861684086,7.354298946980038,0.014218573666592066,4.591203309191679,28.71347159996651,1.633058444670892,0.0,0.0,0.0,0.31476705771305286,3.4898218183664147,0.012582591693635382,233.93840708731244,0.30318080805376313,0.04945531054759279,-0.10384786820304669,0.4154436711865737,0.649057299608519,0.06294001689664883,0.09739066519661889,0.003036437246963563,2.2299349040302108,0.44139961164423913,0.1847190180496863,Information Technology Services,Technology,PRFT
2011Q4,2011,Q4,2012-03-01,2011-12-31,2721000.0,70433000.0,4940000.0,0.095287525819295,21306000.0,0.3025002484630784,223932000.0,198959000.0,74988000.0,23512000.0,24973000.0,0.0,5342000.0,285842346.79,276110346.79,6.9674056778688405,3.1893501190881253,0.0,0.0,0.01353372428490292,6.9674056778688405,0.013676184540533477,4.058358252381696,26.262619146453506,1.4366897038585837,0.0,0.0,0.0,0.31452851758569567,3.0037427696495405,0.012151010128074595,23.828138278592867,0.3025002484630784,-0.20593728483920826,-0.06974694163273204,0.3500289207699529,0.7576502935183245,-0.045301787874714346,-0.2149451817657242,-0.1359104425397936,2.54823051252246,0.22819270080815174,0.12642557501484886,Information Technology Services,Technology,PRFT
2011Q3,2011,Q3,2011-11-03,2011-09-30,3466000.0,70174000.0,5717000.0,0.12,22317000.0,0.3180237694872745,221429000.0,193787000.0,71070000.0,25955000.0,27642000.0,0.0,2621000.0,203086080.0,201127080.0,6.984825547866206,2.7382007320362165,0.0,0.0,0.017848153355267835,6.984825547866206,0.017885616682233586,2.8940359677373384,14.648447778418927,1.0479860878180682,0.0,0.0,0.0,0.31691422532730584,2.4883452128684262,0.015652872929923362,38.49243366186505,0.3180237694872745,0.1999999999999999,0.12928837627458303,0.4628758713730407,0.7782761655791507,0.051597398925643204,0.2526201662450307,0.17127637779143617,0.6935884587128536,0.27967946923503584,0.1581373205507541,Information Technology Services,Technology,PRFT
2011Q2,2011,Q2,2011-08-04,2011-06-30,2767000.0,65587000.0,4881000.0,0.1,21222000.0,0.3235702197081739,215153000.0,187794000.0,77081000.0,25411000.0,27359000.0,0.0,-845000.0,285761520.0,273267520.0,6.7425678586816025,3.0333713746015505,0.0,0.0,0.014713129485634285,6.7425678586816025,0.014734230060598315,4.356984158446034,25.81871340802313,1.5216754528898688,0.0,0.0,0.0,0.3048388820978559,2.786273661012947,0.012860615468991834,176.50495367510808,0.3235702197081739,0.6666666666666669,0.07576952400403753,0.5329514271902615,0.8832024800915018,0.3028424089876604,0.543223647518126,0.5982318271119843,-0.259869477340152,0.18411389498225214,0.12455596875273514,Information Technology Services,Technology,PRFT
2011Q1,2011,Q1,2011-05-05,2011-03-31,1793000.0,56245000.0,3054000.0,0.06,16289000.0,0.289607965152458,203311000.0,183289000.0,73800000.0,17776000.0,20022000.0,0.0,-3612000.0,329579945.27,320169945.27,6.679110551452517,4.1516651665166515,0.0,0.0,0.009840363768598271,6.679110551452517,0.009782365553852113,5.859719891012534,45.95370123675404,1.798143616201736,0.0,0.0,0.0,0.2766451397120667,3.854691719171917,0.00881900143130475,-43.79217981264948,0.289607965152458,0.25977629686304515,-0.09782655312505285,0.6273853779834372,1.2479147663054555,0.021574161179052996,0.37184391736801836,-0.04113029827315542,-0.37263972362405734,0.056034405819365835,0.1490990433213992,Information Technology Services,Technology,PRFT
2010Q4,2010,Q4,2011-03-03,2010-12-31,1307000.0,55929000.0,3185000.0,0.047627503509476504,15945000.0,0.2850936008153194,207678000.0,177164000.0,76358000.0,28726000.0,30514000.0,0.0,-5405000.0,343026587.5,330319587.5,6.455913566758145,2.658149411682796,0.0,0.0,0.007183382675461719,6.455913566758145,0.007377345284595064,6.133250862700924,65.61334879495027,1.9362093173556705,0.0,0.0,0.0,0.26930632999162163,2.5239852398523985,0.00629339650805574,96.16669119708439,0.2850936008153194,-0.4046562061315437,-0.43829584667724103,0.6267176833127391,1.3054902882205062,-0.03075800863169412,-0.41988459831335995,-0.101804850535815,-0.6884405770634977,-0.035646307318029924,0.15169603316918312,Information Technology Services,Technology,PRFT
2010Q3,2010,Q3,2010-11-04,2010-09-30,2253000.0,54648000.0,3546000.0,0.08,16451000.0,0.3010357195139804,193196000.0,170239000.0,67447000.0,21719000.0,22957000.0,0.0,-6712000.0,243069160.00000003,229208160.00000003,6.401406332255396,3.1054376352502415,0.0,0.0,0.01303944229651176,6.401406332255396,0.013234335258078348,4.447905870297175,26.971722148246783,1.4278112535905403,0.0,0.0,0.0,0.2828629992339386,2.9906073023619872,0.01166173212695915,51.68385285987668,0.3010357195139804,0.14285714285714277,-0.0806638181208577,0.7634815729071079,1.3516458242756106,-0.02955403492213308,0.098488542174549,0.09444444444444444,-0.4728096571415199,0.09387674132982914,0.16051696683073172,Information Technology Services,Technology,PRFT
2010Q2,2010,Q2,2010-08-05,2010-06-30,2051000.0,55460000.0,3240000.0,0.07,16952000.0,0.3056617381896863,194433000.0,172338000.0,66677000.0,20638000.0,22095000.0,0.0,-8966000.0,242200530.0,227566530.0,6.33991833131001,3.23078786704138,0.0,0.0,0.011674036538614962,6.33991833131001,0.011901031693532477,4.367120988099531,29.522248902974162,1.4053808794345994,0.0,0.0,0.0,0.28523964553342285,3.131989533869561,0.010548620861685003,51.422617834394906,0.3056617381896863,1.3333333333333337,-0.0014607071208325951,1.027880190259497,1.5255058424142685,0.26328340412847456,1.3629032258064515,1.1011673151750974,-0.48131275663749884,0.07041621826960034,0.29574493337112,Information Technology Services,Technology,PRFT
2010Q1,2010,Q1,2010-05-06,2010-03-31,868000.0,48915000.0,1542000.0,0.03,13419000.0,0.27433302667893283,189875000.0,172116000.0,62749000.0,16362000.0,17759000.0,0.0,-11017000.0,304495181.62,287023181.62,6.370371148994867,3.8350446155726683,0.0,0.0,0.004937445288836211,6.370371148994867,0.005043110460387181,6.224985824798119,87.70022512096773,1.769127690743452,0.0,0.0,0.0,0.25761685319289007,3.705903923725706,0.004571428571428572,68.73480397742664,0.27433302667893283,0.28862667726550073,-0.5432047584136641,0.9423923746252598,1.8427863137292735,0.07921827247868747,0.3799682034976153,0.0032530904359141183,-0.724673732823065,-0.020370944899968324,0.4284307886041672,Information Technology Services,Technology,PRFT
2009Q4,2009,Q4,2010-03-04,2009-12-31,629000.0,47440000.0,1537000.0,0.02328059827510383,12434000.0,0.26209949409780775,184810000.0,168348000.0,65338000.0,15133000.0,16462000.0,0.0,-11885000.0,227763476.57999998,209788476.57999998,6.230909631823815,4.317584087755237,0.0,0.0,0.00370975813052193,6.230909631823815,0.0037363081236486324,4.801085088111298,90.52602407790143,1.3529324766554993,0.0,0.0,0.0,0.2566960662301824,4.133086631864138,0.0034034954818462203,49.03411767061356,0.26209949409780775,4.765490772825714,-0.6314269753267213,0.7183137027949855,1.954939277167236,0.14525191120935801,4.469565217391304,6.227891156462585,-0.7727210612320282,-0.03894653633236995,0.5718562474477817,Information Technology Services,Technology,PRFT
2009Q3,2009,Q3,2009-11-05,2009-09-30,115000.0,44489000.0,-294000.0,0.004037921348314607,10857000.0,0.24403785205331655,185485000.0,170644000.0,68923000.0,13547000.0,14841000.0,0.0,-12514000.0,225200370.0,200888370.0,6.2665344643971945,5.087694692551857,0.0,0.0,0.0007025949756292433,6.2665344643971945,0.0006739176296851926,5.061933736429229,489.5660217391304,1.3197086917793768,0.0,0.0,0.0,0.2398522791600399,4.816047833468665,0.000619996226109928,139.8760062111801,0.24403785205331655,1.5727049773561108,-0.9291488096841671,0.7927039126027873,2.4625994806322518,-0.07228915662650602,1.586734693877551,-6.25,-0.9618249490292248,-0.055092330880340656,0.5954054689629446,Information Technology Services,Technology,PRFT
2009Q2,2009,Q2,2009-08-05,2009-06-30,-196000.0,44929000.0,56000.0,-0.007050613331414799,11703000.0,0.26047764250261524,187935000.0,173227000.0,70942000.0,13915000.0,14708000.0,0.0,-12629000.0,194315010.0,163041010.0,6.231411201841793,5.098239310097018,0.0,0.0,-0.0002779032764938086,6.231411201841793,-0.0011314633400105064,4.324935119855772,-247.8507780612245,1.1217362766774233,0.0,0.0,0.0,0.2390666985925985,4.864462809917355,-0.0010429137733790938,17.760260488072387,0.26047764250261524,-1.2350204443804933,-1.1435208993679018,1.3524717553019105,2.0712106161033086,-0.12264787465327236,-1.214207650273224,-0.9549114331723028,-1.0763472435695727,0.05211834500941245,0.7404361773932546,Information Technology Services,Technology,PRFT
2009Q1,2009,Q1,2009-05-07,2009-03-31,915000.0,51292000.0,1242000.0,0.03,13339000.0,0.26006004835061997,190194000.0,175446000.0,72211000.0,14108000.0,14748000.0,0.0,-12433000.0,152619951.60000002,127747951.60000002,6.2076313749794165,5.118443436348171,0.0,0.0,0.004272676553207766,6.2076313749794165,0.005215279915187579,2.97551180690946,41.69944032786885,0.8698970144659895,0.0,0.0,0.0,0.2696825346751212,4.857244116813155,0.00481087731474179,32.88514363283775,0.26006004835061997,0.11711280632411067,-0.24347742366307926,2.143065610523836,3.752324285353846,-0.19765413533834586,0.20553359683794467,-0.1296426068675543,-0.5529757704518857,0.44097464863485875,1.0892342062765559,Information Technology Services,Technology,PRFT
2008Q4,2008,Q4,2009-03-06,2008-12-31,759000.0,56759000.0,1427000.0,0.026854942339006743,16625000.0,0.29290508994168324,194247000.0,174818000.0,75024000.0,18848000.0,19429000.0,0.0,-13348000.0,135096920.12,112187920.12,6.185411475389303,3.980475382003396,0.0,0.0,0.0038291385817163675,6.185411475389303,0.004341658181651775,2.3801849948025864,44.49832678524375,0.7727860982278713,0.0,0.0,0.0,0.29220013693905184,3.8227398132427846,0.003907396253223988,9.849585893846603,0.29290508994168324,-0.6163579665856179,-0.27057172695302867,2.6572041144911056,4.599976953610999,-0.13303087192323737,-0.6511948529411765,-0.6758291685597456,-0.6832810553242223,0.6029135011700477,1.2088904905086288,Information Technology Services,Technology,PRFT
2008Q3,2008,Q3,2008-11-06,2008-09-30,2176000.0,58306000.0,4402000.0,0.07,19176000.0,0.3288855349363702,193792000.0,177911000.0,70108000.0,15881000.0,15881000.0,0.0,-14107000.0,195873360.0,180320360.0,6.031085799518627,4.414583464517348,0.0,0.0,0.014642407818852607,6.031085799518627,0.012230834518382788,3.359403148904058,22.503832720588232,1.1009626161395305,0.0,0.0,0.0,0.3008689729194188,4.244946791763743,0.011228533685601057,123.89206831119544,0.3288855349363702,-0.4615384615384615,0.6489701931447144,1.4486887583709247,2.740674175136768,-0.04781766721287055,-0.45449987465530206,-0.35283740076448106,-0.19952380231648148,0.6962359854107967,1.2156034158964018,Information Technology Services,Technology,PRFT
2008Q2,2008,Q2,2008-08-07,2008-06-30,3989000.0,59100000.0,6802000.0,0.13,20139000.0,0.340761421319797,197878000.0,178182000.0,72926000.0,18608000.0,19696000.0,0.0,-16283000.0,287075880.0,268801880.0,5.995760145366445,3.919067067927773,0.0,0.0,0.022416882733743856,5.995760145366445,0.022387222053855047,4.857459898477157,17.991719729255454,1.6111384988382664,0.0,0.0,0.0,0.2986688767826641,3.628815563198624,0.020158885778105703,49.969691906005224,0.340761421319797,0.3,8.917971946852974,2.7387782364782782,4.369167513676895,0.14673727365903655,0.29681404421326396,0.3477313255399247,0.7764023616855578,0.9766406166630792,1.3884104629639193,Information Technology Services,Technology,PRFT
2008Q1,2008,Q1,2008-05-07,2008-03-31,3076000.0,57323000.0,5047000.0,0.1,17562000.0,0.30636917118783036,189085000.0,171673000.0,63573000.0,16293000.0,17412000.0,0.0,-20272000.0,234509980.28,221622980.28,5.812475948241123,3.901859694347266,0.0,0.0,0.01738056192741288,5.812475948241123,0.017917785557426038,4.091027690106938,19.05965379388817,1.366027157910679,0.0,0.0,0.0,0.30315995451780947,3.7602037684895353,0.016267816061559616,55.55791999052357,0.30636917118783036,-0.34584137320044295,11.914534874634784,1.2832983328017076,2.5934155609022262,-0.1796141449058719,-0.31871539313399777,-0.3194444444444444,0.48082541024975517,1.082281777961573,1.5938248632730896,Information Technology Services,Technology,PRFT
2007Q4,2007,Q4,2008-03-04,2007-12-31,4515000.0,62420000.0,7416000.0,0.15286812082452494,21407000.0,0.34295097725088114,189992000.0,165562000.0,64249000.0,22881000.0,24430000.0,0.0,-23348000.0,464885023.88,456815023.88,5.605570724241417,2.80796293868275,0.0,0.0,0.027066365894562436,5.605570724241417,0.02727075053454295,7.447693429669978,25.74114196456257,2.8079210439593627,0.0,0.0,0.0,0.32854014905890777,2.6265897469516193,0.023764158490883827,38.290505220327816,0.34295097725088114,0.019120805496833003,3.0138901096272486,2.417126023529459,2.454019185354661,0.12396303685813294,-0.005725611098876899,-0.020214030915576695,1.420172583308068,1.0682223086775247,1.6583792869342835,Information Technology Services,Technology,PRFT
2007Q3,2007,Q3,2007-11-08,2007-09-30,4541000.0,53084000.0,7569000.0,0.15,19046000.0,0.3587898425137518,181874000.0,155871000.0,56447000.0,23643000.0,26003000.0,0.0,-27863000.0,638348220.0,638003220.0,5.515995470309293,2.387471979021275,0.0,0.0,0.028828365827909534,5.515995470309293,0.02913306516285903,12.025247155451737,35.14359282096455,4.095362318840579,0.0,0.0,0.0,0.2918723951746814,2.236687391616969,0.024967834874693468,217.34702757916241,0.3587898425137518,0.15384615384615377,3.949821029522059,1.9893175015864424,2.389878146757156,0.04734671432499313,0.13129048330842052,0.09584479513536992,1.6960192065687,1.0613025104847247,2.0478860619336103,Information Technology Services,Technology,PRFT
2007Q2,2007,Q2,2007-08-14,2007-06-30,4014000.0,52595000.0,6907000.0,0.13,18185000.0,0.3457552999334538,155336000.0,135014000.0,47353000.0,18483000.0,20322000.0,0.0,-32404000.0,571195800.0,570718800.0,4.8928752627382766,2.561975869718119,0.0,0.0,0.029512336606162395,4.8928752627382766,0.029730250196275943,10.860268086319993,35.575224215246635,4.230641266831587,0.0,0.0,0.0,0.33858860792089407,2.4808202131688577,0.025840758098573415,71.87565118912798,0.3457552999334538,0.18181818181818185,3.159839510040561,2.5518190141696016,2.2977181212875175,0.06644381890687309,0.270253164556962,0.2400359066427289,1.961085567783629,1.7743205473016355,1.4115003750273416,Information Technology Services,Technology,PRFT
2007Q1,2007,Q1,2007-05-10,2007-03-31,3160000.0,50049000.0,5570000.0,0.11,17052000.0,0.34070610801414614,140069000.0,120775000.0,44678000.0,15301000.0,19294000.0,0.0,-36418000.0,535670586.50000006,537563586.5,4.459698852626847,2.919939873210901,0.020625548836644796,0.02392051335127303,0.02553019406846383,4.459698852626847,0.026164355205961498,10.702922865591722,42.37900209651899,4.4352770565100395,0.0,0.0,0.0,0.35731675102984956,2.740082347558983,0.02256030956171601,-244.59844132420093,0.34070610801414614,0.07388491348233601,3.4553337233039683,4.663747007413102,5.632752297320195,0.10461877307767053,0.1391492429704398,0.07966660205466175,1.7266784157481898,2.200702113835128,2.4141742449669095,Information Technology Services,Technology,PRFT
