Quarters,Year,Quarter,FillingDate,Date,NetIncome,Revenue,OperatingIncome,EPSDiluted,GrossProfit,GrossProfitRatio,TotalAssets,CommonStockEquity,CurrentAssets,CurrentLiability,TotalLiability,Inventory,RetainedEarnings,MarketCap,EnterpriseValue,bookValuePerShare,currentRatio,debtToAssets,debtToEquity,roic,shareholdersEquityPerShare,roe,priceToSalesRatio,peRatio,pbRatio,payoutRatio,inventoryTurnover,dividendYield,assetTurnover,quickRatio,returnOnAssets,priceToFreeCashFlowsRatio,grossProfitMargin,epsdilutedGrowth,fiveYNetIncomeGrowthPerShare,fiveYRevenueGrowthPerShare,fiveYShareholdersEquityGrowthPerShare,grossProfitGrowth,netIncomeGrowth,operatingIncomeGrowth,threeYNetIncomeGrowthPerShare,threeYRevenueGrowthPerShare,threeYShareholdersEquityGrowthPerShare,Industry,Sector,Symbol
2023Q4,2023,Q4,2023-06-14,2023-04-28,245000000.0,1581000000.0,309000000.0,1.13,1075000000.0,0.6799493991,9818000000.0,1159000000.0,4680000000.0,3467000000.0,8659000000.0,167000000.0,0.0,13395570000.0,15784570000.0,5.44131455399061,1.3498702047880011,0.24332858015889183,2.0612597066436584,0.06795341773242662,5.44131455399061,0.21138912855910266,8.472846299810247,13.668948979591837,11.557868852459016,0.4326530612244898,3.029940119760479,0.007913063796464056,0.16103075982888573,0.2846841649841361,0.024954165817885517,68.34474489795919,0.6799493991144845,2.766666666666666,0.12476828993642045,0.1986421882912344,-0.3023955700012038,0.07392607392607392,2.769230769230769,-0.12215909090909091,0.29107981220657275,0.16556584331111585,3.946649594536918,Computer Hardware,Technology,NTAP
2023Q3,2023,Q3,2023-03-01,2023-01-27,65000000.0,1526000000.0,352000000.0,0.3,1001000000.0,0.6559633028,9710000000.0,1102000000.0,4540000000.0,3393000000.0,8608000000.0,175000000.0,268000000.0,14156640000.000002,13952640000.000002,5.101851851851852,1.338048924255821,0.25087538619979405,2.210526315789474,0.033662900188323915,5.101851851851852,0.05898366606170599,9.276959370904326,54.44861538461539,12.846315789473685,1.6615384615384616,3.0,0.007628928898382666,0.15715756951596294,1.1676982021809608,0.006694129763130793,44.37818181818182,0.6559633027522935,-0.9120234604105573,1.1593836919923877,0.24318474745263985,-0.3716469226579521,-0.07911683532658693,-0.9133333333333333,0.24822695035460993,-0.7544792084503276,0.1372137807322992,3.0887181507748886,Computer Hardware,Technology,NTAP
2023Q2,2023,Q2,2022-12-01,2022-10-28,750000000.0,1663000000.0,282000000.0,3.41,1087000000.0,0.6536380036,9780000000.0,1202000000.0,4603000000.0,3395000000.0,8578000000.0,244000000.0,499000000.0,15059800000.000002,14824800000.000002,5.539170506912442,1.355817378497791,0.24887525562372187,2.0249584026622296,0.17582216606258108,5.539170506912442,0.6239600665557404,9.055802766085389,5.019933333333334,12.528951747088188,0.144,2.360655737704918,0.007171409978884181,0.17004089979550102,1.1614138438880708,0.07668711656441718,109.92554744525549,0.6536380036079374,2.5520833333333335,4.312705727452271,0.44972356711842204,-0.4634364903278909,0.03919694072657744,2.5046728971962615,0.10588235294117647,2.3424361381350627,0.3135993438809843,1.4285542334410892,Computer Hardware,Technology,NTAP
2023Q1,2023,Q1,2022-08-30,2022-07-29,214000000.0,1592000000.0,255000000.0,0.96,1046000000.0,0.6570351759,9544000000.0,657000000.0,4922000000.0,3575000000.0,8887000000.0,232000000.0,0.0,15692600000.0,14890600000.0,2.9863636363636363,1.3767832167832168,0.27629924559932945,4.013698630136986,0.05580096938462483,2.9863636363636363,0.3257229832572298,9.8571608040201,18.332476635514016,23.88523592085236,0.514018691588785,2.353448275862069,0.007009673349221927,0.16680637049455155,1.2461538461538462,0.02242246437552389,72.65092592592593,0.657035175879397,-0.15789473684210523,0.9311497326203212,0.4745797598627787,-0.7087000788229112,-0.03948576675849403,-0.17374517374517376,-0.1296928327645051,1.2571050308914389,0.3992644895557517,-0.17295375539871488,Computer Hardware,Technology,NTAP
2022Q4,2022,Q4,2022-06-16,2022-04-29,259000000.0,1680000000.0,293000000.0,1.14,1089000000.0,0.6482142857,10026000000.0,838000000.0,5945000000.0,3953000000.0,9188000000.0,204000000.0,122000000.0,16261500000.0,14763500000.0,3.774774774774775,1.5039210726030863,0.26291641731498105,3.1455847255369926,0.07384762401519633,3.774774774774775,0.30906921241050117,9.679464285714285,15.696428571428571,19.405131264916466,0.42857142857142855,2.8970588235294117,0.006825938566552901,0.1675643327348893,1.3625094864659753,0.0258328346299621,47.40962099125365,0.6482142857142857,0.03636363636363619,0.6578947368421053,0.37963757139989424,-0.6333851837448959,0.014911463187325256,0.027777777777777776,-0.08722741433021806,-0.27819865319865317,0.16460681787314957,-0.1515414497065873,Computer Hardware,Technology,NTAP
2022Q3,2022,Q3,2022-03-02,2022-01-28,252000000.0,1614000000.0,321000000.0,1.1,1073000000.0,0.6648079306,9500000000.0,882000000.0,5513000000.0,3552000000.0,8618000000.0,167000000.0,214000000.0,19260510000.0,18042510000.0,3.9551569506726456,1.5520833333333333,0.31073684210526314,3.3469387755102042,0.06368415831762722,3.9551569506726456,0.2857142857142857,11.933401486988847,19.107648809523813,21.83731292517007,0.44047619047619047,3.2395209580838324,0.005763087270274774,0.16989473684210527,1.4076576576576576,0.026526315789473683,96.7864824120603,0.6648079306071871,0.12244897959183684,1.1207690890103812,0.4124793990264842,-0.5977308817801392,0.013220018885741265,0.125,0.07718120805369127,0.13458317575233664,0.15765645576375206,-0.19610631083889316,Computer Hardware,Technology,NTAP
2022Q2,2022,Q2,2021-12-02,2021-10-29,224000000.0,1566000000.0,298000000.0,0.98,1059000000.0,0.6762452107,9222000000.0,759000000.0,5669000000.0,3195000000.0,8463000000.0,155000000.0,194000000.0,19913900000.0,18311900000.0,3.403587443946188,1.7743348982785603,0.3152244632400781,3.8300395256916997,0.060522975374460525,3.403587443946188,0.2951251646903821,12.716411238825032,22.22533482142857,26.237022397891963,0.5,3.270967741935484,0.005624212233665932,0.16981132075471697,1.625978090766823,0.024289741921492084,79.0234126984127,0.6762452107279694,0.1136363636363636,1.561895750195417,0.4568904357138076,-0.6607395807038221,0.06006006006006006,0.10891089108910891,0.19678714859437751,0.07534004428483712,0.19432086576349955,-0.4260617251384859,Computer Hardware,Technology,NTAP
2022Q1,2022,Q1,2021-09-02,2021-07-30,202000000.0,1458000000.0,249000000.0,0.88,999000000.0,0.6851851851851852,9156000000.0,720000000.0,5631000000.0,3103000000.0,8436000000.0,108000000.0,204000000.0,17748570000.0,16153570000.0,3.2286995515695067,1.8146954560103126,0.3164045434687637,4.023611111111111,0.05468380523093683,3.2286995515695067,0.28055555555555556,12.173230452674897,21.96605198019802,24.650791666666667,0.5544554455445545,4.25,0.006310367539469377,0.15923984272608127,1.676442152755398,0.022062035823503714,92.92445026178011,0.6851851851851852,-0.3972602739726027,2.9488508968609866,0.40968665312827046,-0.6773613270458838,-0.034782608695652174,-0.39520958083832336,-0.45274725274725275,-0.16138744077706835,0.16213469951506224,-0.5598755033760611,Computer Hardware,Technology,NTAP
2021Q4,2021,Q4,2021-06-21,2021-04-30,334000000.0,1555000000.0,455000000.0,1.46,1035000000.0,0.6655948553054662,9360000000.0,685000000.0,6001000000.0,3452000000.0,8675000000.0,114000000.0,211000000.0,16581180000.0,14804180000.0,3.0855855855855854,1.738412514484357,0.294017094017094,4.0175182481751825,0.09799129768669093,3.0855855855855854,0.48759124087591244,10.663138263665594,12.411062874251497,24.206102189781024,0.31736526946107785,4.56140350877193,0.006392789897944538,0.16613247863247863,1.6051564310544613,0.03568376068376068,31.825681381957775,0.6655948553054662,0.8249999999999998,54.409909909909906,0.44150672411541975,-0.6958325906607753,0.06153846153846154,0.8351648351648352,0.7635658914728682,0.4711944416741464,0.13113570609000233,-0.6044121044121045,Computer Hardware,Technology,NTAP
2021Q3,2021,Q3,2021-03-01,2021-01-29,182000000.0,1470000000.0,258000000.0,0.8,975000000.0,0.6632653061224489,8686000000.0,478000000.0,5114000000.0,3050000000.0,8208000000.0,106000000.0,56000000.0,14816120000.0,13766120000.0,2.1434977578475336,1.6767213114754098,0.31752244991941053,5.7698744769874475,0.05654528945802938,2.1434977578475336,0.3807531380753138,10.078993197278912,20.351813186813185,30.996066945606692,0.5879120879120879,4.669811320754717,0.00722186375380329,0.16923785401795993,1.538688524590164,0.020953258116509325,43.44903225806451,0.6632653061224489,0.3114754098360657,0.562941469562414,0.3935317298545999,-0.7979913660182285,0.04501607717041801,0.3284671532846715,0.4175824175824176,1.432265726085184,0.15997161608696553,-0.7360030335003956,Computer Hardware,Technology,NTAP
2021Q2,2021,Q2,2020-12-03,2020-10-30,137000000.0,1416000000.0,182000000.0,0.61,933000000.0,0.6588983050847458,8420000000.0,370000000.0,4821000000.0,2920000000.0,8050000000.0,116000000.0,30000000.0,9743580000.0,8981580000.0,1.6666666666666667,1.651027397260274,0.3286223277909739,7.478378378378379,0.04353192789489765,1.6666666666666667,0.37027027027027026,6.881059322033899,17.780255474452556,26.334,0.781021897810219,4.163793103448276,0.01098158992895835,0.1681710213776722,1.5212328767123289,0.016270783847981,80.52545454545455,0.6588983050847458,0.7428571428571429,0.5915125651967759,0.2977461890956701,-0.8359558085035153,0.06995412844036697,0.7792207792207793,0.3382352941176471,-0.05140283140283134,0.20659900406735834,-0.8385547953426961,Computer Hardware,Technology,NTAP
2021Q1,2021,Q1,2020-08-28,2020-07-31,77000000.0,1303000000.0,136000000.0,0.35,872000000.0,0.6692248656945511,8416000000.0,284000000.0,4817000000.0,2976000000.0,8132000000.0,136000000.0,0.0,9790300000.0,9079300000.0,1.2850678733031675,1.6186155913978495,0.3471958174904943,10.288732394366198,0.030075360720522012,1.2850678733031675,0.2711267605633803,7.513660782808903,31.786688311688312,34.47288732394366,1.3896103896103895,3.1691176470588234,0.010929185009652412,0.15482414448669202,1.470766129032258,0.009149239543726236,52.07606382978724,0.6692248656945511,-0.6022727272727273,4.530618401206636,0.3425932516481098,-0.8697797888386123,-0.07332624867162593,-0.6071428571428571,-0.5090252707581228,-0.308291189779079,0.20143430376504745,-0.8746501713179713,Computer Hardware,Technology,NTAP
2020Q4,2020,Q4,2020-06-15,2020-04-24,196000000.0,1401000000.0,277000000.0,0.88,941000000.0,0.6716630977872948,7522000000.0,242000000.0,4274000000.0,3616000000.0,7280000000.0,145000000.0,0.0,9473200000.0,8627200000.0,1.1,1.1819690265486726,0.24089337942036693,7.487603305785124,0.09880254777070063,1.1,0.8099173553719008,6.761741613133476,12.083163265306123,39.14545454545454,0.5357142857142857,3.1724137931034484,0.011083899843769793,0.18625365594256846,1.0660951327433628,0.02605689976070194,26.38774373259053,0.6716630977872948,-0.2727272727272727,1.0393827077296314,0.27719331392774277,-0.9005067221229607,0.0,-0.2924187725631769,0.033582089552238806,0.2660287081339712,0.16097845436130384,-0.8931654676258993,Computer Hardware,Technology,NTAP
2020Q3,2020,Q3,2020-02-18,2020-01-24,277000000.0,1404000000.0,268000000.0,1.21,941000000.0,0.6702279202279202,7483000000.0,282000000.0,4218000000.0,3529000000.0,7201000000.0,113000000.0,0.0,13517060000.0,12800060000.0,1.247787610619469,1.1952394446018701,0.2656688493919551,7.049645390070922,0.1111909940027919,1.247787610619469,0.9822695035460993,9.627535612535613,12.199512635379062,47.93283687943263,0.3898916967509025,4.097345132743363,0.007989903129822609,0.18762528397701456,1.085009917823746,0.037017239075237206,34.83778350515464,0.6702279202279202,0.17475728155339798,1.1601629760140952,0.24784408623312804,-0.8891645896610529,0.017297297297297298,0.13991769547325103,-0.0945945945945946,1.3002182082676688,0.21238938053097348,-0.8730906439087845,Computer Hardware,Technology,NTAP
2020Q2,2020,Q2,2019-11-18,2019-10-25,243000000.0,1371000000.0,296000000.0,1.03,925000000.0,0.674690007293946,7472000000.0,536000000.0,4191000000.0,3204000000.0,6936000000.0,111000000.0,0.0,13162350000.0,12411350000.0,2.2808510638297874,1.3080524344569289,0.2400963597430407,3.3470149253731343,0.09696165776287746,2.2808510638297874,0.4533582089552239,9.60054704595186,13.541512345679012,24.556623134328355,0.4567901234567901,4.018018018018018,0.008433144537259685,0.1834850107066381,1.1757178526841447,0.032521413276231266,-147.89157303370786,0.674690007293946,1.4523809523809528,1.0583788245945729,0.20311762474568087,-0.790385484238796,0.13357843137254902,1.3592233009708738,1.8461538461538463,1.637282842084716,0.21034614163226412,-0.7726509158319538,Computer Hardware,Technology,NTAP
2020Q1,2020,Q1,2019-08-19,2019-07-26,103000000.0,1236000000.0,104000000.0,0.42,816000000.0,0.6601941747572816,7811000000.0,863000000.0,4516000000.0,3175000000.0,6948000000.0,116000000.0,0.0,14127290000.0,12886290000.0,3.6108786610878663,1.4223622047244096,0.2209704263218538,2.0,0.03285284916886463,3.6108786610878663,0.11935110081112399,11.429846278317152,34.28953883495146,16.369976825028967,1.116504854368932,3.6206896551724137,0.008140273187568174,0.15823838176929972,1.2831496062992127,0.013186531814108308,50.81758992805755,0.6601941747572816,-0.7358490566037736,0.5771076695885952,0.12341916189872516,-0.6955406346959823,-0.2046783625730994,-0.73989898989899,-0.7189189189189189,0.8787264644351465,0.11504012726908226,-0.6391707928210907,Computer Hardware,Technology,NTAP
2019Q4,2019,Q4,2019-06-18,2019-04-26,396000000.0,1592000000.0,370000000.0,1.59,1026000000.0,0.6444723618090452,8741000000.0,1090000000.0,5610000000.0,3867000000.0,7651000000.0,131000000.0,0.0,17615500000.0,17083500000.0,4.448979591836735,1.4507370054305664,0.20512527170804257,1.644954128440367,0.13234911550468262,4.448979591836735,0.363302752293578,11.06501256281407,11.120896464646465,16.16100917431193,0.24494949494949494,4.320610687022901,0.005506514149470636,0.1821301910536552,1.3227307990690458,0.045303740990733324,48.39423076923077,0.6444723618090452,0.6224489795918369,1.709192996995753,0.3011680548508062,-0.6120287703091272,0.04480651731160896,0.5903614457831325,0.18971061093247588,58.37959183673469,0.3372611653356994,-0.5614334591872153,Computer Hardware,Technology,NTAP
2019Q3,2019,Q3,2019-02-19,2019-01-25,249000000.0,1563000000.0,311000000.0,0.98,982000000.0,0.6282789507357646,8418000000.0,1230000000.0,5361000000.0,3430000000.0,7188000000.0,100000000.0,0.0,15932500000.0,15367500000.0,4.92,1.5629737609329446,0.20266096459966737,1.3869918699186992,0.08268238620347987,4.92,0.20243902439024392,10.193538067818299,15.996485943775099,12.953252032520325,0.39759036144578314,5.81,0.006213714106386318,0.1856735566642908,1.4346938775510205,0.029579472558802566,37.93452380952381,0.6282789507357646,0.07692307692307687,0.7597209786569494,0.317968198757764,-0.57357235884471,0.008213552361396304,0.03319502074688797,0.08741258741258741,0.9073725490196078,0.32167099567099566,-0.5363267931810872,Computer Hardware,Technology,NTAP
2019Q2,2019,Q2,2018-11-19,2018-10-26,241000000.0,1517000000.0,286000000.0,0.91,974000000.0,0.6420566908371786,8551000000.0,1530000000.0,5471000000.0,3310000000.0,7021000000.0,86000000.0,0.0,18529560000.0,17962560000.0,5.930232558139535,1.6528700906344411,0.2095661326160683,1.1712418300653595,0.0708134620165902,5.930232558139535,0.15751633986928104,12.214607778510217,19.22153526970954,12.110823529411764,0.42323651452282157,6.313953488372093,0.005504717867018969,0.17740615132733015,1.5299093655589124,0.02818383814758508,151.88163934426228,0.6420566908371786,-0.13333333333333333,0.9079782685479524,0.2925112447864853,-0.509651919095685,0.01142263759086189,-0.14840989399293286,0.12598425196850394,1.4090167278661772,0.19631447654301118,-0.4163078767683216,Computer Hardware,Technology,NTAP
2019Q1,2019,Q1,2018-08-21,2018-07-27,283000000.0,1474000000.0,254000000.0,1.05,963000000.0,0.6533242876526458,8905000000.0,1922000000.0,5853000000.0,2840000000.0,6983000000.0,97000000.0,0.0,20815900000.0,19930900000.0,7.33587786259542,2.0609154929577467,0.19562043795620437,0.9063475546305931,0.07212665360904187,7.33587786259542,0.14724245577523412,14.122048846675712,18.388604240282685,10.830332986472424,0.3710247349823322,5.268041237113402,0.005044221004136261,0.16552498596294216,1.9109154929577465,0.03177989893318361,79.45,0.6533242876526458,0.06060606060606066,3.64492123185152,0.3020362275717417,-0.359343070685731,-0.057729941291585124,0.04428044280442804,-0.11498257839721254,11.945547073791348,0.2811161620493468,-0.2566310432569974,Computer Hardware,Technology,NTAP
2018Q4,2018,Q4,2018-06-19,2018-04-27,271000000.0,1641000000.0,287000000.0,0.99,1022000000.0,0.6227909811090798,9865000000.0,2067000000.0,6856000000.0,3623000000.0,7798000000.0,126000000.0,-218000000.0,17861000000.0,16846000000.0,7.8,1.8923544024289263,0.19523568170299038,0.9317851959361393,0.0642849408907833,7.8,0.13110788582486696,10.8842169408897,16.476937269372694,8.641025641025642,0.19557195571955718,4.912698412698413,0.002967359050445104,0.1663456664977192,1.766491857576594,0.027470856563608717,40.04708520179372,0.6227909811090798,1.5238095238095237,1.110007165034631,0.2936869122666241,-0.40708426073131954,0.08607863974495218,1.5355731225296443,-0.39065817409766457,1.340931787347721,0.2419493628383868,-0.2945022114173575,Computer Hardware,Technology,NTAP
2018Q3,2018,Q3,2018-02-22,2018-01-26,-506000000.0,1523000000.0,471000000.0,-1.89,941000000.0,0.6178594878529219,9787000000.0,2176000000.0,6766000000.0,3548000000.0,7611000000.0,98000000.0,-489000000.0,16975120000.0,16173120000.0,8.119402985074627,1.906989853438557,0.22192704608153674,0.9981617647058824,-0.11301605667732051,8.119402985074627,-0.23253676470588236,11.145843729481287,-8.38691699604743,7.801066176470588,-0.10474308300395258,5.938775510204081,0.00312221651452243,0.15561459078369266,1.7962232243517475,-0.05170123633391233,43.750309278350514,0.6178594878529219,-3.9531249999999996,-5.293216082773986,0.25328475407149253,-0.36888100040338845,0.043237250554323724,-3.8914285714285715,1.1506849315068493,-4.327598433173499,0.14147595035843794,-0.27878963222655245,Computer Hardware,Technology,NTAP
2018Q2,2018,Q2,2017-11-29,2017-10-27,175000000.0,1422000000.0,219000000.0,0.64,902000000.0,0.6343178621659634,10308000000.0,2777000000.0,7020000000.0,4214000000.0,7531000000.0,108000000.0,17000000.0,11838690000.0,11441690000.0,10.323420074349443,1.665875652586616,0.3044237485448196,1.1299963989917177,0.028177557209815275,10.323420074349443,0.06301764494058336,8.325379746835443,16.912414285714284,4.26312207418077,0.30857142857142855,4.814814814814815,0.004561315483385409,0.1379511059371362,1.5541053630754627,0.01697710516103997,41.53926315789474,0.6343178621659634,0.3061224489795919,1.148739587007842,0.2416434063352363,-0.15108853143553266,0.0815347721822542,0.2867647058823529,0.4797297297297297,0.2950086306768217,0.0901488796370495,-0.05125821926716622,Computer Hardware,Technology,NTAP
2018Q1,2018,Q1,2017-08-29,2017-07-28,136000000.0,1325000000.0,148000000.0,0.49,834000000.0,0.6294339622641509,9599000000.0,2768000000.0,6298000000.0,4287000000.0,6831000000.0,143000000.0,10000000.0,11742300000.0,11309300000.0,10.251851851851852,1.4690926055516678,0.26231899156162103,0.9096820809248555,0.024290169046446743,10.251851851851852,0.049132947976878616,8.86211320754717,21.58511029411765,4.242160404624277,0.39705882352941174,3.4335664335664338,0.004598758335249482,0.13803521200125013,1.3620247259155587,0.014168142514845296,54.87056074766355,0.6294339622641509,-0.2794117647058824,1.8903750145129457,0.24366734864450498,-0.1422622750730254,-0.08652792990142388,-0.28421052631578947,-0.4008097165991903,0.8433048433048432,0.06603968325026609,-0.13559202594050251,Computer Hardware,Technology,NTAP
2017Q4,2017,Q4,2017-06-20,2017-04-28,190000000.0,1481000000.0,247000000.0,0.68,913000000.0,0.6164753544902093,9493000000.0,2780000000.0,6198000000.0,4122000000.0,6713000000.0,163000000.0,40000000.0,10759500000.0,10438500000.0,10.296296296296296,1.5036390101892285,0.22363847045191193,0.7636690647482014,0.03759862327990104,10.296296296296296,0.0683453237410072,7.265023632680621,14.157236842105263,3.8703237410071947,0.26842105263157895,3.4846625766871164,0.004739997211766346,0.15600969135152218,1.3711790393013101,0.020014747708838092,32.903669724770644,0.6164753544902093,0.30769230769230776,0.4151960482895735,0.17081720780986565,-0.14106926356134386,0.07285546415981199,0.3013698630136986,0.34972677595628415,0.1795074262079338,0.09836758529299455,-0.10211619251629815,Computer Hardware,Technology,NTAP
2017Q3,2017,Q3,2017-02-28,2017-01-27,146000000.0,1404000000.0,183000000.0,0.52,851000000.0,0.6061253561253561,9055000000.0,2694000000.0,5646000000.0,3844000000.0,6361000000.0,125000000.0,0.0,10346240000.0,10147240000.0,9.832116788321168,1.4687825182101977,0.22241855328547763,0.7475872308834447,0.030177759404712692,9.832116788321168,0.054194506310319225,7.369116809116809,17.716164383561644,3.840475129918337,0.3561643835616438,4.424,0.005025980452802177,0.15505245720596356,1.36420395421436,0.01612368856985091,54.4538947368421,0.6061253561253561,0.368421052631579,0.6052230061274808,0.17930933192212561,-0.12346611930418987,0.026537997587454766,0.3394495412844037,0.2887323943661972,-0.05857274761852291,0.08019585619077851,-0.14782797365708927,Computer Hardware,Technology,NTAP
2017Q2,2017,Q2,2016-12-02,2016-10-28,109000000.0,1340000000.0,142000000.0,0.38,829000000.0,0.6186567164179104,8762000000.0,2789000000.0,5220000000.0,2528000000.0,5973000000.0,97000000.0,0.0,9385280000.0,8764280000.0,10.032374100719425,2.064873417721519,0.1702807578178498,0.5349587665830047,0.025461340808222377,10.032374100719425,0.039082108282538545,7.003940298507462,21.525871559633025,3.365105772678379,0.47706422018348627,5.268041237113402,0.005540591223703502,0.15293312029217074,1.9398734177215189,0.012440082173019859,92.01254901960785,0.6186567164179104,0.6521739130434782,-0.1440869043895318,0.1562588018503578,-0.04635728703390164,0.04015056461731493,0.703125,0.5268817204301075,-0.1991378120525162,0.05956708276839402,-0.17046164058947963,Computer Hardware,Technology,NTAP
2017Q1,2017,Q1,2016-09-02,2016-07-29,64000000.0,1294000000.0,93000000.0,0.23,797000000.0,0.615919629057187,8787000000.0,2792000000.0,5223000000.0,2524000000.0,5995000000.0,81000000.0,0.0,7351650000.0,6548650000.0,10.007168458781361,2.069334389857369,0.16968248548992831,0.5340257879656161,0.015105218812494289,10.007168458781361,0.022922636103151862,5.681336939721793,28.717382812500002,2.633112464183381,0.828125,6.135802469135802,0.00720926594710031,0.1472630021622852,1.9500792393026942,0.007283486969386594,38.28984375,0.615919629057187,8.666666666666668,-0.39108695931450005,0.17778682315163435,-0.03117611433325365,-0.02567237163814181,9.0,0.453125,-0.013563848478459484,0.0733885269672956,-0.12605390438367856,Computer Hardware,Technology,NTAP
2016Q4,2016,Q4,2016-06-22,2016-04-29,-8000000.0,1380000000.0,64000000.0,-0.03,818000000.0,0.5927536231884057,10037000000.0,2881000000.0,6448000000.0,3662000000.0,7156000000.0,98000000.0,0.0,6713760000.0,6184760000.0,10.144366197183098,1.760786455488804,0.23303776028693832,0.811870878167303,-0.0016347381864623243,10.144366197183098,-0.0027768136063866713,4.865043478260869,-209.805,2.3303575147518223,-6.375,5.73469387755102,0.007596339458068206,0.13749128225565407,1.6701256144183507,-0.0007970509116269802,21.657290322580646,0.5927536231884057,-1.0576923076923077,-1.0533934813826316,0.185089067499811,0.0010565645764565581,-0.04327485380116959,-1.0522875816993464,-0.6121212121212121,-1.0581208771617043,0.015142998978432215,-0.22887764317756032,Computer Hardware,Technology,NTAP
2016Q3,2016,Q3,2016-03-07,2016-01-29,153000000.0,1386000000.0,165000000.0,0.52,855000000.0,0.6168831168831169,8785000000.0,3109000000.0,6064000000.0,2476000000.0,5676000000.0,102000000.0,51000000.0,6425490000.0,5420490000.0,10.610921501706486,2.4491114701130856,0.16960728514513376,0.4792537793502734,0.03367629932887518,10.610921501706486,0.049211965262142165,4.635995670995671,10.499166666666667,2.0667385011257635,0.33986928104575165,5.205882352941177,0.008092768022360941,0.15776892430278885,2.2649434571890144,0.017416050085372795,20.463343949044585,0.6168831168831169,0.3333333333333333,0.10430627689568184,0.36080826088746876,0.10174308755693237,-0.032805429864253395,0.34210526315789475,0.13793103448275862,0.18738302323021033,0.04323045572069623,-0.17521593948897699,Computer Hardware,Technology,NTAP
2016Q2,2016,Q2,2015-12-02,2015-10-30,114000000.0,1445000000.0,145000000.0,0.39,884000000.0,0.611764705882353,8635000000.0,2987000000.0,6081000000.0,2453000000.0,5648000000.0,125000000.0,0.0,9996000000.0,9287000000.0,10.15986394557823,2.4790052996331022,0.1724377533294731,0.4984934717107466,0.025646038129282095,10.15986394557823,0.0381653833277536,6.91764705882353,21.92105263157895,3.3465015065282895,0.4649122807017544,4.488,0.005302120848339336,0.1673422119281992,2.201793721973094,0.013202084539664158,100.96969696969697,0.611764705882353,4.8999999999999995,-0.15405311577851066,0.46178920466646145,0.13749677086024276,0.08333333333333333,4.8,6.576923076923077,0.2807239684194846,0.15443659945161545,-0.1645380154696926,Computer Hardware,Technology,NTAP
2016Q1,2016,Q1,2015-09-08,2015-07-31,-30000000.0,1335000000.0,-26000000.0,-0.1,816000000.0,0.6112359550561798,8697000000.0,3000000000.0,6119000000.0,2480000000.0,5697000000.0,193000000.0,-31000000.0,9469600000.0,8633600000.0,9.868421052631579,2.4673387096774193,0.17109348051052087,0.496,-0.00789985415653865,9.868421052631579,-0.01,7.093333333333334,-78.91333333333333,3.1565333333333334,-1.8,2.6891191709844557,0.005702458393173946,0.1535012073128665,2.163306451612903,-0.0034494653328734047,104.06153846153846,0.6112359550561798,-1.232558139534884,-1.2452490535223812,0.36012133295093934,0.22026442294374135,-0.12745936698032506,-1.2223869532987397,-1.1608910891089108,-1.5662741296815708,0.11290937392977105,-0.17434263149475035,Computer Hardware,Technology,NTAP
2015Q4,2015,Q4,2015-06-12,2015-04-24,134900000.0,1539700000.0,161600000.0,0.43,935200000.0,0.6073910502045853,9401200000.0,3414100000.0,6773400000.0,2709000000.0,5987100000.0,146500000.0,53200000.0,11153856000.0,10719856000.0,11.056023316062177,2.5003322259136214,0.1582244819810237,0.43569315485779564,0.027102344275500286,11.056023316062177,0.039512609472481766,7.2441748392544,20.670600444773907,3.2669974517442366,0.374351371386212,4.126279863481229,0.004527582210134325,0.16377696464281155,2.2536360280546326,0.01434923201293452,31.03465776293823,0.6073910502045853,-0.23214285714285723,0.12629118343704845,0.5927192731838512,0.6353564620438936,-0.043175772457540416,-0.23699095022624433,-0.2019753086419753,-0.12146022520365535,0.0642817633318877,-0.07769182474243717,Computer Hardware,Technology,NTAP
2015Q3,2015,Q3,2015-02-25,2015-01-23,176800000.0,1551300000.0,202500000.0,0.56,977400000.0,0.630052214271901,9234700000.0,3508000000.0,6554600000.0,2491300000.0,5726700000.0,117800000.0,69800000.0,12301967999.999998,11256967999.999998,11.258023106546855,2.630995865612331,0.1618569092661375,0.4260832383124287,0.03576479495675034,11.258023106546855,0.05039908779931585,7.930102494681878,17.395316742081448,3.506832383124287,0.2907239819004525,4.8718166383701185,0.004178193277693455,0.16798596597615514,2.3757877413398627,0.01914518067722828,50.007999999999996,0.630052214271901,0.142857142857143,0.795795999263195,0.6802781634395747,0.6518956550878183,-0.005190839694656489,0.10638297872340426,0.05194805194805195,0.7092984316570854,0.1458018883589464,0.003653525990061036,Computer Hardware,Technology,NTAP
2015Q2,2015,Q2,2014-11-25,2014-10-24,159800000.0,1542500000.0,192500000.0,0.49,982500000.0,0.6369529983792545,9177500000.0,3461300000.0,6489100000.0,2491000000.0,5716200000.0,107600000.0,0.0,12953032000.0,11542232000.0,10.881169443571205,2.605018065034123,0.16283301552710433,0.4317452980094184,0.03286022577185798,10.881169443571205,0.046167624880825125,8.39742755267423,20.26444305381727,3.742244821309912,0.3260325406758448,5.204460966542751,0.004022224294667072,0.16807409425224734,2.369369731031714,0.01741214927812585,39.21596124735089,0.6369529983792545,0.8148148148148147,0.7676900020715396,0.7939394270667622,0.7415455775290003,0.0473297089862488,0.8076923076923077,0.2038774233896185,0.0966324052686013,0.16320578367701216,0.034326256600313035,Computer Hardware,Technology,NTAP
2015Q1,2015,Q1,2014-08-28,2014-07-25,88400000.0,1489200000.0,159900000.0,0.27,938100000.0,0.6299355358581789,9472400000.0,3836700000.0,6748100000.0,2400900000.0,5635700000.0,104200000.0,36100000.0,12335055000.0,10797555000.0,11.859969088098918,2.8106543379565996,0.15773193699590388,0.389423202231084,0.016603644401723253,11.859969088098918,0.0230406338780723,8.283007655116842,34.88420531674208,3.21501681132223,0.6040723981900452,5.288867562380038,0.004329125407223559,0.15721464465183058,2.5613728185263858,0.00933237616654702,78.51721833227244,0.6299355358581789,-0.5423728813559322,0.7694329499421538,0.83780358419037,1.0355709327302693,-0.09971209213051824,-0.5512690355329949,-0.2855227882037534,-0.2746335166996283,0.169002286700569,0.14819905182436907,Computer Hardware,Technology,NTAP
2014Q4,2014,Q4,2014-06-17,2014-04-25,197000000.0,1649000000.0,223800000.0,0.59,1042000000.0,0.6318981200727714,9219200000.0,3786500000.0,6471300000.0,2694600000.0,5432700000.0,122400000.0,1100000.0,11557000000.0,10261500000.0,11.467292549969715,2.4015809396570917,0.1079811697327317,0.2629076984022184,0.04068710887363359,11.467292549969715,0.05202693780536115,7.008489993935719,14.666243654822335,3.0521589858708573,0.24974619289340103,4.959150326797386,0.004257160162671973,0.17886584519264145,2.174422919913902,0.02136844845539743,36.864433811802236,0.6318981200727714,0.07272727272727258,1.6467711301642183,0.8910881288067395,1.2978099315033764,0.03960889953107852,0.025507548152004164,-0.012792236435818262,0.13085194442590423,0.21796226207928765,0.13160430744835447,Computer Hardware,Technology,NTAP
2014Q3,2014,Q3,2014-02-26,2014-01-24,192100000.0,1610000000.0,226700000.0,0.55,1002300000.0,0.6225465838509316,9000600000.0,3915900000.0,6229400000.0,2423800000.0,5084700000.0,118200000.0,0.0,14920024000.0,13762524000.0,11.537713612256924,2.570096542619028,0.11057040641734996,0.2541433642329988,0.038621418791265495,11.537713612256924,0.04905641104216144,9.267095652173913,19.41700156168662,3.810113639265558,0.26236335242061426,5.141285956006768,0.003378010651993589,0.17887696375797169,2.332535687763017,0.021343021576339355,54.47252281854691,0.6225465838509316,0.14583333333333348,3.470133810301911,1.0912492195465024,1.4854164965967807,0.03843762950683796,0.15167865707434053,0.21294810058855002,0.19696446414388566,0.3646314158260049,0.1979728826069694,Computer Hardware,Technology,NTAP
2014Q2,2014,Q2,2013-11-26,2013-10-25,166800000.0,1549900000.0,186900000.0,0.48,965200000.0,0.6227498548293439,9197400000.0,4120400000.0,6420000000.0,2408700000.0,5077000000.0,115900000.0,115500000.0,13420173000.0,12154673000.0,12.093924273554446,2.665338149209117,0.10818274729814947,0.2414814095718862,0.03170825668238857,12.093924273554446,0.04048150664983982,8.658734757081103,20.11416816546763,3.257007329385497,0.30755395683453235,5.044866264020707,0.0038226034791056717,0.1685150151129667,2.434134595424918,0.018135560049579228,41.89876053699657,0.6227498548293439,1.0869565217391304,2.2582840536811823,0.6333666180519023,1.5712788410620147,0.06112576956904134,1.0441176470588236,0.9287925696594427,0.0680940284119501,0.3529937122409071,0.354033861268754,Computer Hardware,Technology,NTAP
2014Q1,2014,Q1,2013-08-29,2013-07-26,81600000.0,1516200000.0,96900000.0,0.23,909600000.0,0.5999208547685002,9017900000.0,4018000000.0,6201600000.0,2330100000.0,4999900000.0,116500000.0,2313300000.0,14509715000.0,13707715000.0,11.450555713878598,2.6615166731041584,0.11031393118131716,0.2475858636137382,0.01708959840705951,11.450555713878598,0.0203086112493778,9.56978960559293,44.453783700980395,3.6111784469885513,0.6299019607843137,5.206866952789699,0.003542454141931802,0.16813227026247796,2.4107549032230375,0.009048669867707559,65.80369614512472,0.5999208547685002,-0.5106382978723404,1.060848174832535,0.6604400266249332,1.662140156182039,-0.11877543111800039,-0.5304948216340621,-0.5259295499021527,-0.4220816831673219,0.3382680029120308,0.41590085040556446,Computer Hardware,Technology,NTAP
2013Q4,2013,Q4,2013-06-17,2013-04-26,173800000.0,1716500000.0,204400000.0,0.47,1032200000.0,0.6013399359161083,11242400000.0,4717500000.0,8418200000.0,3830600000.0,6524900000.0,139500000.0,2896800000.0,12504382000.0,11479682000.0,13.1553262688232,2.19761917193129,0.20034867999715364,0.477456279809221,0.026981877020898704,13.1553262688232,0.036841547429782726,7.284813282842994,17.986740506329113,2.6506374138844726,0.0,4.905376344086021,0.0,0.15268092222301288,2.0240954419673156,0.015459332526862591,31.898933673469386,0.6013399359161083,0.09302325581395345,0.8804821640554453,0.7789266102040117,1.6963042103279906,0.06974816043113276,0.09930423782416192,0.08781266631186802,0.24955539336947993,0.5290227239335543,0.9458757646396063,Computer Hardware,Technology,NTAP
2013Q3,2013,Q3,2013-02-28,2013-01-25,158100000.0,1630100000.0,187900000.0,0.43,964900000.0,0.5919268756518005,10865900000.0,4625000000.0,8048600000.0,3621000000.0,6240900000.0,172900000.0,2849600000.0,12995925000.0,12151825000.0,12.86509040333797,2.2227561447114055,0.20592863913711704,0.4838054054054054,0.02462357424508706,12.86509040333797,0.03418378378378378,7.972471014048218,20.5501660341556,2.8099297297297294,0.0,3.8473105841526896,0.0,0.1500197866720658,2.031952499309583,0.014550106295842958,51.0846108490566,0.5919268756518005,0.43333333333333335,0.4869370185414197,0.7659040427330881,1.6672935729727623,0.05580479264689791,0.4425182481751825,0.3887657058388766,0.3918907966044793,0.5303761633162807,0.887701485283635,Computer Hardware,Technology,NTAP
2013Q2,2013,Q2,2012-11-30,2012-10-26,109600000.0,1541200000.0,135300000.0,0.3,913900000.0,0.5929794964962367,9553900000.0,4402200000.0,6887700000.0,3573700000.0,5151700000.0,213200000.0,2735000000.0,10092560000.0,9505160000.0,12.160773480662984,1.9273302179813638,0.12868043416824543,0.2792694561810004,0.020619857195800204,12.160773480662984,0.02489664258779701,6.548507656371658,23.021350364963503,2.2926173276997863,0.0,2.9423076923076925,0.0,0.16131632108353658,1.730979097294121,0.011471754990108751,37.477014481990345,0.5929794964962367,0.764705882352941,0.28563241720193877,0.9114274461687608,1.7239346506818087,0.07504999411833901,0.7178683385579937,0.6870324189526185,0.06535655734415347,0.5750585446475157,0.9463478980279312,Computer Hardware,Technology,NTAP
2013Q1,2013,Q1,2012-08-30,2012-07-27,63800000.0,1444600000.0,80200000.0,0.17,850100000.0,0.5884673958189118,9406000000.0,4375700000.0,6740800000.0,3459900000.0,5030300000.0,203700000.0,2765700000.0,12048350999.999998,11734750999.999998,11.952198852772467,1.9482644007052228,0.12925792047629173,0.2778526864273145,0.012332831914440793,11.952198852772467,0.014580524258975706,8.340267894226773,47.21140673981191,2.7534682450807866,0.0,2.9185076092292586,0.0,0.15358281947692962,1.7416688343593745,0.006782904529024027,72.01644351464434,0.5884673958189118,-0.6382978723404255,0.849715336182476,1.0865406709294398,1.2603826598992263,-0.1456281407035176,-0.646928610957388,-0.6377597109304426,0.12843638287579037,0.575317992308668,1.0514006728170644,Computer Hardware,Technology,NTAP
2012Q4,2012,Q4,2012-06-19,2012-04-27,180700000.0,1702500000.0,221400000.0,0.47,995000000.0,0.5844346549192364,9532300000.0,4356200000.0,6826500000.0,3519800000.0,5176100000.0,161500000.0,2805300000.0,14183502000.0,13836002000.0,11.987341772151899,1.9394567873174613,0.12612905594662358,0.27599742895183876,0.03355450702037011,11.987341772151899,0.041481107387172304,8.330985022026432,19.622996679579416,3.255934530095037,0.0,4.3808049535603715,0.0,0.17860327518017688,1.7698164668447072,0.018956600190929786,30.941321989528795,0.5844346549192364,0.4687499999999999,1.1372224256274162,1.2524301389542936,1.3215059321308884,0.09521188772702256,0.5108695652173914,0.4146964856230032,1.205974364664612,0.7740684777764364,1.402017115753157,Computer Hardware,Technology,NTAP
2012Q3,2012,Q3,2012-03-05,2012-01-27,119600000.0,1565500000.0,156500000.0,0.32,908500000.0,0.5803257745129352,8821600000.0,4041500000.0,6167700000.0,2157500000.0,4780100000.0,153800000.0,2624600000.0,13431984000.0,12199884000.0,11.217041354426867,2.8587253765932794,0.13476013421601524,0.29414821229741434,0.0243611129769879,11.217041354426867,0.029592972906099222,8.579996167358672,28.076889632107022,3.323514536681925,0.0,4.271781534460338,0.0,0.1774621383875941,2.573117033603708,0.01355763126870409,75.50300168634064,0.5803257745129352,-0.2727272727272727,0.8529495492220901,1.2121034890273468,1.108869820408892,-0.004928806133625411,-0.2777777777777778,-0.1865904365904366,2.4486780199202043,0.9154929754812619,1.4163383285648512,Computer Hardware,Technology,NTAP
2012Q2,2012,Q2,2011-12-05,2011-10-28,165600000.0,1507000000.0,192400000.0,0.44,913000000.0,0.6058394160583942,8504100000.0,3803000000.0,5830000000.0,2122300000.0,4701100000.0,163300000.0,2512000000.0,15034785000.000002,13941585000.000002,10.520055325034578,2.7470197427319416,0.13826272033489728,0.3091769655535104,0.03479837709277221,10.520055325034578,0.04354457007625559,9.976632382216325,22.69744112318841,3.953401262161452,0.0,3.6374770361298223,0.0,0.1772086405380934,2.4816472694717993,0.019472960101598054,54.29680390032503,0.6058394160583942,0.29411764705882343,0.9532233390998184,1.368010785941168,0.9868789141495318,0.017950719143717247,0.1870967741935484,0.09194097616345062,2.048716639069956,0.49677693247477034,1.2366599171794797,Computer Hardware,Technology,NTAP
2012Q1,2012,Q1,2011-09-01,2011-07-29,139500000.0,1458200000.0,176200000.0,0.34,896900000.0,0.6150733781374297,8445800000.0,3824900000.0,5837600000.0,3171200000.0,4620900000.0,138200000.0,2652400000.0,17596656000.0,16318456000.0,10.329192546583851,1.8408173562058527,0.14977858817400364,0.33072760072158747,0.028899771692050536,10.329192546583851,0.03647154173965332,12.067381703470032,31.535225806451614,4.600553217077571,0.0,4.0615050651230105,0.0,0.17265386345876058,1.6747918768920282,0.016517085415235975,123.65886156008433,0.6150733781374297,-0.15,1.576267044241241,1.369680925724248,1.0642020284070934,-0.08423524606902184,-0.28166838311019565,-0.332828474062855,2.3385639764972206,0.5132596487429135,1.401434388539636,Computer Hardware,Technology,NTAP
2011Q4,2011,Q4,2011-06-23,2011-04-29,194200000.0,1509300000.0,264100000.0,0.4,979400000.0,0.6489100907705558,8498800000.0,3730200000.0,6365200000.0,3372800000.0,4768600000.0,108500000.0,2674000000.0,19181691000.0,17574791000.0,10.133659331703342,1.8872153700189753,0.13536028615804585,0.3084016942791271,0.040526760925169956,10.133659331703342,0.05206155165942845,12.708998211091235,24.693217044284243,5.142268779153932,0.0,4.883870967741935,0.0,0.17758977738033604,1.7544176944971537,0.0228502847460818,52.138328350095136,0.6489100907705558,-0.04761904761904753,2.3119187710039624,1.549229292247347,0.9586495029661175,0.18888079630978394,0.12579710144927536,0.3298086606243706,1.0469778338408835,0.5238220852504193,1.0769859875581365,Computer Hardware,Technology,NTAP
2011Q3,2011,Q3,2011-03-04,2011-01-28,172500000.0,1268100000.0,198600000.0,0.42,823800000.0,0.6496333096758931,7763400000.0,3513400000.0,5598700000.0,1942400000.0,4250000000.0,97200000.0,2479800000.0,19710144000.0,18928444000.0,9.631030701754385,2.8823620263591434,0.14654661617332612,0.3238173848693573,0.03870560660346109,9.631030701754385,0.04909774008083338,15.54305180979418,28.56542608695652,5.609991461262595,0.0,4.570987654320987,0.0,0.16334338047762578,2.727090197693575,0.022219646031378004,66.31946164199192,0.6496333096758931,0.0,1.3011912258425442,1.406419410366294,0.9299355244850415,0.028336037947821746,0.0479951397326853,0.0060790273556231,0.5987990011175224,0.3537872543910157,0.9967824155536151,Computer Hardware,Technology,NTAP
2011Q2,2011,Q2,2010-12-06,2010-10-29,164600000.0,1207400000.0,197400000.0,0.42,801100000.0,0.6634918005631937,7237800000.0,3207400000.0,5131100000.0,1834500000.0,4030400000.0,84700000.0,2307300000.0,19122075000.0,18476375000.0,8.9317738791423,2.7970019078768056,0.15548923706098539,0.3508760990210139,0.040123520820540055,8.9317738791423,0.05131882521668641,15.837398542322346,29.043248784933173,5.961861632474902,0.0,4.796930342384888,0.0,0.16681864655005665,2.631834287271736,0.022741717096355245,59.49618855009334,0.6634918005631937,0.1052631578947368,1.4046989116345385,1.582314548923608,0.7973978121815976,0.10588072887907234,0.1607898448519041,0.20219244823386115,0.9463872756064168,0.5095348864318902,1.0006596126584524,Computer Hardware,Technology,NTAP
2011Q1,2011,Q1,2010-08-27,2010-07-30,141800000.0,1137800000.0,164200000.0,0.38,724400000.0,0.6366672525927228,6645800000.0,2849900000.0,4594200000.0,1665400000.0,3795900000.0,90400000.0,2142700000.0,14906519999.999998,14407919999.999998,8.087116912599319,2.7586165485769185,0.16753438261759307,0.39068037474999123,0.037276593967929865,8.087116912599319,0.04975613179409804,13.101177711372824,26.28088857545839,5.230541422506053,0.0,4.573008849557522,0.0,0.17120587438683077,2.5779992794523836,0.021336784134340484,108.72735229759299,0.6366672525927228,-0.020285302970815298,1.4592655589313241,1.6457304071546457,0.7574292295095713,-0.03217962660624247,-0.02327471604019865,-0.050394994043281634,3.2709479490806506,0.7072967061879386,0.5294239213211374,Computer Hardware,Technology,NTAP
2010Q4,2010,Q4,2010-06-18,2010-04-30,145179000.0,1171762000.0,172914000.0,0.3878680203045685,748486000.0,0.6387696477612348,6494400000.0,2530500000.0,4537100000.0,1911000000.0,3963900000.0,112900000.0,2000900000.0,12976981000.0,12373481000.0,6.760619823670853,2.3742019884877026,0.16960766198571076,0.43528946848448924,0.042160765310679665,6.760619823670853,0.05737166567871962,11.07475835536568,22.346518780264365,5.128228018178226,0.0,3.7491231178033657,0.0,0.18042652131066766,2.195447409733124,0.02235449002217295,29.751435187307994,0.6387696477612348,0.2928934010152284,1.2168262980907572,1.5120595104517167,0.47588192533831514,0.1667019983165508,0.3457452725250278,0.33734995668852863,0.6670954510808828,0.5051116417246039,0.3092826853401812,Computer Hardware,Technology,NTAP
2010Q3,2010,Q3,2010-03-01,2010-01-29,107880000.0,1011650000.0,129296000.0,0.3,641540000.0,0.6341521277121535,5968634000.0,2326980000.0,4017401000.0,1681529000.0,3641654000.0,72048000.0,1855711000.0,9946118070.0,9200043070.0,6.815214430688937,2.3891357211204802,0.20603558536174274,0.5284751050718098,0.032001606696294066,6.815214430688937,0.0463605187840033,9.831580161122918,23.049031493325916,4.2742602299976795,0.0,5.13699200532978,0.0,0.1694943935245485,2.1949112979912924,0.018074487395273356,68.5084003416425,0.6341521277121535,0.111111111111111,0.9052052000258204,1.6029142380691372,0.5172852754532451,0.057458532573131514,0.1275437147903885,0.12066843482933763,0.7636990837069045,0.5084599741417142,0.28130044085314193,Computer Hardware,Technology,NTAP
2010Q2,2010,Q2,2009-12-02,2009-10-30,95677000.0,910027000.0,115374000.0,0.27,606681000.0,0.6666626374821846,5564507000.0,2103494000.0,3590589000.0,1538759000.0,3461013000.0,61141000.0,1747831000.0,9106842350.0,8456017350.0,6.24799579406357,2.3334316809844817,0.19373072942490682,0.5124882695172889,0.032740934855504,6.24799579406357,0.04548479815012546,10.00722214835384,23.795798232595086,4.329388317722799,0.0,4.961417052387105,0.0,0.16354135236059547,2.1274098153122094,0.01719415574461493,37.24390476813663,0.6666626374821846,0.8000000000000002,0.8377174363815791,1.5777644890193057,0.49189246607756454,0.16112751749784207,0.8519084855992567,0.6292080885675554,0.21173282977991054,0.5354385997971629,0.1800328720114468,Computer Hardware,Technology,NTAP
2010Q1,2010,Q1,2009-09-04,2009-07-31,51664000.0,837961000.0,70816000.0,0.15,522493000.0,0.6235290186536128,5314892000.0,1949133000.0,3333707000.0,1459722000.0,3365759000.0,61655000.0,1652155000.0,7513701020.0,6796083020.0,5.8263600139894836,2.283795818655881,0.2007133917302553,0.5473048786306527,0.02049458064544231,5.8263600139894836,0.026506144013774328,8.966647636345844,36.3584944061629,3.854893955415049,0.0,5.116665315059606,0.0,0.15766284620647042,2.0513892371287135,0.009720611444221256,555.7471168639054,0.6235290186536128,-0.2684354272337105,0.175651250499314,1.4931112666149162,0.4407704974703671,-0.021356259189541014,-0.3119173192690853,1.0872435746286253,0.056122395587244335,0.507322351938246,0.16434891738799692,Computer Hardware,Technology,NTAP
2009Q4,2009,Q4,2009-06-17,2009-04-24,75084000.0,879643000.0,33928000.0,0.20504,533895000.0,0.6069450902241023,5472819000.0,1662346000.0,3438784000.0,1679325000.0,3810473000.0,61104000.0,1622448000.0,6205653000.0,5976500000.0,4.9905313719603726,2.0477179819272626,0.23114230527265747,0.7609727457460721,0.02438561607799737,4.9905313719603726,0.0451674922067969,7.054740388998718,20.662368147674606,3.7330694091362444,0.0,5.658352971982194,0.0,0.16072941568138832,1.8166483557381685,0.013719437825369338,102.00123276187972,0.6069450902241023,1.891478260869565,1.3067258496898884,1.923190679172884,0.3147373176649039,0.35776519775390625,1.9959146859083192,1.372495416268678,0.41504104351406707,0.6418404980964604,-0.035422301927334005,Computer Hardware,Technology,NTAP
2009Q3,2009,Q3,2009-03-02,2009-01-23,-75392000.0,746343000.0,-91083000.0,-0.23,393216000.0,0.5268569545101917,5189740000.0,1527393000.0,3162012000.0,1562978000.0,3662347000.0,82159000.0,1547364000.0,5040678320.0,4763165320.0,4.642165056864807,2.0230687827979663,0.27567604542809465,0.9366855812485719,-0.02624193901727977,4.642165056864807,-0.04935992242991817,6.753836131644565,-16.71489786714771,3.3001842485856616,0.0,4.298092722647549,0.0,0.14381125065995598,1.7948467604790344,-0.014527124672912324,27.237192785276605,0.5268569545101917,-2.5333333333333337,-2.976271583433404,1.642354544357629,0.36465537381693774,-0.280029881572298,-2.532918547436054,-2.388375708798244,-2.1150991541614386,0.5702937250833546,-0.06976942227642037,Computer Hardware,Technology,NTAP
2009Q2,2009,Q2,2008-12-03,2008-10-24,49182000.0,911631000.0,65604000.0,0.15,546156000.0,0.5990976612247718,5078386000.0,1539534000.0,3046059000.0,1397180000.0,3538852000.0,78214000.0,1622756000.0,3993291800.0,4152611800.0,4.703466648743275,2.1801478692795486,0.2619629543717236,0.8641244688327767,0.02137850841677426,4.703466648743275,0.03194603042219269,4.380381755337412,20.298543166199014,2.593831510054341,0.0,4.672756795458613,0.0,0.17951195517630997,1.9044324997494955,0.00968457301197664,22.17436002798663,0.5990976612247718,0.3636363636363636,0.0668026727614578,2.4742300674011655,0.4897486526546624,0.057114321549681796,0.30553196007644934,0.6940994189799871,-0.21171865149578992,1.1390515204044864,-0.05349141407819732,Computer Hardware,Technology,NTAP
2009Q1,2009,Q1,2008-09-03,2008-07-25,37672000.0,868776000.0,38725000.0,0.11,516648000.0,0.5946849360479571,4982561000.0,1435997000.0,2864893000.0,1354308000.0,3546564000.0,63477000.0,1573575000.0,8212833000.0,8051897000.0,4.301259528837369,2.115392510418605,0.309370823558407,1.0734416576079198,0.010884233481196,4.301259528837369,0.026234038093394346,9.453337799386723,54.50223640900404,5.719254984515985,0.0,5.547332104541803,0.0,0.17436334447285243,1.8859528260927352,0.007560770455193625,47.313851666647466,0.5946849360479571,-0.5731139397702578,0.4241405913777368,2.413152193753465,0.4487743050845686,-0.09814408803362706,-0.5805833890002227,-0.6247832026897401,-0.31035452789837,1.1323843628507444,-0.06528379626754593,Computer Hardware,Technology,NTAP
2008Q4,2008,Q4,2008-06-24,2008-04-25,89820000.0,937731000.0,103207000.0,0.25768,572872000.0,0.6109129377188127,4070988000.0,1700339000.0,2067433000.0,1414102000.0,2370649000.0,70222000.0,1535903000.0,8168840000.0,7404961000.0,4.879021520803444,1.4620112269129102,0.04239757031953914,0.10150916964205373,0.04300744311865582,4.879021520803444,0.05282476023898764,8.711282873233369,22.736695613449122,4.804241977629167,0.0,5.1957933411181685,0.0,0.2303448204710994,1.235059422870486,0.02206344012804754,35.537090852141226,0.6109129377188127,-0.11144827586206883,2.512980701068009,2.768160009028574,0.6719307570172097,0.06224712684173246,-0.11788102884417077,-0.023437795692820104,0.47305159809052566,1.1591650005806478,0.06511826780707347,Computer Hardware,Technology,NTAP
2008Q3,2008,Q3,2008-03-05,2008-01-25,101823000.0,884003000.0,105684000.0,0.29,539302000.0,0.6100680653798686,3779426000.0,1660533000.0,1916684000.0,1224482000.0,2118893000.0,60102000.0,1446082000.0,7653233250.0,7155664250.0,4.823274998184591,1.5653018990887575,0.07376516963157898,0.16789187568088076,0.04727073754014657,4.823274998184591,0.06131946790578688,8.65747429590171,18.790531731534134,4.608901629777909,0.0,5.735266713254135,0.0,0.23389874547087308,1.298802269041113,0.026941392687672677,32.8007425265188,0.6100680653798686,0.2608695652173912,4.08714042535915,2.8026840105318604,0.7366344041195363,0.11424881974359768,0.21568089018362424,0.3184131736526946,0.7834229362049248,1.2557499211182523,0.07381568234346299,Computer Hardware,Technology,NTAP
2008Q2,2008,Q2,2007-12-04,2007-10-26,83758000.0,792198000.0,80160000.0,0.23,484005000.0,0.6109646830716563,3558014000.0,1587836000.0,1768663000.0,1129628000.0,1970178000.0,62690000.0,1344260000.0,11199890850.0,10871953850.0,4.464414547397129,1.5657039308515723,0.08368994613287076,0.18753196173912168,0.03269799538795883,4.464414547397129,0.052749780204000916,14.137741890285005,33.42931675183266,7.053556444116395,0.0,4.916142925506461,0.0,0.22265173773908703,1.249022687114696,0.023540660604483288,58.9157856391373,0.6109646830716563,1.5555555555555558,4.01292792959293,2.4844114854737858,0.6598416296019134,0.16013537968873218,1.4392928910504703,2.2654391396447777,0.5228492181737512,1.1241350241448422,0.06601006918685048,Computer Hardware,Technology,NTAP
2008Q1,2008,Q1,2007-09-05,2007-07-27,34337000.0,689235000.0,24548000.0,0.09,417197000.0,0.6053044317250285,3555424000.0,1927135000.0,2088850000.0,1072031000.0,1628289000.0,58019000.0,1260502000.0,10656759125.7,10101919125.7,5.287688259520327,1.9484977579939387,0.019449157118813395,0.035882281210190256,0.010215237880765516,5.287688259520327,0.01781764121351125,15.461720785653661,77.58947436948482,5.52984566504163,0.0,4.688774367017701,0.0,0.19385451636710557,1.6169485770467458,0.009657638582627557,63.693551162790705,0.6053044317250285,-0.6130862817591677,0.957037053613483,2.0702263858996064,0.0,-0.14159468657281477,-0.6168643509891655,-0.6746411483253588,-0.282782805177558,0.8822748532270251,0.3075651394430074,Computer Hardware,Technology,NTAP
2007Q4,2007,Q4,2007-06-26,2007-04-27,89621000.0,801193000.0,75449000.0,0.23261,486014000.0,0.6066128885299796,3658478000.0,1989021000.0,2240803000.0,1187547000.0,1669457000.0,54880000.0,1226165000.0,14564412000.0,14160443000.0,5.163605919003115,1.8869173177987904,0.02326377253054412,0.04278989512931236,0.035429010333008784,5.163605919003115,0.045057845040348994,18.17840645137938,40.627788130014174,7.322402327577236,0.0,5.743057580174927,0.0,0.21899626019344656,1.6000250937436582,0.024496798942073725,92.57237653340113,0.6066128885299796,0.36829411764705877,8.949466041489572,2.3745693432164714,0.0,0.09435746629768818,0.34740054725320985,0.0415953393340328,1.3809305150965998,1.3023757091343642,0.3603331768580821,Computer Hardware,Technology,NTAP
2007Q3,2007,Q3,2007-03-07,2007-01-26,66514000.0,729278000.0,72436000.0,0.17,444109000.0,0.6089707902884771,3493289000.0,1974869000.0,2033424000.0,1073031000.0,1518420000.0,61474000.0,1136544000.0,13637371509.999998,13298286509.999998,5.318982350580548,1.8950281958303161,0.04326323988653673,0.07652710129127552,0.025577078567854187,5.318982350580548,0.03368020866194163,18.699825731751126,51.25752288991791,6.9054562657067375,0.0,4.6388554510850115,0.0,0.20876543566821984,1.6161024238815094,0.019040508815617602,63.75314507570975,0.6089707902884771,-0.2272727272727272,7.5263670922791945,2.291685152422038,0.0,0.10665649988662047,-0.2348644327110007,-0.25173286503796294,0.5450939857023167,1.288053698009179,0.5636190783917189,Computer Hardware,Technology,NTAP
2007Q2,2007,Q2,2006-12-06,2006-10-27,86931000.0,652523000.0,96805000.0,0.22,401307000.0,0.6150082066072767,3320208000.0,1962552000.0,2050537000.0,934273000.0,1357656000.0,56778000.0,1070030000.0,,,,,,,,,,,,,,,,,,,,,,,,,,,,,,,Computer Hardware,Technology,NTAP
2007Q1,2007,Q1,2006-09-06,2006-07-28,54670000.0,621288000.0,56552000.0,0.14,373070000.0,0.600478361082139,3180669000.0,1870827000.0,1930319000.0,886508000.0,1309842000.0,56242000.0,983100000.0,,,,,,,,,,,,,,,,,,,,,,,,,,,,,,,Computer Hardware,Technology,NTAP
