Quarters,Year,Quarter,FillingDate,Date,NetIncome,Revenue,OperatingIncome,EPSDiluted,GrossProfit,GrossProfitRatio,TotalAssets,CommonStockEquity,CurrentAssets,CurrentLiability,TotalLiability,Inventory,RetainedEarnings,MarketCap,EnterpriseValue,bookValuePerShare,currentRatio,debtToAssets,debtToEquity,roic,shareholdersEquityPerShare,roe,priceToSalesRatio,peRatio,pbRatio,payoutRatio,inventoryTurnover,dividendYield,assetTurnover,quickRatio,returnOnAssets,priceToFreeCashFlowsRatio,grossProfitMargin,epsdilutedGrowth,fiveYNetIncomeGrowthPerShare,fiveYRevenueGrowthPerShare,fiveYShareholdersEquityGrowthPerShare,grossProfitGrowth,netIncomeGrowth,operatingIncomeGrowth,threeYNetIncomeGrowthPerShare,threeYRevenueGrowthPerShare,threeYShareholdersEquityGrowthPerShare,Industry,Sector,Symbol
2023Q4,2023,Q4,2023-06-29,2023-03-31,-4767000.0,25548000.0,-860000.0,-0.0549,7253000.0,0.2838969782,65888000.0,3814000.0,27772000.0,44479000.0,62074000.0,2596000.0,-224269000.0,99007296.83999999,102648296.83999999,0.043915551063135154,0.6243845410193575,0.1828861097620204,3.159412690089145,-0.0542350055248765,0.043915551063135154,-1.2498689040377557,3.8753443259746354,-5.192327293895532,25.958913696906134,0.0,7.047380585516179,0.0,0.3877489072365226,0.4961217653274579,-0.07235004856726567,-20.769309175582126,0.283896978237044,-0.47184986595174255,0.7930741119136603,0.5109219482234032,-0.9582047075713263,-0.08732855165471247,-0.4938890629896584,-1.7129337539432177,0.6226445970226481,0.7470365107363779,1.3613676055478205,Entertainment,Communication Services,LVO
2023Q3,2023,Q3,2023-02-14,2022-12-31,-3191000.0,27309000.0,-317000.0,-0.0373,7947000.0,0.2910029661,66570000.0,-12955000.0,27728000.0,47423000.0,79525000.0,2597000.0,-219105000.0,55074022.7895,77942022.7895,-0.15136977612591218,0.5846951900976319,0.46749286465374795,-2.402238517946739,-0.017280342290335895,-0.15136977612591218,0.24631416441528367,2.0166986264418325,-4.3147933868301465,-4.251178910806638,0.0,7.455525606469003,0.0,0.41022983325822443,0.46681989751808195,-0.04793450503229683,39.28246989265335,0.29100296605514664,0.07213930348258706,0.7972011592667553,0.0,-1.1356326668943537,-0.18825331971399387,0.06394837195658551,0.6057213930348259,0.7774331743210069,0.9057382623325569,-3.6418368813589908,Entertainment,Communication Services,LVO
2023Q2,2023,Q2,2022-11-17,2022-09-30,-3409000.0,23532000.0,-804000.0,-0.0402,9790000.0,0.4160292368,66090000.0,-10149000.0,25419000.0,44794000.0,76239000.0,2869000.0,-215914000.0,60110195.4216,82407195.4216,-0.11980880031230326,0.567464392552574,0.44557421697684974,-2.901566656813479,-0.04133229139365263,-0.11980880031230326,0.3358951620849345,2.554402321162672,-4.408198549545321,-5.922770265208395,0.0,4.789822237713489,0.0,0.3560599182932365,0.44892173058891816,-0.05158117718262975,-8.275081968832598,0.41602923678395376,-3.0100000000000002,0.7107142421724583,26.15655109499968,-0.1133033261712184,0.24872448979591838,-3.52893175074184,-1.3432963279248507,0.8010574453640668,0.6201940088704729,-2.57522217856651,Entertainment,Communication Services,LVO
2023Q1,2023,Q1,2022-08-15,2022-06-30,1348000.0,23222000.0,2342000.0,0.02,7840000.0,0.3376108862,72376000.0,-9777000.0,28466000.0,54192000.0,82153000.0,2718000.0,-212505000.0,70278957.4786,86654957.4786,-0.11912591478821088,0.5252804842043106,0.3794351718801813,-2.808837066584842,0.12982432476889166,-0.11912591478821088,-0.1378746036616549,3.026395550710533,13.033931283123144,-7.1881924392553955,0.0,5.659308314937454,0.0,0.3208522162042666,0.43917921464422793,0.01862495854979551,-86.65716088606658,0.3376108862285763,1.1818181818181819,1.1691334504350177,35.389892415062754,-4.307131900102841,0.5351478363031134,1.1525922571881368,1.2835007868296817,1.0736353478030134,0.5586003226021992,-4.4702965554577405,Entertainment,Communication Services,LVO
2022Q4,2022,Q4,2022-06-29,2022-03-31,-8834000.0,23433000.0,-8261000.0,-0.11,5107000.0,0.2179405112,76823000.0,-10916000.0,31308000.0,60117000.0,87739000.0,2599000.0,-213853000.0,66769522.31999999,80997522.32,-0.13340601655512938,0.5207844702829483,0.35304531195084804,-2.484609747160132,-0.5078007514493832,-0.13340601655512938,0.8092707951630634,2.8493800332863906,-1.8895608535204889,-6.116665657750091,0.0,7.051173528280108,0.0,0.3050258386160395,0.4421544654590216,-0.11499160407690405,271.42082243902433,0.21794051124482566,0.26666666666666666,0.5743111706240912,0.0,-0.3116791061293156,-0.023331420921782368,0.25078449664998725,0.17124799357945425,0.4430365570593735,0.6266012894582557,-1.7349931244838026,Entertainment,Communication Services,LVO
2022Q3,2022,Q3,2022-02-14,2021-12-31,-11791000.0,32895000.0,-9968000.0,-0.15,5229000.0,0.1589603283,82643000.0,-2845000.0,35536000.0,57871000.0,85488000.0,2897000.0,-205019000.0,100080704.0,115404704.0,-0.03638663453046853,0.614055399077258,0.3354186077465726,-9.743409490333919,-0.38672916174039446,-0.03638663453046853,4.144463971880492,3.0424290621675025,-2.121972351793741,-35.177751845342705,0.0,9.54987918536417,0.0,0.3980373413356243,0.5229562302362151,-0.14267391067604032,-23.97142610778443,0.15896032831737347,0.21052631578947373,0.3306580341007658,0.0,0.680504657968291,-0.10965435041716329,0.22610921501706485,-0.031136857349746562,-0.0625463906378851,1.4398546499041447,-1.1283190797688865,Entertainment,Communication Services,LVO
2022Q2,2022,Q2,2021-10-29,2021-09-30,-15236000.0,21924000.0,-9667000.0,-0.19,5873000.0,0.2678799489,89581000.0,2620000.0,41555000.0,59183000.0,86961000.0,2920000.0,-193228000.0,234271448.45000002,247421448.45000002,0.033438987344938664,0.7021441968132741,0.33073977740815574,11.308396946564885,-0.29185773453687414,0.033438987344938664,-5.815267175572519,10.685616148969167,-3.84404450725256,89.4165833778626,0.0,5.4969178082191785,0.0,0.24473939786338622,0.5325008870790598,-0.17008070907893416,-26.767761477376602,0.2678799489144317,-0.5833333333333334,-1.8287380683994439,38.52201934317788,0.5333094123900998,-0.24964865210169926,-0.8924357222705254,0.029320212872778393,0.09269545439924526,0.8243317128961422,-0.9290760935149358,Entertainment,Communication Services,LVO
2022Q1,2022,Q1,2021-08-16,2021-06-30,-8051000.0,38767000.0,-9959000.0,-0.12,7827000.0,0.2018985219,92385000.0,6512000.0,42845000.0,54981000.0,85873000.0,2389000.0,-177992000.0,325869059.59999996,329969059.59999996,0.0943220569566464,0.779269202087994,0.31037506088650757,4.403255528255528,-0.27549087621663093,0.0943220569566464,-1.236332923832924,8.405836396935538,-10.118900124208173,50.041317506142505,0.0,12.951025533696107,0.0,0.419624397900092,0.6789072588712465,-0.08714618173945987,-1202.468854612546,0.20189852193876234,0.4000000000000001,-0.47935289620285415,0.0,0.4314402896688666,0.7096985583224116,0.47611920874544505,-0.12824289112948906,0.4744759150446627,2.812074717214228,-0.8469416816748706,Entertainment,Communication Services,LVO
2021Q4,2021,Q4,2021-07-14,2021-03-31,-15368000.0,21041000.0,-8827000.0,-0.2,4578000.0,0.2175752103,85769000.0,8136000.0,35271000.0,50962000.0,77633000.0,2568000.0,-169941000.0,328273038.65999997,334837038.65999997,0.10756363100708868,0.6921039205682665,0.2938007904954004,3.0972222222222223,-0.2509301724064131,0.10756363100708868,-1.8888888888888888,15.60158921439095,-5.340204298867778,40.3482102581121,0.0,6.410825545171339,0.0,0.24532173629166715,0.5730151877869786,-0.17917895743217246,-236.50795292507203,0.21757521030369278,-0.4285714285714285,-13.460014205891362,2.600054545277112,13.27301467383533,0.004167580609782847,-0.5575149488192966,-0.1622119815668203,0.2340438739749112,0.42878987870599106,-0.8976295798686879,Entertainment,Communication Services,LVO
2021Q3,2021,Q3,2021-02-16,2020-12-31,-9867000.0,19123000.0,-7595000.0,-0.14,4559000.0,0.2384040161,91245000.0,15426000.0,39401000.0,47551000.0,75819000.0,2750000.0,-154573000.0,237327985.04,244233985.04,0.21319559086751685,0.8286050766545393,0.26586662282864815,1.5726046933748217,-0.21017664411172354,0.21319559086751685,-0.6396343835083625,12.410604248287402,-6.013174851525285,15.384933556333461,0.0,5.296,0.0,0.2095786070469615,0.7058316334041345,-0.1081374321880651,-48.38491030377166,0.23840401610625947,0.06666666666666654,-6.350759962848732,2.701535638505677,2.415417910519097,0.07018779342723004,0.03160270880361174,-0.06581532416502947,0.2582681423438985,0.0,-0.8089692189580454,Entertainment,Communication Services,LVO
2021Q2,2021,Q2,2020-11-16,2020-09-30,-10189000.0,14559000.0,-7126000.0,-0.15,4260000.0,0.2926025139,81013000.0,13198000.0,33481000.0,45300000.0,67815000.0,0.0,-145842000.0,179145921.01500002,181448921.01500002,0.1911782853103997,0.7390949227373068,0.28448520607803685,1.7462494317320807,-0.19617414505090816,0.1911782853103997,-0.7720109107440521,12.304823203173296,-4.3955717198694675,13.573717306788907,0.0,0.0,0.0,0.17971189809042992,0.6469094922737307,-0.12576993815807339,-17.682945515250225,0.29260251390892233,-0.15384615384615377,-1.3627261467210539,4.303752271425052,2.2670479693853336,0.4968376669009136,-0.35276155071694104,-0.2239780144280316,-0.06095407454119452,19.616374316089317,2.7764923809684583,Entertainment,Communication Services,LVO
2021Q1,2021,Q1,2020-08-14,2020-06-30,-7532000.0,10507000.0,-5822000.0,-0.13,2846000.0,0.270867041,57627000.0,-11316000.0,22465000.0,65836000.0,68943000.0,0.0,-135653000.0,214181901.02,221275901.02,-0.19125761702981078,0.34122668448872956,0.3034168011522377,-1.545157299399081,-0.9279073212143989,-0.19125761702981078,0.6656062212796041,20.384686496621303,-7.109064691317048,-18.92735074407918,0.0,0.0,0.0,0.18232772832179361,0.21471535330214472,-0.13070262203481006,57.77769113029404,0.2708670410202722,0.13333333333333328,-4.4525765712357686,1.7324107411496619,-0.7751082819144949,0.295402822030041,0.11741270213264589,0.2620103942197997,-0.3109167001743676,21.839418965136495,-7.520643071502458,Entertainment,Communication Services,LVO
2020Q4,2020,Q4,2020-06-26,2020-03-31,-8534000.0,9879000.0,-7889000.0,-0.15,2197000.0,0.2223909303,54116000.0,-7130000.0,17722000.0,47794000.0,61246000.0,0.0,-128121000.0,92699522.72,103474522.72,-0.12152597628821966,0.3707996819684479,0.304475570995639,-2.3109396914446,-0.814377948677082,-0.12152597628821966,1.196914446002805,9.383492531632756,-2.7155941738926646,-13.001335584852736,0.0,0.0,0.0,0.18255229506984996,0.2006737247353224,-0.15769827777367137,-267.91769572254333,0.2223909302560988,0.11764705882352951,-7.225077108182104,1.6124759148419192,-0.13772405456921383,0.06598738476467735,0.12056883759274525,0.0029069767441860465,0.42647124525472113,0.0,-0.19487177614175924,Entertainment,Communication Services,LVO
2020Q3,2020,Q3,2020-02-07,2019-12-31,-9704000.0,9699000.0,-7912000.0,-0.17,2061000.0,0.2124961336,54998000.0,-1889000.0,19451000.0,41312000.0,56887000.0,0.0,-119587000.0,89497550.265,91448550.265,-0.032609886989737484,0.4708317195972115,0.28939234153969234,-8.425622022233986,-0.6150323692443826,-0.032609886989737484,5.137109581789306,9.227502862666254,-2.3056870946259274,-47.378269065643195,0.0,0.0,0.0,0.17635186734063057,0.4270429899302866,-0.176442779737445,-65.08912746545455,0.21249613362202288,0.15,-0.6099775837748216,0.916669891262035,0.6374068094833241,0.8238938053097346,0.14169467539359631,0.20338300443012486,0.25645728780131644,0.0,0.7136666489813066,Entertainment,Communication Services,LVO
2020Q2,2020,Q2,2019-11-08,2019-09-30,-11306000.0,9583000.0,-9932000.0,-0.2,1130000.0,0.1179171449,58723000.0,4251000.0,21925000.0,45378000.0,54472000.0,0.0,-110779000.0,112062054.49499999,112331054.49499999,0.07605835033463795,0.483163647582529,0.27794901486640666,3.839567160668078,-0.509936552513918,0.07605835033463795,-2.659609503646201,11.693838515600541,-2.4779332764682467,26.361339565984473,0.0,0.0,0.0,0.16318989152461558,0.43845035039005686,-0.1925310355397374,-41.153894416085194,0.11791714494417196,0.09090909090909087,-4.8446928073620334,1.7541719340959712,1.5939233330646303,1.3298969072164948,0.031191088260497,0.03215747417657377,-1.9426236644415653,23.21724815926477,2.487575244308822,Entertainment,Communication Services,LVO
2020Q1,2020,Q1,2019-08-08,2019-06-30,-11670000.0,9498000.0,-10262000.0,-0.22,485000.0,0.0510633818,53934000.0,1796000.0,16024000.0,37200000.0,52138000.0,0.0,-100160000.0,198292314.88,205327314.88,0.034327301106547047,0.430752688172043,0.3161271183298105,9.493318485523385,-0.5739333773498541,0.034327301106547047,-6.497772828507795,20.87727046536113,-4.247907345329906,110.40774770601337,0.0,0.0,0.0,0.17610412726665925,0.3819086021505376,-0.21637557014128378,-65.55117847272727,0.05106338176458202,-0.15789473684210525,-1.4611230779956896,1.3251505462925144,1.2765736403306756,-0.7744186046511627,-0.15475954878290124,-0.20347132637504398,-1.8296144952005948,0.0,-0.47904569275783127,Entertainment,Communication Services,LVO
2019Q4,2019,Q4,2019-06-24,2019-03-31,-10106000.0,9179000.0,-8527000.0,-0.19,2150000.0,0.2342303083,58899000.0,9463000.0,19564000.0,34200000.0,49436000.0,0.0,-89194000.0,285183258.13,288927258.13,0.1815064823209368,0.572046783625731,0.29623592930270465,1.8438127443728205,-0.32384504976790934,0.1815064823209368,-1.067948853429145,31.06909882666957,-7.054800567237284,30.13666470780936,0.0,0.0,0.0,0.15584305336253587,0.5268421052631579,-0.17158186047301313,-102.91709062793215,0.23423030831245234,-0.35714285714285704,-1.9924185993944423,0.0,3.4646485482769225,0.5434314429289304,-0.3697478991596639,-0.4834725121781489,-12.795563587558142,2.0126807789757395,23.084764165243122,Entertainment,Communication Services,LVO
2019Q3,2019,Q3,2019-02-13,2018-12-31,-7378000.0,8964000.0,-5748000.0,-0.14,1393000.0,0.1553993753,59845000.0,14741000.0,19367000.0,37014000.0,45104000.0,0.0,-79088000.0,257324710.5,257653710.5,0.283563711616417,0.5232344518290377,0.24434789873840757,0.9919951156637948,-0.22005831879016624,0.283563711616417,-0.500508785021369,28.70646034136546,-8.719324698427759,17.456394444067566,0.0,0.0,0.0,0.14978694961985128,0.48651861457826767,-0.12328515331272454,919.0168232142858,0.15539937527889336,0.33333333333333326,0.17970775520250984,0.0,2.495070040743948,9.341317365269461,0.3373450691575355,0.39596469104665827,-6.650407671725841,1.41505247873357,2.882595951266933,Entertainment,Communication Services,LVO
2019Q2,2019,Q2,2018-11-14,2018-09-30,-11134000.0,7968000.0,-9516000.0,-0.21,-167000.0,-0.0209588353,64771000.0,24493000.0,19226000.0,31827000.0,40278000.0,0.0,-72525000.0,196369174.26,196676174.26,0.4714769532890941,0.6040782983001853,0.221873986815087,0.58673906830523,-0.2640390080713573,0.4714769532890941,-0.4545788592659127,24.644725685240964,-4.409223420603556,8.017359011146041,0.0,0.0,0.0,0.1230180173225672,0.5485593992522072,-0.17189791727779408,-109.64219668341708,-0.020958835341365462,0.0454545454545455,-0.6318941624546837,0.0,6.964747422028794,0.8023668639053254,0.026237537169844324,0.05800831518511186,-2.4310029383252747,2.857350100328735,4.124747746884588,Entertainment,Communication Services,LVO
2019Q1,2019,Q1,2018-08-20,2018-06-30,-11434000.0,7590000.0,-10102000.0,-0.22,-845000.0,-0.1113306983,68444000.0,31754000.0,20992000.0,27084000.0,36690000.0,0.0,-62200000.0,297315757.96999997,295564757.96999997,0.6162491394703925,0.7750701521193325,0.2060662731576179,0.44416451470680857,-0.23391355814645082,0.6162491394703925,-0.3600806197644391,39.172036623188404,-6.500694375765261,9.363096238899036,0.0,0.0,0.0,0.11089357723102099,0.712560921577315,-0.16705627958623107,-73.94075055210146,-0.11133069828722003,0.18518518518518523,-1.6050199567892434,0.0,3.450303425667632,-1.1187675665312717,-0.17957046674945187,-0.3957671309966554,-8.504334955092665,1.2664237435843142,6.719557569443468,Entertainment,Communication Services,LVO
2018Q4,2018,Q4,2018-06-29,2018-03-31,-9693359.0,7114737.0,-7237597.0,-0.27,7114737.0,1.0,68027000.0,38397000.0,18719000.0,25682000.0,29630000.0,0.0,-51432000.0,138864080.2,137289080.2,1.0507296040117364,0.7288762557433222,0.12803739691593044,0.22684063859155662,-0.16401682743792217,1.0507296040117364,-0.2524509466885434,19.51780933012703,-3.5814231217475796,3.6165346303096593,0.0,0.0,0.0,0.10458695811957017,0.5168989954053422,-0.142492819027739,-23.032176793549453,1.0,-0.5000000000000001,-0.9396127330194034,0.0,5.639460441757004,0.0,-0.44279585112946357,-1.6730850626130622,-12.352211665961292,2.0207323495531164,10.836912089452758,Entertainment,Communication Services,LVO
2018Q3,2018,Q3,2018-02-14,2017-12-31,-6718455.0,0.0,-2707582.0,-0.18,0.0,0.0,69157009.0,40783190.0,18090307.0,28373819.0,28373819.0,0.0,-41931531.0,160789987.60000002,155632763.60000002,1.1160274260758758,0.6375703954409521,0.12430119700520882,0.2107804465516307,-0.10209700323240527,1.1160274260758758,-0.1647358875065928,0.0,-5.983145961385468,3.942555440121286,0.0,0.0,0.0,0.0,0.6024062886987472,-0.0971478538061124,-208.14237877022657,0.0,-0.28571428571428553,-0.4935335932955979,0.0,9.23966715235222,-1.0,-0.3275320148093378,0.235835155372657,-0.7669114820356905,-1.0,13.409240953589183,Entertainment,Communication Services,LVO
2018Q2,2018,Q2,2017-11-14,2017-09-30,-5060861.0,372142.0,-3543191.0,-0.14,300462.0,0.8073853529,4137444.0,-3915022.0,541679.0,8052466.0,8052466.0,0.0,-35213076.0,1091390700.0,1096951226.0,-0.10761559540501857,0.0672687099827556,1.3864632367229623,-1.46523161300243,-2.2884557429391044,-0.10761559540501857,1.2926775379550868,2932.726486126264,-53.913291631601815,-278.7700043575745,0.0,0.0,0.0,0.08994490318177116,0.033117184226546255,-1.2231853772522359,-1043.976422805445,0.8073853529029241,-0.4418125643666324,-0.746548559851628,0.0,0.2646353683977848,0.522297769716376,-0.46686988729921286,-0.6251596749121988,-3.019410173839418,-0.8356826368926084,0.1596529134346024,Entertainment,Communication Services,LVO
2018Q1,2018,Q1,2017-08-14,2017-06-30,-3450109.0,276243.0,-2180211.0,-0.0971,197374.0,0.7144941229,5243830.0,-797477.0,1719201.0,5692157.0,6041307.0,0.0,-30911050.0,1065842550.0,1069305616.0,-0.022446382910871778,0.3020297929238424,0.9492258520966546,-6.2416583801162915,-0.63920679082662,-0.022446382910871778,4.326280256358491,3858.3513428394567,-77.23252729116675,-1336.518231873772,0.0,0.0,0.0,0.05267962538831351,0.2671765729581949,-0.6579368514997626,-728.5575573721298,0.7144941229280017,0.6115999999999999,-0.45714322950671354,0.0,0.8477301802889536,0.0,0.5937454555388466,-0.31897304292115786,-0.07149504351809927,-0.9004124455710089,0.8191504244785489,Entertainment,Communication Services,LVO
2017Q4,2017,Q4,2017-06-14,2017-03-31,-8492481.0,0.0,-1652961.0,-0.25,0.0,0.0,1556205.0,-3405692.0,1498798.0,4729689.0,4961897.0,0.0,-28095890.0,1004566770.0,1007270323.0,-0.10170629076253439,0.316891448888077,2.686523947680415,-1.2275866402481492,-3.546610302480706,-0.10170629076253439,2.4936139263327393,0.0,-29.57224072682647,-294.9670052371148,0.0,0.0,0.0,0.0,0.31233110675987363,-5.457173701408234,-1851.1558958483056,0.0,-0.08695652173913039,-1.893357334187922,0.0,-0.15561885658772964,0.0,-0.12567968406405142,-0.22505349081781106,-2.915225514096185,0.0,-0.38105404651763314,Entertainment,Communication Services,LVO
2017Q3,2017,Q3,2017-02-13,2016-12-31,-7544314.0,0.0,-1349297.0,-0.23,0.0,0.0,2174907.0,-3813598.0,2111428.0,5627389.0,5988505.0,0.0,-22989293.0,1004566770.0,1006256670.0,-0.11388784042697331,0.37520562378040684,1.741862065826263,-0.9933894448234973,88.92248083266176,-0.11388784042697331,1.9782667182015514,0.0,-33.2888705984401,-263.4170591656488,0.0,0.0,0.0,0.0,0.3729061559455015,-3.4687984359791018,-1724.1104902017994,0.0,-2.3478893740902476,-1.687004636342755,0.0,-46.95886750803434,-1.0,-2.4533426773552267,-0.03184321270791959,-0.30217229515388855,0.0,0.3995342448552668,Entertainment,Communication Services,LVO
2017Q2,2017,Q2,2016-11-14,2016-09-30,-2184641.0,225000.0,-1307657.0,-0.0687,225000.0,1.0,5347087.0,693064.0,111021.0,4558742.0,4654023.0,0.0,-17396290.0,953391510.0,955805064.0,0.021808375449032476,0.02435342908197042,0.4528489998386037,3.4937942239100575,-0.5252984277117878,0.021808375449032476,-3.152149007883832,4237.2956,-109.1016224175963,1375.6182834485703,0.0,0.0,0.0,0.04207898618444024,0.0017261340957658933,-0.4085665709198298,-1226.2222911037,1.0,0.12817258883248728,-0.584094789622595,0.0,1.5593400520690697,0.0,0.10209925468156482,-0.11300755988240561,0.47657755658789647,0.0,1.275902035785174,Entertainment,Communication Services,LVO
2017Q1,2017,Q1,2016-08-19,2016-06-30,-2433054.0,0.0,-1174886.0,-0.0788,0.0,0.0,5434647.0,2033831.0,172995.0,3400816.0,3400816.0,0.0,-15650141.0,925968240.0,927629241.0,0.06589311313744411,0.050868673871212085,0.3197289538768571,0.8543551553693498,-0.4201558231758218,0.06589311313744411,-1.1962911372675507,0.0,-95.14464537161936,455.28278406612935,0.0,0.0,0.0,0.0,0.022527828615249986,-0.44769310683840186,-747.1757964836346,0.0,-4.588652482269503,-41.489184069424326,0.0,16.741396761879386,1.0,-4.655950122740459,-0.03831534443157103,0.07459489037676026,0.0,1.2620013733201185,Entertainment,Communication Services,LVO
2016Q4,2016,Q4,2016-07-19,2016-03-31,-430176.0,-5322665.0,-1131531.0,-0.0141,-5322665.0,1.0,5218308.0,230724.0,52893.0,4877311.0,4987584.0,0.0,-13846171.0,918468540.0,921587957.0,0.007536153606306428,0.010844705207439099,0.6048541021342551,13.680046289072658,-0.18459853102751322,0.007536153606306428,-1.8644614344411505,-172.55802121681526,-533.7748619169828,3980.8105788734592,0.0,0.0,0.0,-1.0199982446417497,0.007565234203847161,-0.08243591600955712,-639.594920947956,1.0,0.2419354838709677,-2.729611168848371,-32.26569605575365,0.09183971509348496,-3.792805201251516,0.24259988309118183,-1.4784600018399021,0.8972574830274244,0.0,1.0332756271508579,Entertainment,Communication Services,LVO
2016Q3,2016,Q3,2016-02-22,2015-12-31,-567964.0,2185959.0,-456546.0,-0.0186,1905849.0,0.8718594448,2672280.0,-4611440.0,1756777.0,6751703.0,7737619.0,54084.0,-8688473.0,918468540.0,920593118.0,-0.1506237764006593,0.2601976123653543,1.2869650635412457,-0.7457824453966657,0.4556649106125384,-0.1506237764006593,0.1231641309439134,420.16732244291865,-404.281142818911,-199.17174244921327,0.0,5.179165742178833,0.0,0.8180127082491355,0.19780135471006352,-0.21253910518358854,5906.208258042943,0.8718594447562832,0.7024,-374.7335491267394,0.0,-33.67252743308338,0.8625411921989891,0.6987043465713777,0.746160120407504,0.8492942971575941,0.0,-0.11206028971494068,Entertainment,Communication Services,LVO
2016Q2,2016,Q2,2015-11-23,2015-09-30,-1885072.0,1199936.0,-1798559.0,-0.0625,1023252.0,0.8527554803,2066260.0,-4553285.0,1115663.0,6233503.0,7261622.0,64397.0,-7930012.0,905316810.0,907767711.0,-0.15088480462436127,0.1789784973232547,1.3899262435511504,-0.6307422004113513,1.0920226304122072,-0.15088480462436127,0.41400263765610984,754.4709134487173,-120.06395644304303,-198.82717861939238,0.0,2.743668183300464,0.0,0.5807284659239399,0.08934029549676964,-0.9123111321905278,-686.0757996238134,0.8527554802922822,-1.6824034334763946,-155.70528599562311,0.0,-907.2597666790468,-0.3833546765819867,-1.7094060949966294,-2.036239541903289,0.21573314218822662,0.0,-0.031034101975440338,Entertainment,Communication Services,LVO
2016Q1,2016,Q1,2015-08-18,2015-06-30,-695751.0,1936770.0,-592364.0,-0.0233,1659385.0,0.8567795866,2887456.0,-3210801.0,1879780.0,5656144.0,6746210.0,56959.0,-6043618.0,894006660.0,895373721.0,-0.10774419734188558,0.33234302379854547,0.9363837925149335,-0.8420848878519721,1.2771657521830169,-0.10774419734188558,0.21669078837336853,461.59670998621414,-321.2380075630506,-278.43726845731015,0.0,4.869906423918959,0.0,0.6707530781421431,0.24456891479424853,-0.2409563989892833,-1952.4527996959962,0.8567795866313501,-1.995726495726496,-18.62770215846483,0.0,0.0,0.14517901088875362,-2.130005229768753,0.13683284081437572,0.649671422464144,0.0,0.269094287070454,Entertainment,Communication Services,LVO
2015Q4,2015,Q4,2015-07-14,2015-03-31,615706.0,1698346.0,-686268.0,0.0234,1449018.0,0.8531936366,2553134.0,-2814609.0,1593375.0,4798119.0,6089731.0,161977.0,-5272900.0,790509600.0,791586271.0,-0.10681498365105244,0.3320832601275625,0.7612690912423712,-0.6905477812371097,0.7410648942692586,-0.10681498365105244,-0.21875365281643028,465.4585108099292,320.976894816682,-280.8594728432972,0.0,1.5392802681862239,0.0,0.6652004947644737,0.19483197478011696,0.24115694671725024,761.0698943468742,0.853193636632347,1.234,7.202230499466501,10.591036618837018,-16.475380069175603,-0.2691914301277008,1.2245635150759175,-33.51838514025777,1.2665707749593669,0.0,-0.21366543158544693,Entertainment,Communication Services,LVO
2015Q3,2015,Q3,2015-02-17,2014-12-31,-2741790.0,2301881.0,21104.0,-0.1,1982760.0,0.8613651184,2891227.0,-2369821.0,1857371.0,3543440.0,5605798.0,57199.0,-5142271.0,790509600.0,791304258.0,-0.08993518864287037,0.5241717088478992,0.6290139100112166,-0.767409015280057,-0.04015608850416523,-0.08993518864287037,1.1569607999929108,343.4189690952747,-72.07969975818718,-333.57354838192424,0.0,5.5791359988811,0.0,0.7961605920254619,0.4154592712166708,-0.9483136398491021,3339.1890578996945,0.8613651183532076,-1.8901734104046248,-2106.4170556476247,0.0,-20.50827411415804,0.48375973203782363,-2.1027763034752174,1.0271225475454249,-0.24095064125822324,0.0,-36.872259059993155,Entertainment,Communication Services,LVO
2015Q2,2015,Q2,2014-11-14,2014-09-30,-883657.0,1589450.0,-778098.0,-0.0346,1336308.0,0.8407361037,2497240.0,-3269619.0,1388145.0,3750280.0,6319265.0,56018.0,-2180618.0,765952590.0,767312613.0,-0.12806088951275693,0.37014436255426264,0.8096914994153546,-0.6184188432964208,0.660582897679996,-0.12806088951275693,0.2702629878282454,481.89788291547393,-216.6996328892319,-234.26356098371093,0.0,4.518940340604805,0.0,0.6364826768752703,0.3062773979542861,-0.35385345421345166,-5592.527672313084,0.8407361036836641,0.6181015452538632,-85.82366638706023,0.0,-769.8698958727912,-0.14750396166183102,0.5878897970129068,-0.08501212466864584,0.20245683249759658,0.0,-2.284498874089894,Entertainment,Communication Services,LVO
2015Q1,2015,Q1,2014-08-19,2014-06-30,-2144225.0,1847200.0,-717133.0,-0.0906,1567524.0,0.8485946297,2839162.0,-2936489.0,1657569.0,4059171.0,6250588.0,57678.0,-1366897.0,709775100.0,712164312.0,-0.12411631515391283,0.40835160676896837,0.9924752444559345,-0.9595806420524647,6.174124457022704,-0.12411631515391283,0.7302002493453917,384.24377436119534,-82.75427019086149,-241.70875491105195,0.0,4.848919865459967,0.0,0.6506145123103225,0.24175157932494099,-0.7552316493387837,-511.1812027367663,0.8485946297098311,-0.39814814814814825,-75.19140281080632,0.0,0.0,0.0,-0.39910594505431407,0.5275610729819005,-47.85087308595781,0.0,-34.417707662027794,Entertainment,Communication Services,LVO
2014Q4,2014,Q4,2014-07-29,2014-04-27,-1532568.0,0.0,-1517938.0,-0.0648,0.0,0.0,349191.0,-1742355.0,341110.0,1230428.0,2091546.0,0.0,-5673235.0,709775100.0,710189492.0,-0.07364396130548959,0.277228736667241,1.4318811195019345,-0.28696792559495626,1.227682842507818,-0.07364396130548959,0.8795957195864218,0.0,-115.78199140266533,-407.36537617190527,0.0,0.0,0.0,0.0,0.06957578988774638,-4.388910367105681,-1567.6145273359336,0.0,0.6188235294117648,-16.194147920055972,-1.0,-11.66955451423583,0.0,-0.7618296004129338,-0.7758874242613913,-16.194147920055972,-1.0,-11.66955451423583,Entertainment,Communication Services,LVO
2014Q3,2014,Q3,2014-03-12,2014-01-31,-869873.0,0.0,-854749.0,-0.17,0.0,0.0,660578.0,-953567.0,655036.0,836361.0,1614145.0,0.0,-4147982.0,150828480.0,150978322.0,-0.18966583764551628,0.7831976861666194,0.7569128853821956,-0.5243470044579982,1.9010304659718598,-0.18966583764551628,0.9122306036177846,0.0,-43.34784503025154,-158.1729233499062,0.0,0.0,0.0,0.0,0.4186684936289473,-1.3168361646921332,-348.0684005261579,0.0,-0.21428571428571425,-3503.2569827947495,0.0,-42.14132862469344,0.0,-0.3709150223791212,-0.48147525469791563,-3503.2569827947495,0.0,-42.14132862469344,Entertainment,Communication Services,LVO
2014Q2,2014,Q2,2013-12-16,2013-10-31,-634520.0,0.0,-576958.0,-0.14,0.0,0.0,936268.0,-381888.0,930306.0,623706.0,1318156.0,0.0,-3285671.0,144940200.0,144644260.0,-0.07904390914321907,1.4915777625996864,0.5340351266944935,-1.3092843975196917,-5.2697620086550145,-0.07904390914321907,1.6615342718283894,0.0,-57.10623778604299,-379.5358848667672,0.0,0.0,0.0,0.0,1.2761461329536672,-0.67771193718038,-332.7132366613028,0.0,-0.643192488262911,-328.4676266831831,0.0,-474.80936101917183,0.0,-0.654118873826903,-0.5538277576390871,-328.4676266831831,0.0,-474.80936101917183,Entertainment,Communication Services,LVO
2014Q1,2014,Q1,2013-09-16,2013-07-31,-383600.0,0.0,-371314.0,-0.0852,0.0,0.0,76713.0,-1132583.0,72521.0,598180.0,1209296.0,0.0,-2651151.0,135099840.0,135587319.0,-0.251499113544472,0.12123608278444616,6.517800112106162,-0.4414687488687363,0.5965336161559068,-0.251499113544472,0.3386948241320945,0.0,-88.04734098018768,-119.2847146743329,0.0,0.0,0.0,0.0,0.020931826540506203,-5.000456246007848,-847.0740485296884,0.0,0.3914285714285715,-70.61106586790635,0.0,0.0,0.0,0.27976102185313206,0.1304447608520524,-70.61106586790635,0.0,0.0,Entertainment,Communication Services,LVO
2013Q4,2013,Q4,2013-07-29,2013-04-30,-532601.0,0.0,-427016.0,-0.14,0.0,0.0,70381.0,-882008.0,65895.0,424607.0,952389.0,0.0,-2273694.0,116834280.0,117132324.0,-0.22647668133017124,0.15519056445136326,4.2625140307753515,-0.34013296931547105,0.7353525812161441,-0.22647668133017124,0.603850531967964,0.0,-54.84137281003979,-132.46396858078384,0.0,0.0,0.0,0.0,0.004606612703040694,-7.5673974510166095,-692.7782455557796,0.0,-0.16666666666666682,-35.30056259809066,-1.0,-33.81199510210695,0.0,-0.11097645176564824,0.09208313400308298,-35.30056259809066,-1.0,-33.81199510210695,Entertainment,Communication Services,LVO
2013Q3,2013,Q3,2013-03-18,2013-01-31,-479399.0,0.0,-470325.0,-0.12,0.0,0.0,280900.0,-527490.0,266191.0,363942.0,808390.0,0.0,-1742294.0,116834280.0,116933780.0,-0.1354456928223463,0.7314104994751911,1.067995728017088,-0.5687311607802992,2.0872066987232394,-0.1354456928223463,0.9088304991563821,0.0,-60.9274737744551,-221.49098561110165,0.0,0.0,0.0,0.0,0.5509119584988816,-1.7066536133855466,-551.1362907334377,0.0,-0.5075376884422109,-2492.1607898053235,0.0,-30.380176358476454,0.0,-0.6634535644268638,-0.6850219080613784,-2492.1607898053235,0.0,-30.380176358476454,Entertainment,Communication Services,LVO
2013Q2,2013,Q2,2012-12-12,2012-10-31,-288195.0,0.0,-279121.0,-0.0796,0.0,0.0,216436.0,-529510.0,202063.0,384832.0,745946.0,0.0,-1267432.0,108548280.0,108406217.0,-0.14634317558970072,0.5250680816564111,0.0,0.0,0.5355619958825499,-0.14634317558970072,0.5442673415044097,0.0,-94.16218185603498,-204.9976015561557,0.0,0.0,0.0,0.0,0.3691558914019624,-1.3315483560960284,-670.1462553325472,0.0,-0.19519519519519515,-198.81117961921183,0.0,-879.9211692793086,0.0,-0.20793934211849915,-0.20991876685132688,-198.81117961921183,0.0,-879.9211692793086,Entertainment,Communication Services,LVO
2013Q1,2013,Q1,2012-09-14,2012-07-31,-238584.0,0.0,-230694.0,-0.0666,0.0,0.0,81694.0,-527734.0,66514.0,331648.0,609428.0,0.0,-983774.0,107399880.0,107393366.0,-0.14741189654960507,0.20055601119258973,0.0,0.0,0.4444903539876685,-0.14741189654960507,0.45209139452830405,0.0,-112.5388542400161,-203.51139020794568,0.0,0.0,0.0,0.0,0.01964130644538788,-2.9204592748549465,-690.2084123260821,0.0,0.24059293044469776,-55.02655169190683,0.0,0.0,0.0,0.20143256405536122,0.22784127993573544,-55.02655169190683,0.0,0.0,Entertainment,Communication Services,LVO
2012Q4,2012,Q4,2012-08-15,2012-04-30,-298765.0,0.0,-298765.0,-0.0877,0.0,0.0,115351.0,-299977.0,109689.0,220882.0,415328.0,0.0,-749135.0,102252990.0,102203301.0,-0.0880102381358237,0.49659546726306353,0.0,0.0,0.9959596902429186,-0.0880102381358237,0.9959596902429186,0.0,-85.56305959533414,-340.8694333232215,0.0,0.0,0.0,0.0,0.49659546726306353,-2.5900512349264417,-469.21183893541354,0.0,-0.04653937947494034,-22.266730947576303,-1.0,-13.75094409582026,0.0,-0.04539681095625824,-0.04539681095625824,-22.266730947576303,-1.0,-13.75094409582026,Entertainment,Communication Services,LVO
2012Q3,2012,Q3,2012-03-21,2012-01-31,-285791.0,0.0,-285791.0,-0.0838,0.0,0.0,126691.0,-8094.0,126691.0,23673.0,134785.0,0.0,-450370.0,102252990.0,102186299.0,-0.002374698285106382,5.3517086976724535,0.0,0.0,35.30899431677786,-0.002374698285106382,35.30899431677786,0.0,-89.44734963662258,-12633.183839881392,0.0,0.0,0.0,0.0,2.8171756853799685,-2.255811383602624,-455.6850450546806,0.0,-0.9308755760368663,-1697.2279436278584,0.0,-1.5151072209147898,0.0,-0.9876273602948847,-0.9876273602948847,-1697.2279436278584,0.0,-1.5151072209147898,Entertainment,Communication Services,LVO
2012Q2,2012,Q2,2011-12-20,2011-10-31,-143785.0,0.0,-143785.0,-0.0434,0.0,0.0,198222.0,-129185.0,198222.0,299629.0,327407.0,0.0,-164579.0,99399900.0,99261678.0,-0.038989475844543105,0.6615581268835794,0.0,0.0,1.1130162170530635,-0.038989475844543105,1.1130162170530635,0.0,-172.827311611086,-769.4384022912876,0.0,0.0,0.0,0.0,0.4613104873026309,-0.7253735710466043,-836.0309516800538,0.0,-21.842105263157897,-107.86390846900282,0.0,-233.69939416142822,0.0,-22.391085082153896,-22.391085082153896,-107.86390846900282,0.0,-233.69939416142822,Entertainment,Communication Services,LVO
2012Q1,2012,Q1,2011-08-23,2011-07-31,-6147.0,0.0,-6147.0,-0.0019,0.0,0.0,12862.0,12306.0,12862.0,556.0,556.0,0.0,-20794.0,99399900.0,99392227.0,0.0037140882435495407,23.133093525179856,0.0,0.0,,0.0037140882435495407,-0.49951243295953196,0.0,-4042.6183504148366,8077.352510970259,0.0,0.0,0.0,0.0,13.800359712230216,-0.47791945265122066,-21050.38119440915,0.0,0.5,-0.5596733077163272,0.0,0.0,-1.0,0.3896942017474186,0.3896942017474186,-0.5596733077163272,0.0,0.0,Entertainment,Communication Services,LVO
2011Q4,2011,Q4,2011-06-23,2011-04-30,-10072.0,14866.0,-10072.0,-0.0038,14866.0,1.0,19584.0,18453.0,19584.0,1131.0,1131.0,0.0,-14647.0,80204250.0,80191855.0,0.0069022526861107734,17.315649867374006,0.0,0.0,,0.0069022526861107734,-0.5458191080041186,5395.146643347235,-1990.7726866560763,4346.407088278329,0.0,0.0,0.0,0.7590890522875817,10.959328028293546,-0.514297385620915,-4806.679252067602,1.0,0.0,0.0,0.0,0.0,0.0,-75.3030303030303,-75.3030303030303,0.0,0.0,0.0,Entertainment,Communication Services,LVO
2011Q3,2011,Q3,2011-05-11,2011-01-31,-132.0,0.0,-132.0,0.0,0.0,0.0,12881.0,12325.0,12881.0,556.0,556.0,0.0,-4575.0,80204250.0,80191369.0,0.004610104826115823,23.16726618705036,0.0,0.0,,0.004610104826115823,-0.010709939148073023,0.0,-151901.98863636362,6507.444219066938,0.0,0.0,0.0,0.0,23.16726618705036,-0.010247651579846286,-607607.9545454546,0.0,1.0,0.0,0.0,0.0,0.0,0.8758231420507996,0.8758231420507996,0.0,0.0,0.0,Entertainment,Communication Services,LVO
2011Q2,2011,Q2,2011-05-11,2010-10-31,-1063.0,0.0,-1063.0,-0.0004,0.0,0.0,113.0,-443.0,113.0,556.0,556.0,0.0,-4443.0,79999920.0,79999807.0,-0.00016612516612516613,0.20323741007194246,0.0,0.0,,-0.00016612516612516613,2.399548532731377,0.0,-18814.656632173093,-180586.7268623025,0.0,0.0,0.0,0.0,0.20323741007194246,-9.4070796460177,-75258.62652869237,0.0,0.6666666666666666,0.0,0.0,0.0,0.0,0.6648802017654477,0.6648802017654477,0.0,0.0,0.0,Entertainment,Communication Services,LVO
2011Q1,2011,Q1,2010-07-31,2010-07-31,-3172.0,0.0,-3172.0,-0.0012,0.0,0.0,,,,,,,,79999920.0,,,0.0,0.0,0.0,0.0,,0.0,0.0,-6305.16393442623,0.0,0.0,0.0,0.0,0.0,0.0,0.0,-25220.655737704918,0.0,0.0,0.0,0.0,0.0,0.0,0.0,0.0,0.0,0.0,0.0,Entertainment,Communication Services,LVO
