Quarters,Year,Quarter,FillingDate,Date,NetIncome,Revenue,OperatingIncome,EPSDiluted,GrossProfit,GrossProfitRatio,TotalAssets,CommonStockEquity,CurrentAssets,CurrentLiability,TotalLiability,Inventory,RetainedEarnings,MarketCap,EnterpriseValue,bookValuePerShare,currentRatio,debtToAssets,debtToEquity,roic,shareholdersEquityPerShare,roe,priceToSalesRatio,peRatio,pbRatio,payoutRatio,inventoryTurnover,dividendYield,assetTurnover,quickRatio,returnOnAssets,priceToFreeCashFlowsRatio,grossProfitMargin,epsdilutedGrowth,fiveYNetIncomeGrowthPerShare,fiveYRevenueGrowthPerShare,fiveYShareholdersEquityGrowthPerShare,grossProfitGrowth,netIncomeGrowth,operatingIncomeGrowth,threeYNetIncomeGrowthPerShare,threeYRevenueGrowthPerShare,threeYShareholdersEquityGrowthPerShare,Industry,Sector,Symbol
2023Q1,2023,Q1,2023-05-04,2023-03-31,31000000.0,584000000.0,35000000.0,0.28,137000000.0,0.2345890411,1329000000.0,841000000.0,1025000000.0,447000000.0,485000000.0,406000000.0,-1044000000.0,1226500000.0,1083500000.0,7.6454545454545455,2.2930648769574944,0.02784048156508653,0.04399524375743163,0.035437430786267994,7.6454545454545455,0.036860879904875146,2.100171232876712,9.891129032258066,1.458382877526754,0.0,1.1009852216748768,0.0,0.4394281414597442,1.319910514541387,0.023325808878856283,-111.5,0.2345890410958904,0.0,14.218181818181817,-0.24950023798191334,-0.30729103111653444,0.03787878787878788,-0.03125,0.0,1.0930186391650645,-0.03968836652618903,0.0876046540246212,Oil & Gas Equipment & Services,Energy,DNOW
2022Q4,2022,Q4,2023-02-16,2022-12-31,32000000.0,547000000.0,35000000.0,0.28,132000000.0,0.2413162706,1320000000.0,842000000.0,1017000000.0,439000000.0,476000000.0,381000000.0,-1075000000.0,1397000000.0,1223000000.0,7.654545454545454,2.316628701594533,0.02878787878787879,0.04513064133016627,0.03639909002274943,7.654545454545454,0.03800475059382423,2.553930530164534,10.9140625,1.6591448931116388,0.0,1.0892388451443569,0.0,0.41439393939393937,1.3895216400911161,0.024242424242424242,349.25,0.2413162705667276,-0.19999999999999987,11.472727272727273,-0.19722788422339996,-0.30237054085155346,-0.050359712230215826,-0.21951219512195122,-0.20454545454545456,1.22812295618051,-0.15175700668658412,-0.2706770502225047,Oil & Gas Equipment & Services,Energy,DNOW
2022Q3,2022,Q3,2022-11-02,2022-09-30,41000000.0,577000000.0,44000000.0,0.35,139000000.0,0.2409012132,1282000000.0,804000000.0,1054000000.0,458000000.0,476000000.0,361000000.0,-1107000000.0,1115550000.0,871550000.0,7.243243243243243,2.3013100436681224,0.01794071762870515,0.028606965174129355,0.04823529411764706,7.243243243243243,0.05099502487562189,1.9333622183708838,6.802134146341464,1.3875000000000002,0.0,1.2132963988919667,0.0,0.4500780031201248,1.4694323144104804,0.031981279251170044,25.35340909090909,0.24090121317157712,0.5217391304347825,5.4324324324324325,-0.194540307883206,-0.3409686012887361,0.0859375,0.5769230769230769,-0.10204081632653061,3.026126126126126,-0.2455344825517928,-0.3768638409522388,Oil & Gas Equipment & Services,Energy,DNOW
2022Q2,2022,Q2,2022-08-03,2022-06-30,26000000.0,539000000.0,49000000.0,0.23,128000000.0,0.2374768089,1202000000.0,777000000.0,969000000.0,408000000.0,425000000.0,331000000.0,-1147000000.0,1085580000.0,879580000.0,7.0,2.375,0.021630615640599003,0.03346203346203346,0.0548854041013269,7.0,0.03346203346203346,2.0140630797773653,10.43826923076923,1.397142857142857,0.0,1.241691842900302,0.0,0.44841930116472545,1.5220588235294117,0.021630615640599003,-31.016571428571428,0.23747680890538034,-0.14814814814814817,2.488076311605723,-0.19442022667829123,-0.35714285714285715,0.19626168224299065,-0.13333333333333333,1.1304347826086956,0.8236808236808235,-0.3179274635460203,-0.3963607594936709,Oil & Gas Equipment & Services,Energy,DNOW
2022Q1,2022,Q1,2022-05-05,2022-03-31,30000000.0,473000000.0,23000000.0,0.27,107000000.0,0.2262156448,1162000000.0,746000000.0,946000000.0,395000000.0,416000000.0,296000000.0,-1173000000.0,1224330000.0,961330000.0,6.7207207207207205,2.3949367088607594,0.025817555938037865,0.040214477211796246,0.025941800135348525,6.7207207207207205,0.040214477211796246,2.5884355179704017,10.202749999999998,1.6411930294906165,0.0,1.2364864864864864,0.0,0.4070567986230637,1.6050632911392404,0.025817555938037865,-55.651363636363634,0.226215644820296,1.4545454545454548,2.2690951821386602,-0.2706557587698633,-0.3822656699252444,0.0594059405940594,1.5,0.5333333333333333,0.6366366366366366,-0.40830894588856365,-0.4115995513585875,Oil & Gas Equipment & Services,Energy,DNOW
2021Q4,2021,Q4,2022-02-17,2021-12-31,12000000.0,432000000.0,15000000.0,0.11,101000000.0,0.2337962963,1104000000.0,712000000.0,883000000.0,369000000.0,392000000.0,250000000.0,-1203000000.0,947939999.9999999,666939999.9999999,6.414414414414415,2.392953929539295,0.028985507246376812,0.0449438202247191,0.015463917525773196,6.414414414414415,0.016853932584269662,2.1943055555555553,19.748749999999998,1.3313764044943819,0.0,1.324,0.0,0.391304347826087,1.6720867208672088,0.010869565217391304,947.9399999999998,0.2337962962962963,1.2,1.1629234868671487,-0.2259620215010549,-0.4198289582904967,0.052083333333333336,1.4,0.5,-0.2702702702702702,-0.4498372718268006,-0.42936016741618055,Oil & Gas Equipment & Services,Energy,DNOW
2021Q3,2021,Q3,2021-11-03,2021-09-30,5000000.0,439000000.0,10000000.0,0.05,96000000.0,0.21867881548974943,1104000000.0,699000000.0,874000000.0,375000000.0,405000000.0,244000000.0,-1215000000.0,849150000.0,569150000.0,6.297297297297297,2.3306666666666667,0.028985507246376812,0.045779685264663805,0.009361542782250515,6.297297297297297,0.00715307582260372,1.9342824601366742,42.4575,1.2148068669527898,0.0,1.4057377049180328,0.0,0.3976449275362319,1.6293333333333333,0.004528985507246377,38.597727272727276,0.21867881548974943,3.5000000000000004,1.086068211068211,-0.18619196119196113,-0.4686034615056697,0.12941176470588237,3.5,0.0,-0.7567567567567568,-0.48037088183073584,-0.4411601412423105,Oil & Gas Equipment & Services,Energy,DNOW
2021Q2,2021,Q2,2021-08-04,2021-06-30,-2000000.0,400000000.0,0.0,-0.02,85000000.0,0.2125,1070000000.0,696000000.0,831000000.0,341000000.0,374000000.0,250000000.0,-1220000000.0,1043900000.0,785900000.0,6.327272727272727,2.436950146627566,0.03271028037383177,0.05028735632183908,0.0,6.327272727272727,-0.0028735632183908046,2.60975,-130.4875,1.4998563218390806,0.0,1.26,0.0,0.37383177570093457,1.653958944281525,-0.001869158878504673,149.12857142857143,0.2125,0.7777777777777777,0.9557851239669422,-0.2233714389403012,-0.4878833723009215,0.13333333333333333,0.8,1.0,-1.1402597402597403,-0.4945594945594946,-0.42527716186252773,Oil & Gas Equipment & Services,Energy,DNOW
2021Q1,2021,Q1,2021-05-05,2021-03-31,-10000000.0,361000000.0,-8000000.0,-0.09,75000000.0,0.2077562326869806,1026000000.0,692000000.0,882000000.0,298000000.0,334000000.0,247000000.0,-1218000000.0,1109900000.0,774900000.0,6.290909090909091,2.959731543624161,0.038011695906432746,0.05635838150289017,-0.011544011544011546,6.290909090909091,-0.014450867052023121,3.0745152354570635,-27.7475,1.6039017341040462,0.0,1.1578947368421053,0.0,0.35185185185185186,2.077181208053691,-0.009746588693957114,-221.98,0.2077562326869806,0.7750000000000001,0.8455988455988456,-0.35920703384207037,-0.5079479000531633,0.6666666666666666,0.7727272727272727,0.7837837837837838,-5.909090909090909,-0.5360780580675869,-0.4300183038438071,Oil & Gas Equipment & Services,Energy,DNOW
2020Q4,2020,Q4,2021-02-17,2020-12-31,-44000000.0,319000000.0,-37000000.0,-0.4,45000000.0,0.14106583072100312,1008000000.0,699000000.0,861000000.0,272000000.0,309000000.0,262000000.0,-1208000000.0,789800000.0,455800000.0,6.3545454545454545,3.1654411764705883,0.05257936507936508,0.07582260371959942,-0.04494133885438233,6.3545454545454545,-0.06294706723891273,2.475862068965517,-4.4875,1.1298998569384835,0.0,1.0458015267175573,0.0,0.31646825396825395,2.150735294117647,-0.04365079365079365,14.36,0.14106583072100312,-1.0,0.8281124497991968,-0.518167701863354,-0.5153696624117151,-0.27419354838709675,-1.0,-0.7619047619047619,-13.4,-0.5318385650224215,-0.4208515535097813,Oil & Gas Equipment & Services,Energy,DNOW
2020Q3,2020,Q3,2020-11-04,2020-09-30,-22000000.0,326000000.0,-21000000.0,-0.2,62000000.0,0.1901840490797546,1039000000.0,731000000.0,878000000.0,264000000.0,308000000.0,318000000.0,-1164000000.0,494860000.0,215860000.0,6.706422018348624,3.3257575757575757,0.04427333974975938,0.06292749658002736,-0.026731470230862697,6.706422018348624,-0.030095759233926128,1.5179754601226993,-5.623409090909091,0.6769630642954857,0.0,0.8301886792452831,0.0,0.31376323387872956,2.037878787878788,-0.021174205967276226,8.681754385964913,0.1901840490797546,0.25925925925925924,0.9035878112712974,-0.5750088331688537,-0.5671971315058487,-0.08823529411764706,0.26666666666666666,0.27586206896551724,-1.4220183486238536,-0.5365722032827451,-0.38981164449734507,Oil & Gas Equipment & Services,Energy,DNOW
2020Q2,2020,Q2,2020-08-05,2020-06-30,-30000000.0,370000000.0,-29000000.0,-0.27,68000000.0,0.1837837837837838,1069000000.0,747000000.0,898000000.0,278000000.0,322000000.0,370000000.0,-1142000000.0,943583013.3500001,721583013.3500001,6.832053893289812,3.2302158273381294,0.04396632366697849,0.06291834002677377,-0.03337041156840934,6.832053893289812,-0.040160642570281124,2.550224360405406,-7.863191777916668,1.2631633378179385,0.0,0.8162162162162162,0.0,0.3461178671655753,1.8381294964028776,-0.02806361085126286,14.29671232348485,0.1837837837837838,0.9108910891089109,-0.5451907981019022,-0.5172137195263835,-0.6196515262320448,-0.4188034188034188,0.9093655589123867,0.9129129129129129,-0.7431179316685558,-0.4385964265133018,-0.37256647918767033,Oil & Gas Equipment & Services,Energy,DNOW
2020Q1,2020,Q1,2020-05-06,2020-03-31,-331000000.0,604000000.0,-333000000.0,-3.03,117000000.0,0.19370860927152317,1196000000.0,768000000.0,1020000000.0,385000000.0,428000000.0,434000000.0,-1112000000.0,563739762.72,411739762.72,7.029626544133442,2.6493506493506493,0.01588628762541806,0.024739583333333332,-0.3954599761051374,7.029626544133442,-0.4309895833333333,0.9333439780132451,-0.4257853192749245,0.7340361493750001,0.0,1.1221198156682028,0.0,0.5050167224080268,1.4753246753246754,-0.27675585284280935,187.91325424000001,0.19370860927152317,-1.385826771653543,-31.417745223121628,-0.3145418352068606,-0.6086524244421029,-0.064,-1.381294964028777,-1.4306569343065694,-13.22639774115049,-0.05375767893449406,-0.35387262402858577,Oil & Gas Equipment & Services,Energy,DNOW
2019Q4,2019,Q4,2020-02-19,2019-12-31,-139000000.0,639000000.0,-137000000.0,-1.27,125000000.0,0.19561815336463223,1591000000.0,1144000000.0,1067000000.0,396000000.0,447000000.0,465000000.0,-775000000.0,1225160000.0,1097160000.0,10.495412844036696,2.6944444444444446,0.013199245757385292,0.018356643356643356,-0.11229508196721312,10.495412844036696,-0.1215034965034965,1.9173082942097026,-2.2035251798561153,1.070944055944056,0.0,1.1053763440860216,0.0,0.40163419233186676,1.3964646464646464,-0.08736643620364551,17.75594202898551,0.19561815336463223,-15.111111111111112,-9.528096330275229,-0.37646597479344124,-0.428784753656192,-0.16666666666666666,-14.9,-10.785714285714286,-0.9218245251324461,0.1659390880256471,-0.05071075713277553,Oil & Gas Equipment & Services,Energy,DNOW
2019Q3,2019,Q3,2019-11-06,2019-09-30,10000000.0,751000000.0,14000000.0,0.09,150000000.0,0.19973368841544606,1790000000.0,1267000000.0,1148000000.0,470000000.0,523000000.0,548000000.0,-636000000.0,1250230000.0,1211230000.0,11.623853211009175,2.442553191489362,0.01564245810055866,0.022099447513812154,0.008522035549062577,11.623853211009175,0.007892659826361484,1.6647536617842875,31.25575,0.9867640094711918,0.0,1.0967153284671534,0.0,0.4195530726256983,1.2319148936170212,0.00558659217877095,12.888969072164949,0.19973368841544606,-0.25,-0.6932339449541284,-0.31100917431192665,-0.3696136373147583,-0.0196078431372549,-0.2857142857142857,-0.17647058823529413,1.1752948885976409,0.4177311220889203,-0.019122796862790434,Oil & Gas Equipment & Services,Energy,DNOW
2019Q2,2019,Q2,2019-08-02,2019-06-30,14000000.0,776000000.0,17000000.0,0.12,153000000.0,0.19716494845360824,1849000000.0,1264000000.0,1195000000.0,468000000.0,585000000.0,598000000.0,-646000000.0,1621920000.0,1630920000.0,11.596330275229358,2.5534188034188032,0.04813412655489454,0.07041139240506329,0.011111111111111112,11.596330275229358,0.011075949367088608,2.0901030927835054,28.962857142857143,1.2831645569620254,0.0,1.0418060200668897,0.0,0.41968631692806924,1.2307692307692308,0.0075716603569497025,24.574545454545454,0.19716494845360824,-0.25000000000000006,-0.4909955827387019,-0.19983039087194512,-0.3662883863894069,-0.03164556962025317,-0.2222222222222222,-0.2608695652173913,1.3123436196830691,0.5204819718361443,-0.06141653596857695,Oil & Gas Equipment & Services,Energy,DNOW
2019Q1,2019,Q1,2019-05-02,2019-03-31,18000000.0,785000000.0,23000000.0,0.16,158000000.0,0.20127388535031848,1896000000.0,1245000000.0,1252000000.0,475000000.0,651000000.0,634000000.0,-660000000.0,1590310000.0,1652310000.0,11.422018348623853,2.6357894736842105,0.07858649789029536,0.11967871485943775,0.014883520276100088,11.422018348623853,0.014457831325301205,2.025872611464968,22.087638888888886,1.2773574297188754,0.0,0.9889589905362776,0.0,0.4140295358649789,1.263157894736842,0.00949367088607595,-79.5155,0.20127388535031848,0.14285714285714277,-0.5687987102260014,-0.28411154898503316,-0.35776523586269376,0.006369426751592357,0.125,0.045454545454545456,1.2804718217562254,0.40619768298399517,-0.10661113793658464,Oil & Gas Equipment & Services,Energy,DNOW
2018Q4,2018,Q4,2019-02-14,2018-12-31,16000000.0,764000000.0,22000000.0,0.14,157000000.0,0.2054973821989529,1795000000.0,1214000000.0,1219000000.0,441000000.0,581000000.0,602000000.0,-678000000.0,1257120000.0,1273120000.0,11.24074074074074,2.764172335600907,0.07353760445682452,0.10873146622734761,0.014528644543503385,11.24074074074074,0.013179571663920923,1.6454450261780105,19.642500000000002,1.035518945634267,0.0,1.0083056478405317,0.0,0.4256267409470752,1.3560090702947847,0.008913649025069638,18.21913043478261,0.2054973821989529,-0.22222222222222213,-0.5335176557734205,-0.27249367353328346,-0.33218211569449585,-0.06547619047619048,-0.2,-0.15384615384615385,1.063662055629927,0.1753508166551645,-0.14272326496132626,Oil & Gas Equipment & Services,Energy,DNOW
2018Q3,2018,Q3,2018-11-01,2018-09-30,20000000.0,822000000.0,26000000.0,0.18,168000000.0,0.20437956204379562,1861000000.0,1217000000.0,1272000000.0,467000000.0,644000000.0,599000000.0,-694000000.0,1783080000.0000002,1862080000.0000002,11.268518518518519,2.7237687366167025,0.09134873723804406,0.13968775677896467,0.017041358065150423,11.268518518518519,0.016433853738701727,2.169197080291971,22.288500000000003,1.4651437962202136,0.0,1.0918196994991654,0.0,0.4416980118216013,1.39186295503212,0.010746910263299301,84.90857142857143,0.20437956204379562,0.5,-0.49165385565052233,-0.26789933982230213,0.0,0.07006369426751592,0.42857142857142855,0.4444444444444444,1.0884589947089947,0.08152574885642616,-0.2727795648483224,Oil & Gas Equipment & Services,Energy,DNOW
2018Q2,2018,Q2,2018-08-02,2018-06-30,14000000.0,777000000.0,18000000.0,0.12,157000000.0,0.20205920205920205,1811000000.0,1189000000.0,1213000000.0,420000000.0,622000000.0,604000000.0,-714000000.0,1439640000.0,1543640000.0,11.00925925925926,2.888095238095238,0.10767531750414136,0.16400336417157274,0.012138728323699421,11.00925925925926,0.011774600504625737,1.852818532818533,25.707857142857144,1.2107989907485281,0.0,1.0264900662251655,0.0,0.4290447266703479,1.3952380952380952,0.007730535615681944,479.88,0.20205920205920205,4.999999999999999,-0.5794590987654321,-0.2801676069055036,0.0,0.060810810810810814,6.0,1.5714285714285714,1.730019493177388,0.026407407407407484,-0.3871015917061703,Oil & Gas Equipment & Services,Energy,DNOW
2018Q1,2018,Q1,2018-05-02,2018-03-31,2000000.0,764000000.0,7000000.0,0.02,148000000.0,0.193717277486911,1818000000.0,1192000000.0,1206000000.0,443000000.0,626000000.0,609000000.0,-728000000.0,1103760000.0,1198760000.0,11.037037037037036,2.7223476297968396,0.09625962596259625,0.14681208053691275,0.003413801511826384,11.037037037037036,0.0016778523489932886,1.4447120418848167,137.97000000000003,0.9259731543624162,0.0,1.0114942528735633,0.0,0.42024202420242024,1.3002257336343115,0.0011001100110011,-35.60516129032258,0.193717277486911,1.6666666666666667,-0.9516451228545619,-0.2935316363322277,0.0,0.15625,1.6666666666666667,0.0,1.1981481481481482,-0.12291317969185862,-0.3855551701545459,Oil & Gas Equipment & Services,Energy,DNOW
2017Q4,2017,Q4,2018-02-14,2017-12-31,-3000000.0,669000000.0,0.0,-0.03,128000000.0,0.19133034379671152,1749000000.0,1185000000.0,1129000000.0,394000000.0,564000000.0,590000000.0,-730000000.0,1191240000.0,1255240000.0,10.972222222222221,2.8654822335025383,0.09262435677530018,0.13670886075949368,0.0,10.972222222222221,-0.002531645569620253,1.7806278026905829,-99.27,1.0052658227848101,0.0,0.9169491525423729,0.0,0.38250428816466553,1.3223350253807107,-0.0017152658662092624,-132.36,0.19133034379671152,0.625,-1.0874654395424836,-0.36295584763582023,-0.3481349317116784,-0.05185185185185185,0.6666666666666666,1.0,-1.1857638888888888,-0.34114755908990496,-0.40283429411099814,Oil & Gas Equipment & Services,Energy,DNOW
2017Q3,2017,Q3,2017-11-01,2017-09-30,-9000000.0,697000000.0,-6000000.0,-0.08,135000000.0,0.19368723098995697,1780000000.0,1187000000.0,1149000000.0,422000000.0,593000000.0,562000000.0,-727000000.0,1491480000.0,1555480000.0,10.99074074074074,2.7227488151658767,0.09157303370786517,0.13732097725358045,-0.0044444444444444444,10.99074074074074,-0.007582139848357203,2.1398565279770443,-41.43000000000001,1.2565122156697557,0.0,1.0,0.0,0.39157303370786517,1.338862559241706,-0.0050561797752808986,-42.61371428571429,0.19368723098995697,0.5,-1.228755764957265,-0.3792285156400786,0.0,0.08870967741935484,0.47058823529411764,0.5714285714285714,-1.2786458333333333,-0.3546296296296297,-0.40394867751684777,Oil & Gas Equipment & Services,Energy,DNOW
2017Q2,2017,Q2,2017-08-02,2017-06-30,-17000000.0,651000000.0,-14000000.0,-0.16,124000000.0,0.19047619047619047,1698000000.0,1176000000.0,1065000000.0,386000000.0,522000000.0,529000000.0,-718000000.0,1736639999.9999998,1767639999.9999998,10.88888888888889,2.7590673575129534,0.07538280329799764,0.10884353741496598,-0.010736196319018405,10.88888888888889,-0.01445578231292517,2.6676497695852532,-25.53882352941176,1.4767346938775507,0.0,0.996219281663516,0.0,0.3833922261484099,1.33419689119171,-0.010011778563015312,-32.76679245283018,0.19047619047619047,0.23809523809523805,-1.5106568086419754,-0.3968971841640706,0.0,0.08771929824561403,0.2608695652173913,0.3333333333333333,-1.6237997256515775,-0.32250816993464054,-0.40494836000453976,Oil & Gas Equipment & Services,Energy,DNOW
2017Q1,2017,Q1,2017-05-03,2017-03-31,-23000000.0,631000000.0,-21000000.0,-0.21,114000000.0,0.18066561014263074,1663000000.0,1175000000.0,1025000000.0,399000000.0,488000000.0,491000000.0,-701000000.0,1831680000.0,1811680000.0,10.87962962962963,2.568922305764411,0.04930847865303668,0.06978723404255319,-0.016706443914081145,10.87962962962963,-0.01957446808510638,2.902820919175911,-19.909565217391304,1.5588765957446808,0.0,1.0529531568228105,0.0,0.3794347564642213,1.2882205513784462,-0.013830426939266387,-83.25818181818182,0.18066561014263074,0.6818181818181819,-1.5560810871725383,-0.41651631220632945,0.0,0.29545454545454547,0.676056338028169,0.5531914893617021,-1.5560810871725383,-0.41922515012552014,-0.38826255081893873,Oil & Gas Equipment & Services,Energy,DNOW
2016Q4,2016,Q4,2017-02-15,2016-12-31,-71000000.0,538000000.0,-47000000.0,-0.66,88000000.0,0.16356877323420074,1603000000.0,1183000000.0,959000000.0,347000000.0,420000000.0,483000000.0,-678000000.0,2190290000.0,2149290000.0,11.05607476635514,2.7636887608069163,0.040548970679975045,0.054945054945054944,-0.05570579594017095,11.05607476635514,-0.060016906170752324,4.071171003717472,-7.7122887323943665,1.8514708368554522,0.0,0.9316770186335404,0.0,0.33562071116656267,1.3256484149855907,-0.044291952588895823,45.63104166666667,0.16356877323420074,-0.24528301886792453,-3.0893613408466187,-0.48291055936509647,-0.34315321120872966,0.011494252873563218,-0.26785714285714285,0.11320754716981132,-3.0893613408466187,-0.48291055936509647,-0.34315321120872966,Oil & Gas Equipment & Services,Energy,DNOW
2016Q3,2016,Q3,2016-11-02,2016-09-30,-56000000.0,520000000.0,-53000000.0,-0.53,87000000.0,0.1673076923076923,1711000000.0,1268000000.0,1024000000.0,292000000.0,443000000.0,532000000.0,-607000000.0,2293010000.0,2307010000.0,11.850467289719626,3.506849315068493,0.0847457627118644,0.11435331230283911,-0.03750884642604388,11.850467289719626,-0.04416403785488959,4.409634615384616,-10.236651785714287,1.8083675078864354,0.0,0.8139097744360902,0.0,0.30391583869082406,1.6095890410958904,-0.03272939801285798,76.43366666666667,0.1673076923076923,-0.325,-2.4366717201054398,-0.5325423167157888,0.0,0.04819277108433735,-0.2727272727272727,0.07017543859649122,-2.4366717201054398,-0.5325423167157888,0.0,Oil & Gas Equipment & Services,Energy,DNOW
2016Q2,2016,Q2,2016-08-03,2016-06-30,-44000000.0,501000000.0,-57000000.0,-0.4,83000000.0,0.1656686626746507,1814000000.0,1322000000.0,1108000000.0,304000000.0,492000000.0,589000000.0,-551000000.0,1940980000.0,1984980000.0,12.355140186915888,3.6447368421052633,0.09922822491730982,0.1361573373676248,-0.028301248053442866,12.355140186915888,-0.03328290468986384,3.8742115768463075,-11.028295454545455,1.46821482602118,0.0,0.7096774193548387,0.0,0.27618522601984563,1.611842105263158,-0.024255788313120176,33.465172413793105,0.1656686626746507,0.32203389830508466,-2.33405231152648,-0.5315232186391825,0.0,-0.04597701149425287,0.30158730158730157,0.12307692307692308,-2.33405231152648,-0.5315232186391825,0.0,Oil & Gas Equipment & Services,Energy,DNOW
2016Q1,2016,Q1,2016-05-04,2016-03-31,-63000000.0,548000000.0,-65000000.0,-0.59,87000000.0,0.15875912408759124,1738000000.0,1368000000.0,1201000000.0,302000000.0,370000000.0,633000000.0,-507000000.0,1896039999.9999998,1820039999.9999998,12.785046728971963,3.9768211920529803,0.03164556962025317,0.0402046783625731,-0.042951091345800864,12.785046728971963,-0.046052631578947366,3.4599270072992696,-7.523968253968254,1.3859941520467836,0.0,0.7282780410742496,0.0,0.31530494821634064,1.8013245033112584,-0.03624856156501726,21.54590909090909,0.15875912408759124,0.7464658634538153,-2.537413944381126,-0.48853031712930667,0.0,-0.1792452830188679,0.7469879518072289,0.6467391304347826,-2.537413944381126,-0.48853031712930667,0.0,Oil & Gas Equipment & Services,Energy,DNOW
2015Q4,2015,Q4,2016-02-23,2015-12-31,-249000000.0,644000000.0,-184000000.0,-2.3271028037383177,106000000.0,0.16459627329192547,1832000000.0,1403000000.0,1292000000.0,307000000.0,429000000.0,693000000.0,-444000000.0,1692740000.0,1710740000.0,13.11214953271028,4.208469055374593,0.05895196506550218,0.07697790449037777,-0.16301957686642043,13.11214953271028,-0.1774768353528154,2.6284782608695654,-1.6995381526104418,1.2065146115466858,0.0,0.7763347763347763,0.0,0.35152838427947597,1.8729641693811074,-0.1359170305676856,21.983636363636364,0.16459627329192547,-0.11344631757814251,-8.327478505222649,-0.3810304837009704,-0.2210008075450953,-0.09401709401709402,-0.11160714285714286,0.36769759450171824,-8.327478505222649,-0.3810304837009704,-0.2210008075450953,Oil & Gas Equipment & Services,Energy,DNOW
2015Q3,2015,Q3,2015-11-03,2015-09-30,-224000000.0,753000000.0,-291000000.0,-2.09,117000000.0,0.1553784860557769,2186000000.0,1658000000.0,1532000000.0,389000000.0,528000000.0,771000000.0,-195000000.0,1583600000.0,1577600000.0,15.495327102803738,3.9383033419023135,0.05489478499542543,0.07237635705669482,-0.12598425196850394,15.495327102803738,-0.13510253317249699,2.1030544488711818,-1.7674107142857145,0.9551266586248492,0.0,0.8249027237354085,0.0,0.3444647758462946,1.7737789203084833,-0.10247026532479414,9.836024844720496,0.1553784860557769,-10.61111111111111,-6.746686880421758,-0.32308531632113263,0.0,-0.056451612903225805,-10.789473684210526,-9.777777777777779,-6.746686880421758,-0.32308531632113263,0.0,Oil & Gas Equipment & Services,Energy,DNOW
2015Q2,2015,Q2,2015-08-05,2015-06-30,-19000000.0,750000000.0,-27000000.0,-0.18,124000000.0,0.16533333333333333,2473000000.0,1922000000.0,1732000000.0,448000000.0,551000000.0,892000000.0,29000000.0,2130370000.0,2096370000.0,17.962616822429908,3.8660714285714284,0.03234937323089365,0.04162330905306972,-0.008835991594612284,17.962616822429908,-0.009885535900104058,2.8404933333333333,-28.031184210526316,1.1084131113423517,0.0,0.7017937219730942,0.0,0.303275374039628,1.7388392857142858,-0.007682976142337242,23.41065934065934,0.16533333333333333,-1.0,-1.5760680436137073,-0.29868745305266836,0.0,-0.2,-0.9,-2.375,-1.5760680436137073,-0.29868745305266836,0.0,Oil & Gas Equipment & Services,Energy,DNOW
2015Q1,2015,Q1,2015-05-07,2015-03-31,-10000000.0,863000000.0,-8000000.0,-0.09,155000000.0,0.17960602549246812,2609000000.0,1922000000.0,1907000000.0,526000000.0,687000000.0,945000000.0,48000000.0,2315480000.0,2328480000.0,17.962616822429908,3.6254752851711025,0.05174396320429283,0.07023933402705515,-0.0032409658078107278,17.962616822429908,-0.005202913631633715,2.68305909617613,-57.887,1.2047242455775233,0.0,0.7492063492063492,0.0,0.33077807589114605,1.747148288973384,-0.0038328861632809506,-144.7175,0.17960602549246812,-1.6428571428571428,-1.2440339594255756,-0.19452858336239365,0.0,-0.24390243902439024,-1.625,-1.3076923076923077,-1.2440339594255756,-0.19452858336239365,0.0,Oil & Gas Equipment & Services,Energy,DNOW
2014Q4,2014,Q4,2015-02-25,2014-12-31,16000000.0,1006000000.0,26000000.0,0.14,205000000.0,0.20377733598409542,2596000000.0,1966000000.0,2047000000.0,620000000.0,630000000.0,949000000.0,58000000.0,2753110000.0,2558110000.0,18.373831775700936,3.3016129032258066,0.0,0.0,0.008816547982366906,18.373831775700936,0.008138351983723296,2.73668986083499,43.01734375,1.4003611393692776,0.0,0.8440463645943098,0.0,0.38751926040061635,1.6870967741935483,0.0061633281972265025,38.77619718309859,0.20377733598409542,-0.5333333333333333,-0.5291580076965366,-0.033100413980087416,0.0915982981941146,-0.03755868544600939,-0.5,-0.48,-0.5291580076965366,-0.033100413980087416,0.0915982981941146,Oil & Gas Equipment & Services,Energy,DNOW
2014Q3,2014,Q3,2014-11-07,2014-09-30,32000000.0,1070000000.0,50000000.0,0.3,213000000.0,0.19906542056074766,2558000000.0,1973000000.0,2032000000.0,578000000.0,585000000.0,905000000.0,42000000.0,3253870000.0,3087870000.0,18.439252336448597,3.5155709342560555,0.0,0.0,0.016549955004809835,18.439252336448597,0.016218955904713634,3.041,25.420859375000003,1.6491991890522049,0.0,0.9469613259668508,0.0,0.418295543393276,1.8546712802768166,0.012509773260359656,-60.25685185185185,0.19906542056074766,0.19999999999999996,-0.17904473136832016,-0.03811592093441153,0.0,0.10362694300518134,0.18518518518518517,0.16279069767441862,-0.17904473136832016,-0.03811592093441153,0.0,Oil & Gas Equipment & Services,Energy,DNOW
2014Q2,2014,Q2,2014-08-08,2014-06-30,27000000.0,952000000.0,43000000.0,0.25,193000000.0,0.2027310924369748,2473000000.0,1958000000.0,1946000000.0,508000000.0,515000000.0,882000000.0,10000000.0,3874470000.0,3638470000.0,18.299065420560748,3.8307086614173227,0.0,0.0,0.013789581205311542,18.299065420560748,0.013789581205311542,4.069821428571428,35.874722222222225,1.9787895812053116,0.0,0.8605442176870748,0.0,0.38495754144763444,1.986220472440945,0.010917913465426607,70.44490909090909,0.2027310924369748,-0.3472090576048839,-0.1813769906542057,-0.10980060707485363,0.0,-0.07211538461538461,-0.34146341463414637,-0.3064516129032258,-0.1813769906542057,-0.10980060707485363,0.0,Oil & Gas Equipment & Services,Energy,DNOW
2014Q1,2014,Q1,2014-05-14,2014-03-31,41000000.0,1077000000.0,62000000.0,0.382971,208000000.0,0.19312906220984216,2343000000.0,1904000000.0,1826000000.0,420000000.0,439000000.0,839000000.0,0.0,3254554019.2,3079554019.2,17.784802359565028,4.347619047619047,0.0,0.0,0.021533613445378155,17.784802359565028,0.02153361344537815,3.021870027112349,19.844841580487802,1.7093245899159661,0.0,1.035756853396901,0.0,0.45966709346991036,2.211904761904762,0.017498932991890738,-1084.8513397333334,0.19312906220984216,0.20588216649288232,0.0,0.004664179104477681,0.0,0.05583756345177665,0.20588235294117646,0.24,0.0,0.004664179104477681,0.0,Oil & Gas Equipment & Services,Energy,DNOW
2013Q4,2013,Q4,2013-12-31,2013-12-31,34000000.0,1041000000.0,50000000.0,0.31758575642080406,197000000.0,0.18924111431316043,2183000000.0,1802000000.0,1662000000.0,363000000.0,381000000.0,850000000.0,0.0,3254554019.2,3153554019.2,16.832045090302614,4.578512396694215,0.0,0.0,0.019654088050314465,16.832045090302614,0.018867924528301886,3.1263727369836696,23.930544258823527,1.8060788119866813,0.0,0.9929411764705882,0.0,0.47686669720568026,2.0991735537190084,0.015574896930829134,30.99575256380952,0.18924111431316043,-0.12820621916384184,0.0,0.0,0.0,-0.043689320388349516,-0.1282051282051282,-0.20634920634920634,0.0,0.0,0.0,Oil & Gas Equipment & Services,Energy,DNOW
2013Q3,2013,Q3,2013-09-30,2013-09-30,39000000.0,1113000000.0,63000000.0,0.36429,206000000.0,0.18508535489667566,,,,,,,,3254554019.2,,,0.0,0.0,0.0,0.0,,0.0,2.924127600359389,20.862525764102564,0.0,0.0,0.0,0.0,0.0,0.0,0.0,50.070061833846154,0.18508535489667566,0.1818196564421159,0.0,0.0,0.0,0.05102040816326531,0.18181818181818182,0.18867924528301888,0.0,0.0,0.0,Oil & Gas Equipment & Services,Energy,DNOW
2013Q2,2013,Q2,2013-06-30,2013-06-30,33000000.0,1070000000.0,53000000.0,0.308245,196000000.0,0.18317757009345795,,,,,,,,3254554019.2,,,0.0,0.0,0.0,0.0,,0.0,3.0416392702803736,24.655712266666665,0.0,0.0,0.0,0.0,0.0,0.0,0.0,35.76432988131868,0.18317757009345795,-0.1951218238456698,0.0,0.0,0.0,-0.010101010101010102,-0.1951219512195122,-0.08620689655172414,0.0,0.0,0.0,Oil & Gas Equipment & Services,Energy,DNOW
2013Q1,2013,Q1,2013-03-31,2013-03-31,41000000.0,1072000000.0,58000000.0,0.382971,198000000.0,0.18470149253731344,,,,,,,,3254554019.2,,,0.0,0.0,0.0,0.0,,0.0,3.0359645701492535,19.844841580487802,0.0,0.0,0.0,0.0,0.0,0.0,0.0,3254.5540192,0.18470149253731344,0.0,0.0,0.0,0.0,0.0,0.0,0.0,0.0,0.0,0.0,Oil & Gas Equipment & Services,Energy,DNOW
