Year,Date,FillingDate,NetIncome,Revenue,OperatingIncome,EPSDiluted,GrossProfit,GrossProfitRatio,TotalAssets,CommonStockEquity,CurrentAssets,CurrentLiability,TotalLiability,Inventory,RetainedEarnings,EnterpriseValue,bookValuePerShare,currentRatio,debtToAssets,debtToEquity,roic,shareholdersEquityPerShare,roe,priceToSalesRatio,peRatio,pbRatio,payoutRatio,inventoryTurnover,dividendYield,assetTurnover,quickRatio,returnOnAssets,priceToFreeCashFlowsRatio,grossProfitMargin,epsdilutedGrowth,fiveYNetIncomeGrowthPerShare,fiveYRevenueGrowthPerShare,fiveYShareholdersEquityGrowthPerShare,grossProfitGrowth,netIncomeGrowth,operatingIncomeGrowth,threeYNetIncomeGrowthPerShare,threeYRevenueGrowthPerShare,threeYShareholdersEquityGrowthPerShare,Industry,Sector,Price,MarketCap,AvgVolume,Symbol
2022,2022-12-31,2023-03-27,28518000.0,84271000.0,38602000.0,3.83,81485000.0,0.9669399912,1395639000.0,158158000.0,279159000.0,38801000.0,1237481000.0,0.0,77712000.0,158319481.45999998,21.219090822372255,7.19463415891343,0.0,0.0,0.17938857831800692,21.219090822372255,0.1803133575285474,3.8262448702400587,11.306595184094256,2.03873013986014,0.07535591556210113,0.0,0.006664775233848413,0.060381660300407196,9.214607870931161,0.0204336508223115,8.584475425574398,0.966939991218806,0.6946902654867259,5.484890498963701,1.7522342529843518,0.5717215174865848,0.2589027762757427,0.5909623430962343,0.6401257647858599,1.0031861194988703,0.8230607132565931,0.4147166127164079,Banks—Regional,Financial Services,44.4,363655980,28432,ESQ
2021,2021-12-31,2022-03-11,17925000.0,64727000.0,23536000.0,2.26,64727000.0,1.0,1178770000.0,143735000.0,301737000.0,0.0,0.0,0.0,51460000.0,86109625.0,19.244853556485356,0.0,0.0,0.0,0.12925590740583456,19.244853556485356,0.1247086652520263,3.63473704945386,13.125,1.636801231432845,0.0,0.0,0.0,0.054910627179178294,0.0,0.015206528839383424,8.67019071310116,1.0,0.36969696969696964,4.831634301913537,2.0040240686072335,1.5286961672177746,0.2426709159675159,0.42058963385639564,0.28212670915726973,1.03389832837188,0.802154186637163,0.5353928508501292,Banks—Regional,Financial Services,44.4,363655980,28432,ESQ
2020,2020-12-31,2021-03-19,12618000.0,52087000.0,18357000.0,1.65,52087000.0,1.0,936714000.0,126076000.0,187369000.0,0.0,49000.0,0.0,33535000.0,77298954.07000002,16.985988136107242,0.0,5.231052380982883e-05,0.0003886544623877661,0.10697853459945132,16.985988136107242,0.10008248992671087,2.734558605218193,11.288235383579014,1.129754704067388,0.0,0.0,0.0,0.05560608680984804,0.0,0.013470493661886126,11.43688405893689,1.0,-0.09340659340659349,6.256879294023716,1.350460469584434,0.7193834082590903,0.1342493793824311,-0.10782719366471046,-0.15350917642718806,1.8813558223897457,0.7082812740763571,0.25817092130749925,Banks—Regional,Financial Services,44.4,363655980,28432,ESQ
2019,2019-12-31,2020-03-12,14143000.0,45922000.0,21686000.0,1.82,45922000.0,1.0,798008000.0,111062000.0,211467000.0,0.0,86000.0,0.0,20917000.0,131320841.84,14.998827773450204,0.0,0.00010776834317450452,0.0007743422592786011,0.14418589984964786,14.998827773450204,0.12734328573229367,4.203667998780541,13.649214582478965,1.7381358325980083,0.0,0.0,0.0,0.05754578901464647,0.0,0.01772287997112811,13.548627304884896,1.0,0.6106194690265488,7.153317435197807,1.0771977079463941,0.5182358194508924,0.2901612631342361,0.6193038699335929,0.0,3.641008991524763,1.1497030596545337,0.9707854981677317,Banks—Regional,Financial Services,44.4,363655980,28432,ESQ
2018,2018-12-31,2019-03-14,8734000.0,35594000.0,0.0,1.13,35594000.0,1.0,663899000.0,92774000.0,0.0,0.0,571125000.0,0.0,6774000.0,130143781.5,12.534156027774719,0.0,0.00013405653570799174,0.0009593204992778149,0.0,12.534156027774719,0.09414275551339815,4.512467873798955,18.38983071902908,1.7312693373143337,0.0,0.0,0.0,0.05361357676393548,0.0,0.013155615537905615,18.130351224743197,1.0,0.9482758620689654,4.03712796280518,0.6106857743357049,0.26875279424429555,0.40288507015607755,1.3968166849615806,0.0,4.03712796280518,0.6106857743357049,0.26875279424429555,Banks—Regional,Financial Services,44.4,363655980,28432,ESQ
2017,2017-12-31,2018-03-29,3644000.0,25372000.0,0.0,0.58,25372000.0,1.0,533629000.0,83383000.0,0.0,0.0,450246000.0,0.0,-1960000.0,79120589.53999999,13.500541022244652,0.0,0.0005209611921391079,0.003334012928294736,0.0,13.500541022244652,0.043701953635633166,4.805281000315308,33.45762610867178,1.462163624959524,0.0,0.0,0.0,0.04754614160774621,0.0,0.006828714331492479,32.17724717339667,1.0,0.4392059553349874,1.518564086265815,0.3759212286953703,0.3665737930680325,0.28258012334445454,0.29128277817150955,0.0,1.518564086265815,0.3759212286953703,0.3665737930680325,Banks—Regional,Financial Services,44.4,363655980,28432,ESQ
2016,2016-12-31,2016-12-31,2822000.0,19782000.0,0.0,0.403,19782000.0,1.0,424833000.0,52186000.0,0.0,0.0,372647000.0,0.0,-5826000.0,61947707.5,7.610583590854933,0.0,0.0008732843258409775,0.007109186371823861,0.0,7.610583590854933,0.0540758057716629,5.286103907592761,37.05517629340893,2.0037885160771087,0.0,0.0,0.0,0.04656417933635099,0.0,0.00664261015504916,28.62570695318916,1.0,0.791612762684663,0.7567984569922382,-0.0337280776442638,-0.22962908908025834,0.3243623217513557,1.4078498293515358,0.0,0.7567984569922382,-0.0337280776442638,-0.22962908908025834,Banks—Regional,Financial Services,44.4,363655980,28432,ESQ
2015,2015-12-31,2015-12-31,1172000.0,14937000.0,0.0,0.224937,14937000.0,1.0,352650000.0,49425000.0,0.0,0.0,303225000.0,0.0,-8648000.0,43522414.5,9.879115998511287,0.0,0.0010803913228413441,0.007708649468892261,0.0,9.879115998511287,0.023712696004046536,5.107813784561826,65.09847653583617,1.5436603844208396,0.0,0.0,0.0,0.04235644406635474,0.0,0.0033234084786615626,51.41200438005391,1.0,0.0,0.0,0.0,0.0,0.0,0.0,0.0,0.0,0.0,0.0,Banks—Regional,Financial Services,44.4,363655980,28432,ESQ
TTM,,,,,,,,,,,,,,,,159856980.0,22.150298135429306,0.0,0.0,0.0,0.21128020339570583,22.150298135429306,0.227014289520911,3.7671284728696626,9.680627842516122,2.0044876926050215,0.0827299468265641,0.0,0.009346846846846849,0.06653736083770326,0.0,0.02436959962062938,8.949108672113397,0.9467752294528353,,,,,,,,,,,Banks—Regional,Financial Services,44.4,363655980,28432,ESQ
