Quarters,Year,Quarter,FillingDate,Date,NetIncome,Revenue,OperatingIncome,EPSDiluted,GrossProfit,GrossProfitRatio,TotalAssets,CommonStockEquity,CurrentAssets,CurrentLiability,TotalLiability,Inventory,RetainedEarnings,MarketCap,EnterpriseValue,bookValuePerShare,currentRatio,debtToAssets,debtToEquity,roic,shareholdersEquityPerShare,roe,priceToSalesRatio,peRatio,pbRatio,payoutRatio,inventoryTurnover,dividendYield,assetTurnover,quickRatio,returnOnAssets,priceToFreeCashFlowsRatio,grossProfitMargin,epsdilutedGrowth,fiveYNetIncomeGrowthPerShare,fiveYRevenueGrowthPerShare,fiveYShareholdersEquityGrowthPerShare,grossProfitGrowth,netIncomeGrowth,operatingIncomeGrowth,threeYNetIncomeGrowthPerShare,threeYRevenueGrowthPerShare,threeYShareholdersEquityGrowthPerShare,Industry,Sector,Symbol
2023Q1,2023,Q1,2023-05-02,2023-03-31,421500000.0,1537600000.0,326100000.0,1.96,800700000.0,0.5207466181,12156600000.0,9045400000.0,2824500000.0,473500000.0,2082700000.0,0.0,8550400000.0,25334760000.0,23564560000.0,40.30926916221034,5.965153115100317,0.053287925900333974,0.07161651226037544,0.023207308723515976,40.30926916221034,0.0465982709443474,16.476821019771073,15.026548042704627,2.800844628208813,0.6695136417556347,0.0,0.011138846391282174,0.1264827336590823,5.965153115100317,0.034672523567444845,56.17463414634146,0.5207466181061394,0.6896551724137931,0.011415055532702594,0.2605088804415523,0.6685397001521521,0.145985401459854,0.5845864661654135,10.507288629737609,0.2816086265989398,0.09672151246784641,0.4666459295731179,Asset Management,Financial Services,TROW
2022Q4,2022,Q4,2023-02-15,2022-12-31,266000000.0,1524200000.0,-34300000.0,1.16,698700000.0,0.4584044089,11643300000.0,8839500000.0,2504300000.0,452700000.0,1956400000.0,0.0,8409700000.0,24396722000.0,22970722000.0,39.514975413500224,5.531919593549812,0.05661625140638822,0.07457435375304033,-0.002599489196583529,39.514975413500224,0.030092199785055715,16.006247211652013,22.92925,2.759966287685955,1.0338345864661653,0.0,0.011272006132627162,0.13090790411653053,11.14093218466976,0.02284575678716515,-124.72761758691206,0.458404408870227,-0.30120481927710846,-0.163078921885108,0.2942694552186672,0.6574253989283195,-0.1824245260940791,-0.30801248699271594,-1.0596936999651931,-0.48951666539463784,0.08603617630643481,0.30249584549645914,Asset Management,Financial Services,TROW
2022Q3,2022,Q3,2022-10-27,2022-09-30,384400000.0,1588200000.0,574600000.0,1.66,854600000.0,0.5380934391,11993200000.0,8907500000.0,3107700000.0,421100000.0,2297900000.0,0.0,8419900000.0,23658753000.0,21612453000.0,39.53617399023524,7.379957254808834,0.02668178634559584,0.03592478248666854,0.043785243215228836,39.53617399023524,0.04315464496211058,14.89658292406498,15.386806061394381,2.6560486107213026,0.7185223725286161,0.0,0.011674326199694463,0.13242504085648535,7.379957254808834,0.032051495847647,33.17267666853618,0.5380934391134617,0.13698630136986298,0.048842525647563306,0.38654253470339445,0.7186220350675703,-0.04790552584670232,0.13191990577149587,-0.3907326900646803,-0.2658376484770017,0.16063150583456076,0.35779515048777133,Asset Management,Financial Services,TROW
2022Q2,2022,Q2,2022-07-28,2022-06-30,339600000.0,1513000000.0,943100000.0,1.46,897600000.0,0.593258427,11768700000.0,8964200000.0,2889200000.0,395300000.0,2031100000.0,0.0,8311900000.0,25755387000.0,23844087000.0,39.542126157917956,7.308879332152795,0.017393594874540095,0.02283527810624484,0.07449507760400118,39.542126157917956,0.037884027576359294,17.02272769332452,18.96009054770318,2.873138372637826,0.8156654888103652,0.0,0.010755031559028795,0.12856135342051372,7.308879332152795,0.02885620331897321,46.34764621198488,0.5932584269662922,-0.3482142857142858,-0.03925114610562403,0.3660205212526486,0.8345783873135327,-0.19504977132095777,-0.33981337480559876,0.07488032824253477,-0.3300820133086088,0.1284410625326282,0.41782121576702674,Asset Management,Financial Services,TROW
2022Q1,2022,Q1,2022-04-28,2022-03-31,514400000.0,1863000000.0,877400000.0,2.24,1115100000.0,0.5985507246,12348000000.0,9054400000.0,2917000000.0,631900000.0,2231000000.0,0.0,8372200000.0,34501558000.0,32715858000.0,39.67747589833479,4.61623674632062,0.01715257531584062,0.023391942039229546,0.07014166599141251,39.67747589833479,0.05681215762502209,18.51935480407944,16.767864502332813,3.810474244566178,0.5427682737169518,0.0,0.008092388175629635,0.15087463556851313,4.61623674632062,0.041658568189180435,32.905634716261325,0.5985507246376811,-0.30650154798761603,0.4141820832005677,0.7748546061379913,0.9211065387358213,-0.02975724353954581,-0.29880043620501634,-0.04588951718138321,0.04045058393514122,0.4552676012330027,0.48751240651972927,Asset Management,Financial Services,TROW
2021Q4,2021,Q4,2022-02-24,2021-12-31,733600000.0,1961700000.0,919600000.0,3.23,1149300000.0,0.585869399,12509000000.0,9022700000.0,2581400000.0,508900000.0,2255300000.0,0.0,8083600000.0,44224336000.0,42950436000.0,40.11871943085816,5.072509333857339,0.019921656407386683,0.02761922706063595,0.07764092381981556,40.11871943085816,0.0813060392122092,22.54388336646786,15.070997818974917,4.901452558546777,0.3379225736095965,0.0,0.005605510956682312,0.1568230873770885,5.072509333857339,0.05864577504196978,146.97353273512795,0.5858693989906714,-0.024169184290030232,1.079264296506715,0.9352343710270707,0.9392129485706107,-0.06041530412034009,-0.056098816263510036,-0.07689219032322826,1.2218699454185757,0.6021407215467409,0.5702132566296066,Asset Management,Financial Services,TROW
2021Q3,2021,Q3,2021-10-28,2021-09-30,777200000.0,1954100000.0,996200000.0,3.31,1223200000.0,0.6259659178138274,11450700000.0,8262100000.0,4360100000.0,370500000.0,2102000000.0,0.0,7591700000.0,44631230000.0,41354830000.0,36.41295724988982,11.768151147098516,0.012409721676404063,0.0171990171990172,0.08965814857399297,36.41295724988982,0.09406809406809406,22.83978813776163,14.356417267112711,5.401923239854273,1.2209212557900155,0.0,0.021260897358195148,0.17065332250430104,11.768151147098516,0.06787357978114875,36.23252963143367,0.6259659178138274,-0.043352601156069336,1.5663607779846196,0.9353531575111944,0.8501401205231893,0.028331231609920134,-0.04719872502145397,0.03976620394530842,0.4265218354327513,0.49937860805043083,0.3684801517333409,Asset Management,Financial Services,TROW
2021Q2,2021,Q2,2021-07-29,2021-06-30,815700000.0,1929300000.0,958100000.0,3.46,1189500000.0,0.616544860830353,11279200000.0,7893000000.0,4433100000.0,1048400000.0,2505800000.0,0.0,7202600000.0,44919393000.0,41542993000.0,34.786249449096516,4.228443342235788,0.012279239662387403,0.017547193715950843,0.089676816603616,34.786249449096516,0.10334473584188522,23.28274140880112,13.767130378815741,5.6910418091980235,0.3099178619590536,0.0,0.0056278587736036416,0.1710493652032059,4.228443342235788,0.07231895879140364,60.35119306731157,0.616544860830353,0.09148264984227131,3.5448003850739176,1.0095312472117335,0.766900160254671,0.06519208381839348,0.08847077662129704,0.07266009852216748,0.9396371778386637,0.5311478289078103,0.3778872888776333,Asset Management,Financial Services,TROW
2021Q1,2021,Q1,2021-04-29,2021-03-31,749400000.0,1826800000.0,893200000.0,3.17,1116700000.0,0.6112874972629735,10764400000.0,8008200000.0,3716000000.0,512900000.0,1743300000.0,0.0,7338700000.0,39073320000.0,36389220000.0,35.1699604743083,7.245077013062975,0.013563226933224332,0.01823131290427312,0.08269019811053688,35.1699604743083,0.09357908144152244,21.388942412962557,13.034867894315452,4.879163857046527,0.3366693354683747,0.0,0.006457091437328591,0.1697075545316042,7.245077013062975,0.0696183716695775,41.74946041243722,0.6112874972629735,-0.04804804804804809,1.7504481006601895,0.9909806903329558,0.8213252548410631,0.14217039991817532,-0.04340056165432729,0.1816377827754994,0.7721698591263807,0.4758878729674959,0.4558059851697787,Asset Management,Financial Services,TROW
2020Q4,2020,Q4,2021-02-11,2020-12-31,783400000.0,1732900000.0,755900000.0,3.33,977700000.0,0.5641987419931906,10659000000.0,7707000000.0,3014800000.0,272700000.0,1390300000.0,0.0,7029800000.0,34335251999.999996,32337651999.999996,33.98148148148148,11.055372203887055,0.014457266160052537,0.019994809913066045,0.07650000775141541,33.98148148148148,0.10164785260153107,19.813752668936463,10.957126627521061,4.4550735694822885,0.26818994128159307,0.0,0.0061190755204010155,0.16257622666291396,11.055372203887055,0.07349657566375832,-600.2666433566433,0.5641987419931906,0.2197802197802198,1.8104798085558862,0.7914360253665201,0.7604434022430662,0.04768538362623232,0.21797263681592038,0.03704211826039237,1.4311366489893331,0.4513734699891816,0.42532723129007716,Asset Management,Financial Services,TROW
2020Q3,2020,Q3,2020-10-29,2020-09-30,643200000.0,1595800000.0,728900000.0,2.73,933200000.0,0.5847850607845595,10134600000.0,7128500000.0,2943000000.0,253600000.0,1665900000.0,0.0,6471300000.0,29105940000.0,27053040000.0,31.40308370044053,11.604889589905362,0.017297179957768437,0.024591428771831382,0.0739645124133752,31.40308370044053,0.09022936101564144,18.2390901115428,11.312943097014927,4.083038507399873,0.32649253731343286,0.0,0.007215022088274764,0.15746058058532156,11.604889589905362,0.06346575099165236,128.73038478549316,0.5847850607845595,0.07058823529411772,1.5839784934270456,0.6934889111929551,0.6979543074078488,0.22018828451882846,0.06666666666666667,0.31641683221961353,0.7418400776249996,0.3827440567217125,0.3650797780781221,Asset Management,Financial Services,TROW
2020Q2,2020,Q2,2020-07-29,2020-06-30,603000000.0,1415400000.0,553700000.0,2.55,764800000.0,0.5403419528048609,9477300000.0,6750700000.0,2713800000.0,453600000.0,1636500000.0,0.0,6102900000.0,28083900000.0,26192200000.0,29.686455584872473,5.982804232804233,0.017557743239108185,0.024649295628601478,0.05877898078698726,29.686455584872473,0.08932407009643445,19.841670199236965,11.643407960199005,4.160146355192794,0.3490878938640133,0.0,0.0074953977189777775,0.14934633281630844,5.982804232804233,0.0636257161849894,35.38352022174625,0.5403419528048609,0.8085106382978723,1.050861241594263,0.49570637309947174,0.5401742675246395,-0.16378744806472775,0.7575051005537744,-0.21705316742081449,0.7006720152200192,0.2739680800943347,0.3773192062168515,Asset Management,Financial Services,TROW
2020Q1,2020,Q1,2020-04-28,2020-03-31,343100000.0,1462600000.0,707200000.0,1.41,914600000.0,0.6253247641186928,8636900000.0,6434000000.0,2147700000.0,256800000.0,1231900000.0,0.0,5782900000.0,22859865000.0,21470065000.0,27.483981204613414,8.363317757009346,0.019984022044946682,0.026826235623251475,0.0839998115521928,27.483981204613414,0.05332608019894312,15.629608231915766,16.65685295832119,3.5529787068697547,0.6272223841445642,0.0,0.009413878865863817,0.16934316710856906,8.363317757009346,0.03972490129560375,30.82090467844142,0.6253247641186928,-0.37053571428571436,0.22505356850799732,0.5738021726082655,0.42145260648410443,0.094411870288381,-0.370805061434073,0.2186799931070136,-0.08052629207766857,0.3582813029356744,0.33072114108173833,Asset Management,Financial Services,TROW
2019Q4,2019,Q4,2020-02-13,2019-12-31,545300000.0,1468700000.0,580300000.0,2.24,835700000.0,0.5690066044801525,9330400000.0,7102100000.0,2428400000.0,246300000.0,1107300000.0,0.0,6443500000.0,28522744000.0,26887244000.0,30.33788979068774,9.859520909460008,0.015679927977364314,0.020599540980836654,0.062116988122552466,30.33788979068774,0.07678010729220934,19.42040171580309,13.07662937832386,4.0161000267526505,0.33651201173665873,0.0,0.006433462362527251,0.1574101860584755,9.859520909460008,0.05844336791563063,-846.3722255192878,0.5690066044801525,0.00448430493273553,0.9075717703559555,0.5874763687254286,0.4547027151636489,-0.02587714185802541,-0.001099102399706906,-0.11955697162797754,0.48482035667505485,0.39194512176789864,0.46643834970361026,Asset Management,Financial Services,TROW
2019Q3,2019,Q3,2019-10-24,2019-09-30,545900000.0,1426700000.0,659100000.0,2.23,857900000.0,0.6013177262213499,9397800000.0,6839800000.0,2833800000.0,252500000.0,1455100000.0,0.0,6187000000.0,26837325000.0,24770525000.0,29.11792252022137,11.222970297029702,0.015578114026687098,0.02140413462381941,0.07174318472872408,29.11792252022137,0.07981227521272552,18.810769608186725,12.290403462172558,3.9237002543934034,0.3344934969774684,0.0,0.006803956802699226,0.15181212624231202,11.222970297029702,0.058088063163719166,53.94437185929648,0.6013177262213499,0.03720930232558143,0.9879262108564126,0.5451865981121826,0.4465661364900029,0.05367231638418079,0.03488151658767773,0.07153308405137376,0.7412033368216351,0.36488977716419635,0.4794798541420379,Asset Management,Financial Services,TROW
2019Q2,2019,Q2,2019-07-24,2019-06-30,527500000.0,1395200000.0,615100000.0,2.15,814200000.0,0.583572247706422,8912300000.0,6579100000.0,2422200000.0,245400000.0,1320900000.0,0.0,5915900000.0,25724895000.0,24077395000.0,27.889359898261976,9.87041564792176,0.017380474176138597,0.02354425377331246,0.06711129482476655,27.889359898261976,0.08017813986715508,18.438141485091744,12.191893364928909,3.9100933258348407,0.34729857819905213,0.0,0.007121506229665855,0.15654769251483905,9.87041564792176,0.059187863963286694,79.56973399319517,0.583572247706422,0.028708133971291894,0.9063299593474858,0.5664699667785503,0.3787083065603945,0.12272476558190844,0.02906749902458057,0.15511737089201877,1.8269190321864364,0.397777424577105,0.4165860147052773,Asset Management,Financial Services,TROW
2019Q1,2019,Q1,2019-04-24,2019-03-31,512600000.0,1327300000.0,532500000.0,2.09,725200000.0,0.546372334815038,8458900000.0,6311000000.0,2262000000.0,407500000.0,1261200000.0,0.0,5650800000.0,24440780000.0,22945280000.0,26.673710904480135,5.550920245398773,0.019139604440293657,0.025653620662335605,0.06046958316321171,26.673710904480135,0.08122326097290446,18.41390793339863,11.920005852516582,3.872726984630011,0.36012485368708547,0.0,0.007552950437751987,0.1569116551797515,5.550920245398773,0.06059889583752025,46.027834274952916,0.546372334815038,0.48226950354609927,0.8539707972706786,0.5302905768022045,0.37890778994811153,-0.02026479329910835,0.45666382495026997,-0.018071178314586024,0.8105755772266093,0.3921737150285586,0.3813351694309688,Asset Management,Financial Services,TROW
2018Q4,2018,Q4,2019-02-13,2018-12-31,351900000.0,1305000000.0,542300000.0,1.41,740200000.0,0.5672030651340996,7689300000.0,6124300000.0,1974800000.0,282700000.0,824700000.0,0.0,5464100000.0,22129104000.0,20703904000.0,25.54985398414685,6.985496993279094,0.0,0.0,0.06169390252161304,25.54985398414685,0.057459628039122836,16.957167816091953,15.721159420289855,3.6133278905344284,0.4887752202330207,0.0,0.00777256955365206,0.1697163590964067,6.985496993279094,0.04576489407358277,255.82779190751444,0.5672030651340996,-0.3869565217391304,0.3287777605218203,0.5247334065409252,0.38087253844292135,-0.10926594464500601,-0.39639794168096054,-0.15344989072744303,0.19451383820805035,0.27647798676305846,0.3236348126604426,Asset Management,Financial Services,TROW
2018Q3,2018,Q3,2018-10-25,2018-09-30,583000000.0,1394600000.0,640600000.0,2.3,831000000.0,0.5958697834504517,8530600000.0,6460500000.0,2673700000.0,330200000.0,1209500000.0,0.0,5788500000.0,26674008000.0,24583408000.0,26.60831960461285,8.097213809812235,0.0,0.0,0.07533555747075973,26.60831960461285,0.09024069344477982,19.12663702853865,11.4382538593482,4.128783840260042,0.29777015437392795,0.0,0.006508208290257692,0.16348205284505193,8.097213809812235,0.0683422033620144,51.87477246207701,0.5958697834504517,0.2994350282485875,1.2981070517168976,0.6801523869345799,0.5160049953119288,0.06497500961168781,0.29873022944976607,0.07718177232217925,1.189720017336535,0.3836642884177763,0.4387030049823834,Asset Management,Financial Services,TROW
2018Q2,2018,Q2,2018-07-25,2018-06-30,448900000.0,1345000000.0,594700000.0,1.77,780300000.0,0.5801486988847584,7882200000.0,6114600000.0,2048800000.0,276400000.0,1028400000.0,0.0,5435100000.0,28116998000.0,26632598000.0,25.246077621800165,7.412445730824891,0.0,0.0,0.07108817639073343,25.246077621800165,0.07341445065907827,20.9048312267658,15.658831588327022,4.598338076080202,0.3873914012029405,0.0,0.0061848708030636836,0.17063763923777625,7.412445730824891,0.05695110502144071,76.73853165938864,0.5801486988847584,0.0,0.9312140061275809,0.6783942271733039,0.5122461992689485,0.007879101007491604,-0.010579678201454706,0.01867077766358342,0.43345773486934003,0.3344606092788011,0.30980133340136157,Asset Management,Financial Services,TROW
2018Q1,2018,Q1,2018-04-25,2018-03-31,453700000.0,1328000000.0,583800000.0,1.77,774200000.0,0.5829819277108433,7374300000.0,5901900000.0,2275000000.0,401100000.0,925900000.0,0.0,5205000000.0,26377071000.0,24695671000.0,24.15841178878428,5.671902268760907,0.0,0.0,0.07510723313337597,24.15841178878428,0.07687354919602161,19.862252259036143,14.534423076923076,4.469250749758553,0.3852766145029755,0.0,0.006626967793353553,0.18008488941323245,5.671902268760907,0.061524483679806896,54.46432170142474,0.5829819277108433,0.27338129496402885,0.9723026043819761,0.7120176985119747,0.5111507154951745,-0.03442254926415565,0.30711610486891383,0.09943502824858758,0.5523194091853222,0.3693062586465074,0.249456443374349,Asset Management,Financial Services,TROW
2017Q4,2017,Q4,2018-02-16,2017-12-31,347100000.0,1286100000.0,531000000.0,1.39,801800000.0,0.6234351916647228,7534700000.0,5824400000.0,2459400000.0,283800000.0,717500000.0,0.0,4932900000.0,25634399000.0,23731699000.0,23.841178878428163,8.665961945031713,0.0,0.0,0.0556802873090522,23.841178878428163,0.05959412128287892,19.931886322991993,18.463266349755113,4.401208536501614,0.40996830884471336,0.0,0.00555113462968256,0.17069027300357015,8.665961945031713,0.04606686397600435,-142.17636716583473,0.6234351916647228,-0.10897435897435907,0.5732845074597374,0.7178099900388583,0.592469996585683,0.04550788890337723,-0.11204911742133537,-0.03190519598906107,0.16353097537433733,0.3320694222642445,0.14318523425440502,Asset Management,Financial Services,TROW
2017Q3,2017,Q3,2017-10-26,2017-09-30,390900000.0,1221700000.0,548500000.0,1.56,766900000.0,0.6277318490627813,7379600000.0,5528000000.0,2377300000.0,210300000.0,897800000.0,0.0,4728200000.0,21783195000.0,19913795000.0,23.004577611319185,11.304327151688065,0.0,0.0,0.06512762215822698,23.004577611319185,0.07071273516642547,17.830232462961447,13.931437068303914,3.94052007959479,0.3591711435149655,0.0,0.0064453354983050005,0.16555097837281155,11.304327151688065,0.05297035069651471,130.36023339317774,0.6277318490627813,0.040000000000000036,0.6642106788269616,0.6711284684798371,0.5082427986378901,0.04853705222860268,0.045466702326825356,0.080575256107171,0.3914963838021972,0.2934275027819197,0.14285773422469486,Asset Management,Financial Services,TROW
2017Q2,2017,Q2,2017-07-25,2017-06-30,373900000.0,1171600000.0,507600000.0,1.5,731400000.0,0.6242744964151588,6532600000.0,5168600000.0,2030900000.0,201800000.0,736400000.0,0.0,4477600000.0,17795558000.0,16253358000.0,21.553794829024188,10.06392467789891,0.0,0.0,0.06181614075379495,21.553794829024188,0.07234067252253995,15.18910720382383,11.898607916555228,3.4430131950624925,0.3730944102701257,0.0,0.007839034887245458,0.17934666135994856,10.06392467789891,0.05723601628754248,-209.35950588235295,0.6242744964151588,-0.025974025974025997,0.9105673973959603,0.6803013550017702,0.4931739323294684,0.07400881057268723,-0.031096138896087068,-0.02702702702702703,0.3292596948296241,0.29402816885655236,0.0655101471341409,Asset Management,Financial Services,TROW
2017Q1,2017,Q1,2017-04-25,2017-03-31,385900000.0,1113600000.0,521700000.0,1.54,681000000.0,0.6115301724137931,6275600000.0,5000200000.0,2063300000.0,447200000.0,816300000.0,0.0,4302700000.0,16499115000.000002,14918315000.000002,20.653448988021477,4.613819320214669,0.0,0.0,0.065613420696406,20.653448988021477,0.07717691292348305,14.816015625000002,10.688724410469035,3.299691012359506,0.36512049753822234,0.0,0.00853985198600046,0.17744916820702403,4.613819320214669,0.061492128242717825,116.51917372881357,0.6115301724137931,-0.006451612903225812,1.0878981904119542,0.6329846109476078,0.47187329638333814,0.010235870048954161,0.016061084781463928,-0.07385052369962719,0.36401459298180033,0.25474069210560957,0.06768802439466226,Asset Management,Financial Services,TROW
2016Q4,2016,Q4,2017-02-07,2016-12-31,379800000.0,1091200000.0,563300000.0,1.55,674100000.0,0.6177602639296188,6225000000.0,5008600000.0,1660000000.0,220100000.0,529200000.0,0.0,4293600000.0,18220446000.0,17015546000.0,20.688145394465096,7.542026351658337,0.0,0.0,0.07168155221325143,20.688145394465096,0.07582957313420916,16.69762280058651,11.99344786729858,3.63783212873857,0.35334386519220645,0.0,0.00736535208852736,0.17529317269076305,7.542026351658337,0.06101204819277108,-136.4827415730337,0.6177602639296188,0.2109375,1.154148809382868,0.7361822390395337,0.5645988287625691,0.006119402985074627,0.1586333129957291,0.18414967416438932,0.41991154044446866,0.2622954184228504,0.11811565984905058,Asset Management,Financial Services,TROW
2016Q3,2016,Q3,2016-10-27,2016-09-30,327800000.0,1092900000.0,475700000.0,1.28,670000000.0,0.6130478543325099,6723500000.0,4833700000.0,1847900000.0,245400000.0,775900000.0,0.0,4096900000.0,16332400000.0,14931400000.0,19.681188925081432,7.530154849225754,0.0,0.0,0.06328807851260587,19.681188925081432,0.06781554502761859,14.944093695672064,12.45607077486272,3.378860913999628,0.411836485661989,0.0,0.008265778452646274,0.16254926749460846,7.530154849225754,0.048754369004238865,61.307807807807805,0.6130478543325099,0.6842105263157895,0.8253961912956445,0.6616784521502493,0.5271340929450573,0.049992164237580315,0.6784434203789043,0.6779541446208113,0.27741193582712415,0.30166659116322436,0.12133276988031683,Asset Management,Financial Services,TROW
2016Q2,2016,Q2,2016-07-26,2016-06-30,195300000.0,1044700000.0,283500000.0,0.76,638100000.0,0.6107973580932325,6581700000.0,4860900000.0,1702600000.0,189500000.0,610400000.0,0.0,4081200000.0,18016293000.0,16741093000.0,19.687727825030375,8.984696569920844,0.0,0.0,0.03646504208622335,19.687727825030375,0.04017774486206258,17.24542260936154,23.062331029185867,3.706369808060236,0.6948284690220174,0.0,0.007532071109189888,0.15872798820973305,8.984696569920844,0.02967318473950499,-129.5204385334292,0.6107973580932325,-0.3391304347826086,-0.0030278729326204943,0.5295881626578994,0.4883479192621415,0.054710743801652896,-0.3384146341463415,-0.3100511073253833,-0.17579339745041905,0.27884036665443956,0.17929969247717042,Asset Management,Financial Services,TROW
2016Q1,2016,Q1,2016-04-26,2016-03-31,295200000.0,994100000.0,410900000.0,1.15,605000000.0,0.6085906850417463,6203900000.0,4763800000.0,1751000000.0,340300000.0,615000000.0,0.0,4021800000.0,18122582000.0,16799682000.0,19.310093230644508,5.145459888333823,0.0,0.0,0.05293532609505288,19.310093230644508,0.06196733699987405,18.230139824967306,15.347715108401085,3.8042281372013935,0.4603658536585366,0.0,0.007498931443654111,0.1602379148600074,5.145459888333823,0.04758297200148294,638.1190845070422,0.6085906850417463,-0.049586776859504175,0.5876713418772189,0.5246780361261026,0.5124726443659675,-0.08068682571037836,-0.026385224274406333,-0.09692307692307692,0.27079483074893673,0.2690962658794009,0.20787994909972585,Asset Management,Financial Services,TROW
2015Q4,2015,Q4,2016-02-05,2015-12-31,303200000.0,1052200000.0,455000000.0,1.21,658100000.0,0.6254514350883862,5106900000.0,4762000000.0,1618300000.0,191800000.0,344900000.0,0.0,3970700000.0,17636583000.0,16464283000.0,19.302796919335226,8.437434827945777,0.0,0.0,0.05812636556257639,19.302796919335226,0.0636707265854683,16.761626116707852,14.542037434036938,3.703608357832843,0.4346965699208443,0.0,0.0074731029247558905,0.20603497229238874,8.437434827945777,0.05937065538780865,179.5986048879837,0.6254514350883862,0.14150943396226406,0.6562305099547852,0.7007701035913442,0.5119011571583059,0.042121931908155184,0.09418982316853122,-0.007200523674449051,0.36093118823644527,0.3917236288215676,0.2893290680370296,Asset Management,Financial Services,TROW
2015Q3,2015,Q3,2015-10-22,2015-09-30,277100000.0,1049000000.0,458300000.0,1.06,631500000.0,0.602001906577693,5266600000.0,4673600000.0,1595800000.0,187500000.0,593000000.0,0.0,3881200000.0,17562650000.0,16398250000.0,18.494657696873762,8.510933333333334,0.0,0.0,0.05925169696169803,18.494657696873762,0.05929048271140021,16.742278360343185,15.84504691447131,3.757841920575146,0.47888848791050165,0.0,0.0075558073525350666,0.19917973645236015,8.510933333333334,0.052614590058102,39.019440124416796,0.602001906577693,-0.1451612903225806,0.6568324075150994,0.8096285082717297,0.5420261850774201,-0.06152474364690147,-0.1683673469387755,-0.09747932256794013,0.12183165044370776,0.36448661844569225,0.21256015893365005,Asset Management,Financial Services,TROW
2015Q2,2015,Q2,2015-07-23,2015-06-30,333200000.0,1072400000.0,507800000.0,1.24,672900000.0,0.6274710928757926,5415500000.0,4967100000.0,1718600000.0,180500000.0,448400000.0,0.0,4141900000.0,20031021000.0,18761821000.0,19.27473806752037,9.521329639889197,0.0,0.0,0.0629880411927048,19.27473806752037,0.06708139558293572,18.678684259604626,15.029277460984396,4.032739626743976,1.978091236494598,0.0,0.03290396430616292,0.19802418982550088,9.521329639889197,0.061527098144215676,65.82655603023332,0.6274710928757926,0.09734513274336293,1.106286991574337,0.8608948978325892,0.6817278981629978,0.04650077760497667,0.07657512116316639,0.06278777731268313,0.5843336643376273,0.4311968777505174,0.3352885959619613,Asset Management,Financial Services,TROW
2015Q1,2015,Q1,2015-04-22,2015-03-31,309500000.0,1027000000.0,477800000.0,1.13,643000000.0,0.626095423563778,5962000000.0,5002000000.0,2257700000.0,818700000.0,960000000.0,0.0,4099700000.0,20949526000.0,19139126000.0,19.33513722458446,2.757664590203982,0.0,0.0,0.05858897027792132,19.33513722458446,0.06187524990003999,20.398759493670887,16.92207269789984,4.188229908036785,0.4374798061389338,0.0,0.006463153390678147,0.17225763166722577,2.757664590203982,0.05191211003019121,41.69059900497513,0.626095423563778,-0.05042016806722694,1.018966122720187,0.8428893839929601,0.6602921385439183,-0.006796416434970652,-0.02025957581513137,-0.004583333333333333,0.5670886075949365,0.4093591327020723,0.37792347318255687,Asset Management,Financial Services,TROW
2014Q4,2014,Q4,2015-02-05,2014-12-31,315900000.0,1022400000.0,480000000.0,1.19,647400000.0,0.6332159624413145,5644400000.0,5395200000.0,1948900000.0,167000000.0,249200000.0,0.0,4450100000.0,22211982000.0,20705882000.0,20.855044453034402,11.67005988023952,0.0,0.0,0.054173057452593855,20.855044453034402,0.058552046263345196,21.725334507042252,17.578333333333333,4.116989546263345,0.3637226970560304,0.0,0.005172883716545422,0.18113528452979943,11.67005988023952,0.05596697611792219,702.9108227848101,0.6332159624413145,0.062499999999999854,1.0674717851552846,0.865150732925909,0.8682855033562842,0.0163265306122449,0.040513833992094864,-0.01780233271945979,0.676751592356688,0.5223347230494341,0.5772210366299294,Asset Management,Financial Services,TROW
2014Q3,2014,Q3,2014-10-23,2014-09-30,303600000.0,1020800000.0,488700000.0,1.12,637000000.0,0.6240203761755486,5768000000.0,5227500000.0,2068100000.0,173200000.0,540500000.0,0.0,4249100000.0,20360480000.0,18715980000.0,20.128994994224104,11.940531177829099,0.0,0.0,0.05746600927295792,20.128994994224104,0.05807747489239598,19.94561128526646,16.765876152832675,3.8948790052606412,0.3804347826086957,0.0,0.005672754276912921,0.1769764216366158,11.940531177829099,0.05263522884882108,43.542514970059884,0.6240203761755486,-0.008849557522123706,1.2527573489466488,1.020978756625968,0.8816058758334099,0.023293172690763052,-0.007194244604316547,0.032974001268230815,0.5988450285265914,0.4677890262864162,0.5618809732183311,Asset Management,Financial Services,TROW
2014Q2,2014,Q2,2014-07-24,2014-06-30,305800000.0,984300000.0,473100000.0,1.13,622500000.0,0.632429137458092,5669000000.0,5273600000.0,2130300000.0,151300000.0,395400000.0,0.0,4061000000.0,22005687000.0,20301387000.0,20.22861526658995,14.079973562458692,0.0,0.0,0.054955184059057596,20.22861526658995,0.057986953883495146,22.3566869856751,17.990260791366904,4.172801691444175,0.3790058862001308,0.0,0.005266820345122604,0.17362850590933146,14.079973562458692,0.0539424942670665,107.7653623898139,0.632429137458092,0.008928571428571237,1.993485232067511,1.1789556246386022,1.0008304391433493,0.0340531561461794,0.004929346040092014,0.053440213760855046,0.478421648228652,0.3648674076148656,0.5292377926571165,Asset Management,Financial Services,TROW
2014Q1,2014,Q1,2014-04-24,2014-03-31,304300000.0,954600000.0,449100000.0,1.12,602000000.0,0.6306306306306306,5462900000.0,5037200000.0,2159000000.0,292600000.0,425700000.0,0.0,3871100000.0,21443940000.0,19704640000.0,19.344086021505376,7.378673957621326,0.0,0.0,0.05523285016803969,19.344086021505376,0.06041054554117367,22.46379635449403,17.617433453828458,4.257115063924402,0.3805455142951035,0.0,0.005400127028894877,0.17474235296271212,7.378673957621326,0.05570301488220542,46.44561403508772,0.6306306306306306,0.04672897196261686,5.192055312286874,1.4350338281207864,1.0078353124817008,0.004672897196261682,0.05769899200556135,0.02044989775051125,0.5505092963154162,0.3870677359927825,0.5151351465956888,Asset Management,Financial Services,TROW
2013Q4,2013,Q4,2014-02-04,2013-12-31,287700000.0,929800000.0,440100000.0,1.07,599200000.0,0.6444396644439665,5033100000.0,4818100000.0,1796800000.0,142600000.0,215000000.0,0.0,3682800000.0,21813708000.0,20415708000.0,18.502688172043012,12.600280504908836,0.0,0.0,0.055700293594930145,18.502688172043012,0.0597123347377597,23.46064530006453,18.955255474452557,4.527450239721051,0.3461939520333681,0.0,0.004565936245227084,0.18473704078997039,12.600280504908836,0.057161590272396735,499.1695194508009,0.6444396644439665,0.07000000000000006,10.612173105004645,1.192706653976035,0.898740983260923,0.06505510131532172,0.06437291897891231,0.033341159896689364,0.4888797225402382,0.4238525820092641,0.44923224208145174,Asset Management,Financial Services,TROW
2013Q3,2013,Q3,2013-10-24,2013-09-30,270300000.0,884400000.0,425900000.0,1.0,562600000.0,0.6361374943464496,5126800000.0,4540600000.0,2058900000.0,273500000.0,586200000.0,0.0,3494700000.0,18608291000.0,16914991000.0,17.551604174719753,7.527970749542962,0.0,0.0,0.057951193360223,17.551604174719753,0.05952957758886491,21.040582315694255,17.21077598964114,4.0982008985596625,0.36773954864964853,0.0,0.005341704942167983,0.17250526644300537,7.527970749542962,0.0527229460872279,46.83687641580669,0.6361374943464496,0.08695652173913039,0.7689790575916232,0.59408795962509,0.7092414831545266,0.045919315857966166,0.09079903147699758,0.06795386158475426,0.5786902030509185,0.49029240542085417,0.46339735890905126,Asset Management,Financial Services,TROW
2013Q2,2013,Q2,2013-07-24,2013-06-30,247800000.0,854300000.0,398800000.0,0.92,537900000.0,0.6296383003628702,4798900000.0,4310500000.0,1822400000.0,276600000.0,488400000.0,0.0,3323800000.0,19021594000.0,17565694000.0,16.69442292796282,6.588575560375994,0.0,0.0,0.05728642464523451,16.69442292796282,0.05748753044890384,22.265707596862928,19.190470137207427,4.4128509453659674,0.39951573849878935,0.0,0.005204611138267382,0.17801996290816646,6.588575560375994,0.05163683344099689,76.14729383506806,0.6296383003628702,0.010989010989010999,0.5360271862204524,0.4645049371245483,0.6340668848876961,0.05387931034482758,0.024390243902439025,0.0703166935050993,0.5634069400630916,0.4795635607897472,0.4565944649072414,Asset Management,Financial Services,TROW
2013Q1,2013,Q1,2013-04-24,2013-03-31,241900000.0,815700000.0,372600000.0,0.91,510400000.0,0.6257202402844183,4610600000.0,4107000000.0,1650500000.0,367800000.0,503600000.0,0.0,3175000000.0,19077394000.0,17791494000.0,15.986765278318412,4.487493202827624,0.0,0.0,0.056142060211670876,15.986765278318412,0.058899439980521065,23.387757754076254,19.7161988424969,4.64509228147066,0.40801984291029353,0.0,0.005173662608215776,0.17691840541361212,4.487493202827624,0.052466056478549426,43.69535959688502,0.6257202402844183,0.03409090909090912,0.6265329063073689,0.4862114006140242,0.62267248704027,2.432098765432099,0.04267241379310345,0.03156146179401993,0.5890463724090907,0.4739800702341375,0.37277022676571026,Asset Management,Financial Services,TROW
2012Q4,2012,Q4,2013-02-05,2012-12-31,232000000.0,787300000.0,361200000.0,0.88,-356400000.0,-0.4526863965451543,4202800000.0,3846100000.0,1233000000.0,265900000.0,356700000.0,0.0,3031800000.0,16728582989.999998,15849482989.999998,14.971195017516543,4.637081609627679,0.0,0.0,0.05762467344735898,14.971195017516543,0.060320844491822886,21.248041394639905,18.026490290948274,4.349492470294584,1.4814655172413793,0.0,0.020545673247127794,0.18732749595507756,4.637081609627679,0.055201294375178456,812.0671354368931,-0.4526863965451543,-0.06382978723404249,0.2393013141438917,0.34160280962725537,0.41081046274317784,-1.4630375470962713,-0.06186817630408411,0.006408470325996099,0.529009820750563,0.4463242580095522,0.34118470387994276,Asset Management,Financial Services,TROW
2012Q3,2012,Q3,2012-10-24,2012-09-30,247300000.0,769700000.0,358900000.0,0.94,769700000.0,1.0,4405600000.0,3858900000.0,1567200000.0,386000000.0,546700000.0,0.0,3143600000.0,15987070000.0,14752070000.0,15.252569169960474,4.060103626943005,0.0,0.0,0.057457729476222026,15.252569169960474,0.06408562025447666,20.770520982200857,16.161615446825717,4.142908600896629,0.3501819652244238,0.0,0.005416877514141116,0.17470946068639912,4.060103626943005,0.0561331033230434,46.01919976971791,1.0,0.18987341772151886,0.4773894049438772,0.4076596775644975,0.5067222937758673,0.12908904210063077,0.1958413926499033,0.09420731707317073,0.8835978788771017,0.5642061969872869,0.4257703268339151,Asset Management,Financial Services,TROW
2012Q2,2012,Q2,2012-07-25,2012-06-30,206800000.0,736800000.0,328000000.0,0.79,681700000.0,0.9252171552660152,4116900000.0,3657800000.0,2257700000.0,293600000.0,459100000.0,0.0,2983000000.0,15954064000.0,14981764000.0,14.434885556432517,7.689713896457766,0.0,0.0,0.05528933472658701,14.434885556432517,0.056536716058833175,21.65318132464712,19.286827852998066,4.361655640002187,0.41731141199226307,0.0,0.005409280043003463,0.17896961305836917,7.689713896457766,0.050231970657533584,75.71933554817275,0.9252171552660152,0.05333333333333338,0.3353465617296505,0.40027557713732337,0.452078469725653,0.007835600236546423,0.04708860759493671,0.03731815306767868,1.0826898184688238,0.67805015962021,0.42776744854911763,Asset Management,Financial Services,TROW
2012Q1,2012,Q1,2012-04-24,2012-03-31,197500000.0,728700000.0,316200000.0,0.75,676400000.0,0.9282283518594758,4076900000.0,3630100000.0,2262800000.0,275400000.0,446800000.0,0.0,2875900000.0,16893110000.0,15789610000.0,14.032083494395053,8.216412490922295,0.0,0.0,0.0535426239952286,14.032083494395053,0.05440621470482907,23.182530533827364,21.383683544303796,4.65362111236605,0.43949367088607594,0.0,0.005138189474880588,0.17873874757781646,8.216412490922295,0.04844367043587039,68.33782362459547,0.9282283518594758,0.0714285714285715,0.4178796225840406,0.4704413856488154,0.46112482713922115,0.4033195020746888,0.048301486199575375,0.07697547683923706,3.045242169994563,0.8710133643108006,0.45647164287917436,Asset Management,Financial Services,TROW
2011Q4,2011,Q4,2012-02-03,2011-12-31,188400000.0,671600000.0,293600000.0,0.7,482000000.0,0.7176891006551519,3770300000.0,3420700000.0,1202400000.0,176100000.0,349600000.0,0.0,2765200000.0,14732965000.0,13835065000.0,13.222651720139158,6.82793867120954,0.0,0.0,0.05275838383632211,13.222651720139158,0.05507644634139211,21.937112864800476,19.55011279193206,4.307002952612039,0.4171974522292994,0.0,0.005334975003334359,0.17812906134790335,6.82793867120954,0.04996949844839933,-591.6853413654618,0.7176891006551519,-0.014084507042253534,0.29713311415925364,0.40882349526663825,0.4459976787362202,-0.2905504857226965,0.015633423180592992,-0.005420054200542005,6.654187366080163,0.5942125780473568,0.35690503428300424,Asset Management,Financial Services,TROW
2011Q3,2011,Q3,2011-10-25,2011-09-30,185500000.0,679400000.0,295200000.0,0.71,679400000.0,1.0,3839600000.0,3269600000.0,1297200000.0,397000000.0,570000000.0,0.0,2655400000.0,12119249000.0,11117849000.0,12.887662593614506,3.267506297229219,0.0,0.0,0.056486015998574016,12.887662593614506,0.05673476877905554,17.838164556962024,16.333219676549867,3.7066457670663078,0.42371967654986525,0.0,0.006485550383526239,0.17694551515782894,3.267506297229219,0.048312324200437545,38.657891547049445,1.0,-0.06578947368421058,0.4963692664886998,0.5590368574898789,0.4917306244406478,-0.04805940871514642,-0.09379579872984856,-0.09614206981016533,0.23793123551541895,0.2487199540527659,0.2550492426004414,Asset Management,Financial Services,TROW
2011Q2,2011,Q2,2011-07-26,2011-06-30,204700000.0,713700000.0,326600000.0,0.76,713700000.0,1.0,3882400000.0,3412800000.0,1538500000.0,302700000.0,469600000.0,0.0,2744200000.0,15567720000.0,14545020000.0,13.227906976744187,5.082590023125206,0.0,0.0,0.05896897200128821,13.227906976744187,0.059980075011720584,21.81269440941572,19.01284807034685,4.561568213783404,0.39081582804103565,0.0,0.005138838571094546,0.18382958994436432,5.082590023125206,0.052725118483412325,61.48388625592417,1.0,0.05555555555555561,0.5479144007509347,0.6422143980652616,0.6321120056739609,0.04586752637749121,0.051901336073997946,0.048475120385232745,0.26984868905265774,0.22442633676321888,0.2947608216434623,Asset Management,Financial Services,TROW
2011Q1,2011,Q1,2011-04-21,2011-03-31,194600000.0,682400000.0,311500000.0,0.72,682400000.0,1.0,3642000000.0,3296500000.0,1121000000.0,185100000.0,345500000.0,0.0,2599400000.0,17149644000.0,16336544000.0,12.767234701781565,6.056185845488925,0.0,0.0,0.05830235773015346,12.767234701781565,0.05903230699226452,25.131365767878076,22.031916752312434,5.202379493402093,0.4146968139773895,0.0,0.004705637038296538,0.1873695771554091,6.056185845488925,0.05343218012081274,52.88203515263645,1.0,0.0,0.7052629134833526,0.6253763028262174,0.5524180523933718,0.10384988676803623,0.015657620041753653,0.10148514851485149,0.30190018227229404,0.23707779225243178,0.2958869493294943,Asset Management,Financial Services,TROW
2010Q4,2010,Q4,2011-02-08,2010-12-31,191600000.0,647500000.0,282800000.0,0.72,618200000.0,0.9547490347490347,3642000000.0,3296500000.0,1121000000.0,185100000.0,345500000.0,0.0,2599400000.0,16664228000.000002,15851128000.000002,12.767234701781565,6.056185845488925,0.0,0.0,0.05512063228249623,12.767234701781565,0.05812225087213711,25.73625945945946,21.743512526096033,5.055127559532838,0.3653444676409186,0.0,0.004200614633933237,0.17778693025809994,6.056185845488925,0.05260845689181768,3545.5804255319154,0.9547490347490347,0.12499999999999993,0.6667762296132197,0.6436142993109848,0.6555815859477504,0.1082825385442811,0.13305736250739209,0.07980145093547156,0.018338812081706367,0.09782052654206656,0.20312027707185032,Asset Management,Financial Services,TROW
2010Q3,2010,Q3,2010-10-22,2010-09-30,169100000.0,586100000.0,261900000.0,0.64,557800000.0,0.9517147244497526,3563300000.0,3064400000.0,1085600000.0,335200000.0,498900000.0,0.0,2477600000.0,12791607500.0,11981207500.0,11.993737769080235,3.2386634844868736,0.0,0.0,0.05336849949011828,11.993737769080235,0.05518209111082104,21.824957345162943,18.91130617977528,4.17426168254797,0.4086339444115908,0.0,0.00540197938374829,0.16448236185558332,3.2386634844868736,0.047456009878483425,56.62508853474989,0.9517147244497526,0.08474576271186449,0.47922998204204303,0.5344626303081008,0.6321701786266551,0.011240029006526469,0.06687697160883281,0.03476886606084552,0.0003318301710202777,0.061396184124394765,0.18479922175771102,Asset Management,Financial Services,TROW
2010Q2,2010,Q2,2010-07-23,2010-06-30,158500000.0,577400000.0,253100000.0,0.59,551600000.0,0.9553169379979217,3403000000.0,2959300000.0,992200000.0,280800000.0,443700000.0,0.0,2410800000.0,11461498000.0,10726398000.0,11.461270333075136,3.5334757834757835,0.0,0.0,0.052747185848583136,11.461270333075136,0.05355996350488291,19.850187045375822,18.078072555205047,3.8730436251816305,0.44037854889589906,0.0,0.006089954384671183,0.16967381722009992,3.5334757834757835,0.046576550102850424,75.15736393442623,0.9553169379979217,0.03508771929824565,0.5511375027074278,0.5970409216016284,0.6521237315331473,0.039773798303487276,0.03594771241830065,0.06032677000418936,0.004437913621858897,0.07693886222344413,0.1529474079513859,Asset Management,Financial Services,TROW
2010Q1,2010,Q1,2010-04-23,2010-03-31,153000000.0,556200000.0,238700000.0,0.57,530500000.0,0.9537935994246673,3392400000.0,3006900000.0,1023100000.0,225300000.0,385500000.0,0.0,2323100000.0,14193254000.0,13429154000.0,11.64562354763749,4.541056369285397,0.0,0.0,0.049777724348751974,11.64562354763749,0.050882969170906914,25.518256023013304,23.191591503267972,4.720228141940204,0.45751633986928103,0.0,0.0049319204743323835,0.16395472232048108,4.541056369285397,0.04510081358330385,61.25703064307294,0.9537935994246673,0.0,0.63718738691594,0.5717419336249926,0.7294729278287037,0.01921229586935639,0.003278688524590164,0.038729329852045254,0.10053506024102925,0.1245276108092033,0.21262888007807185,Asset Management,Financial Services,TROW
2009Q4,2009,Q4,2010-02-05,2009-12-31,152500000.0,547100000.0,229800000.0,0.57,520500000.0,0.9513800036556388,3210300000.0,2882200000.0,989500000.0,166800000.0,328100000.0,0.0,2240100000.0,13749150000.0,13005850000.0,11.162664601084431,5.932254196642686,0.0,0.0,0.05066225452779128,11.162664601084431,0.052910970786204985,25.13096326082983,22.539590163934424,4.77036638678787,0.42360655737704916,0.0,0.004698472269194823,0.17042020994922594,5.932254196642686,0.04750334859670436,360.87007874015745,0.9513800036556388,0.1399999999999999,0.5842085321505678,0.5978132289640903,0.7134456689151765,0.10252065240415166,0.1474793077501881,0.1085383502170767,0.05199501646488464,0.1498807509931527,0.22072239693757814,Asset Management,Financial Services,TROW
2009Q3,2009,Q3,2009-10-23,2009-09-30,132900000.0,498100000.0,207300000.0,0.5,472100000.0,0.9478016462557719,3161000000.0,2739700000.0,962400000.0,421300000.0,421300000.0,0.0,2152000000.0,11703770000.0,10964470000.0,10.697774306911363,2.28435793971042,0.0,0.0,0.04732191802880951,10.697774306911363,0.048508960835127936,23.496827946195545,22.016121143717083,4.271916633208016,0.48382242287434163,0.0,0.005493956220944191,0.15757671622904143,2.28435793971042,0.042043657070547295,73.56235072281584,0.9478016462557719,0.3157894736842105,0.6026110767612572,0.5674904825638066,0.7404823356405268,0.1299664911440881,0.329,0.3469785575048733,0.06201520713454329,0.1322915609563811,0.23825382850113322,Asset Management,Financial Services,TROW
2009Q2,2009,Q2,2009-07-24,2009-06-30,100000000.0,442200000.0,153900000.0,0.38,417800000.0,0.9448213478064225,2956400000.0,2580100000.0,865400000.0,207500000.0,376300000.0,0.0,2083600000.0,10634184000.0,9966784000.0,10.110109717868339,4.170602409638554,0.0,0.0,0.03686579160675876,10.110109717868339,0.038758187667144686,24.048358208955225,26.58546,4.121616991589473,0.641,0.0,0.006027730947668388,0.14957380598024625,4.170602409638554,0.033824922202678936,110.88825860271116,0.9448213478064225,1.0,0.2397958211257084,0.4209793498972439,0.7138693746134008,0.16346421609579503,1.0746887966804979,0.391500904159132,-0.23551646917780686,0.028660190639217844,0.24742572488782968,Asset Management,Financial Services,TROW
2009Q1,2009,Q1,2009-04-22,2009-03-31,48200000.0,384500000.0,110600000.0,0.19,359100000.0,0.9339401820546164,2792500000.0,2460600000.0,789300000.0,156400000.0,331900000.0,0.0,2047700000.0,7370844000.0,6749044000.0,9.634299138606108,5.046675191815857,0.0,0.0,0.029041718938187005,9.634299138606108,0.019588718198813297,19.169945383615083,38.23051867219917,2.9955474274567178,1.3257261410788381,0.0,0.008669292146191127,0.13769024171888988,5.046675191815857,0.017260519247985676,67.87149171270718,0.9339401820546164,1.0212765957446808,-0.3845980063790387,0.23882592775694958,0.711109367333087,-0.07875833760903027,0.9835390946502057,-0.0859504132231405,-0.5729970314103432,-0.0741372861183722,0.17147215151006676,Asset Management,Financial Services,TROW
2008Q4,2008,Q4,2009-02-06,2008-12-31,24300000.0,415900000.0,121000000.0,0.094,389800000.0,0.9372445299350806,2819400000.0,2488800000.0,796400000.0,172800000.0,330600000.0,0.0,2086800000.0,9051376000.0,8432276000.0,9.74471417384495,4.608796296296297,0.0,0.0,0.028885396797702606,9.74471417384495,0.00976374156219865,21.763346958403464,93.12115226337447,3.636843458694953,2.5473251028806585,0.0,0.006838739214899481,0.14751365538767114,4.608796296296297,0.00861885507554799,-214.4875829383886,0.9372445299350806,-0.8321428571428572,-0.6504614148542144,0.4564993364224991,0.8490526957973227,-0.26327726327726325,-0.8409685863874345,-0.4932998324958124,-0.7862907047765542,0.06729482471250386,0.2636385030417346,Asset Management,Financial Services,TROW
2008Q3,2008,Q3,2008-10-24,2008-09-30,152800000.0,554800000.0,238800000.0,0.56,529100000.0,0.9536770007209805,3122500000.0,2656500000.0,1087200000.0,338400000.0,466000000.0,0.0,2245700000.0,13894777000.0,13042077000.0,10.268650947042907,3.2127659574468086,0.0,0.0,0.05617835174516956,10.268650947042907,0.057519292301901,25.044659336697908,22.733601112565445,5.230482589873894,0.40706806282722513,0.0,0.004476502213745496,0.1776781425140112,3.2127659574468086,0.048935148118494795,57.84669858451291,0.9536770007209805,-0.06666666666666654,1.209884442163637,1.0529095735483522,1.0131388506295882,-0.05787037037037037,-0.05795314426633785,-0.0765661252900232,0.32010939908371794,0.4345494491333449,0.3974113969456148,Asset Management,Financial Services,TROW
2008Q2,2008,Q2,2008-07-25,2008-06-30,162200000.0,586500000.0,258600000.0,0.6,561600000.0,0.957544757033248,3049800000.0,2652200000.0,943300000.0,284600000.0,397600000.0,0.0,2203900000.0,14659612000.0,13978412000.0,10.216486902927581,3.314476458186929,0.0,0.0,0.05936614919723283,10.216486902927581,0.06115677550712616,24.99507587382779,22.594963008631318,5.527340321242741,0.3840937114673243,0.0,0.004249771412776818,0.19230769230769232,3.314476458186929,0.053183815332152926,85.72872514619883,0.957544757033248,0.09090909090909079,1.8467450037569533,1.3230932203389834,1.1012473281215047,0.051685393258426963,0.07062706270627063,0.12385919165580182,0.5787865986226612,0.6134623331016402,0.47269019704690274,Asset Management,Financial Services,TROW
2008Q1,2008,Q1,2008-04-24,2008-03-31,151500000.0,559100000.0,230100000.0,0.55,534000000.0,0.9551064210338043,2949400000.0,2578300000.0,869300000.0,253500000.0,371100000.0,0.0,2157600000.0,13085000000.0,12474800000.0,9.85212074894918,3.429191321499014,0.0,0.0,0.05532158332927601,9.85212074894918,0.05875964782996548,23.403684492935074,21.592409240924095,5.075049451188767,0.8323432343234324,0.0,0.009636988918609094,0.18956397911439615,3.429191321499014,0.051366379602631046,57.214691735898555,0.9551064210338043,-0.21428571428571416,2.6561896487289567,1.3833287756683206,1.1277056710723696,0.0,-0.20555846879916098,-0.12376237623762376,0.599455300316605,0.5588066978609912,0.46312269560385205,Asset Management,Financial Services,TROW
2007Q4,2007,Q4,2008-02-07,2007-12-31,190700000.0,597800000.0,262600000.0,0.7,0.0,0.0,3177300000.0,2777100000.0,0.0,0.0,400200000.0,0.0,2333400000.0,15932296000.0,15147196000.0,10.61176920137562,0.0,0.0,0.0,0.05978917476553935,10.61176920137562,0.068668755176263,26.65154901304784,20.886596748820136,5.737026394440243,0.23544834819087573,0.0,0.002818175107969372,0.18814716897995154,0.0,0.06001951342334687,569.0105714285714,0.0,0.11111111111111104,2.8653171503456707,1.4614311095013448,1.2919040509328192,0.0,0.09096109839816933,-0.004548900682335102,0.9545451748740819,0.7225336860030874,0.6288843772891022,Asset Management,Financial Services,TROW
2007Q3,2007,Q3,2007-10-23,2007-09-30,174800000.0,571000000.0,263800000.0,0.63,0.0,0.0,3148200000.0,2674500000.0,0.0,0.0,473700000.0,0.0,2248400000.0,15265476000.0,14417776000.0,10.123012869038607,0.0,0.0,0.0,0.0612049814001509,10.123012869038607,0.06535801084314825,26.73463397548161,21.832774599542336,5.707786876051598,0.2580091533180778,0.0,0.0029543788873664994,0.18137348326027572,0.0,0.05552379137284798,68.94975609756098,0.0,0.08620689655172423,2.7481897554695207,1.4015625580304494,1.2521262830386573,0.0,0.07768187422934648,0.050577459179609714,1.0432492711473893,0.741811863778812,0.6469710966551809,Asset Management,Financial Services,TROW
2007Q2,2007,Q2,2007-07-25,2007-06-30,162200000.0,551100000.0,251100000.0,0.58,0.0,0.0,3076500000.0,2638300000.0,0.0,0.0,438200000.0,0.0,2250800000.0,13771606000.0,12876406000.0,9.940844009042953,0.0,0.0,0.0,0.05874190468229075,9.940844009042953,0.06147898267823978,24.989305026311015,21.226273119605423,5.219878709775235,0.2786683107274969,0.0,0.003282115390173085,0.17913213066796685,0.0,0.052722249309280024,92.92581646423751,0.0,0.13725490196078421,1.9025700208826424,1.1657395993794135,1.238461423488333,0.0,0.1350594821553534,0.14709913202375513,0.9336629214023265,0.702860968115171,0.6851753917958511,Asset Management,Financial Services,TROW
2007Q1,2007,Q1,2007-04-25,2007-03-31,142900000.0,508400000.0,218900000.0,0.51,0.0,0.0,2957400000.0,2548800000.0,0.0,0.0,408600000.0,0.0,2154800000.0,12532188000.0,11621088000.0,9.60361718161266,0.0,0.0,0.0,0.053197918205760954,9.60361718161266,0.05606559949780289,24.650251770259636,21.924751574527644,4.91689736346516,0.31560531840447864,0.0,0.003598733118271127,0.1719077568134172,0.0,0.048319469804558056,58.343519553072625,0.0,-0.03773584905660381,1.5087926941217613,0.9544649937970798,1.092772213481573,0.0,-0.040971779470487565,0.018433222603727588,0.7557556060769769,0.5763021154802781,0.7056600675693686,Asset Management,Financial Services,TROW
