Quarters,Year,Quarter,FillingDate,Date,NetIncome,Revenue,OperatingIncome,EPSDiluted,GrossProfit,GrossProfitRatio,TotalAssets,CommonStockEquity,CurrentAssets,CurrentLiability,TotalLiability,Inventory,RetainedEarnings,MarketCap,EnterpriseValue,bookValuePerShare,currentRatio,debtToAssets,debtToEquity,roic,shareholdersEquityPerShare,roe,priceToSalesRatio,peRatio,pbRatio,payoutRatio,inventoryTurnover,dividendYield,assetTurnover,quickRatio,returnOnAssets,priceToFreeCashFlowsRatio,grossProfitMargin,epsdilutedGrowth,fiveYNetIncomeGrowthPerShare,fiveYRevenueGrowthPerShare,fiveYShareholdersEquityGrowthPerShare,grossProfitGrowth,netIncomeGrowth,operatingIncomeGrowth,threeYNetIncomeGrowthPerShare,threeYRevenueGrowthPerShare,threeYShareholdersEquityGrowthPerShare,Industry,Sector,Symbol
2023Q1,2023,Q1,2023-05-17,2023-03-31,5245870.0,0.0,-243910.0,0.15,-243910.0,0.0,261778424.0,251799932.0,354859.0,628492.0,9978492.0,0.0,-9624580.0,359729229.855,359687048.855,7.3041945784586595,0.5646197564965028,0.0,0.0,-0.00203180162310715,7.3041945784586595,0.02083348457774802,0.0,17.14344950670718,1.428631163629544,0.0,0.0,0.0,0.0,0.07288398261234828,0.02003935205905281,-5234.176231393775,0.0,-0.9999999970698683,0.0,0.0,0.0,0.5344935845196358,0.280924183085375,-0.11400371776075707,0.0,0.0,0.0,Shell Companies,Financial Services,EVE
2022Q4,2022,Q4,2023-04-14,2022-12-31,4095379.0,0.0,-218949.0,51192237.5,-523967.0,0.0,259151606.0,249298952.0,472932.0,502654.0,9852654.0,-3626.0,-9380669.0,269242000.0,269131092.0,9.53706778882938,0.9408698627684252,0.0,0.0,-0.0018557294582707774,9.53706778882938,0.016427582094288146,0.0,16.435719380306438,1.0799965175946669,0.0,-144.50275785990073,0.0,0.0,0.22785852693900774,0.015803023809931552,-2159.654765819891,0.0,1706407915.6666667,0.0,0.0,34902.00065261235,-1.6611493435587497,3.2581820752843464,-0.11200893877447371,0.0,0.0,34902.00065261235,Shell Companies,Financial Services,EVE
2022Q3,2022,Q3,2022-11-14,2022-09-30,961767.0,0.0,-196895.0,0.03,-196895.0,0.0,257188657.0,247360737.0,599038.0,477920.0,9827920.0,-2826.0,-9161720.0,347835929.96999997,347600352.96999997,7.175422724573803,1.2534273518580517,0.0,0.0,-0.0007969421750472812,7.175422724573803,0.0038881150325809385,0.0,90.41585175255545,1.4061889295308818,0.0,-69.6726822363765,0.0,0.0,0.4988345329762303,0.003739538948640336,-1447.1817817469232,0.0,1.9999999999999996,0.0,0.0,12567.765677310894,0.4053307157958321,1.8021472794813898,0.4053307157958321,0.0,0.0,12567.765677310894,Shell Companies,Financial Services,EVE
2022Q2,2022,Q2,2022-08-18,2022-06-30,343225.0,0.0,-331100.0,0.01,-331100.0,0.0,256336196.0,246398970.0,820392.0,587226.0,9937226.0,-2826.0,-8964825.0,341630730.03000003,341154799.03000003,7.147523855613265,1.3970634815215948,0.0,0.0,-0.06688087611656422,7.147523855613265,0.0013929644267587644,0.0,248.83875739675142,1.3864941482101163,0.0,-117.16206652512385,0.0,0.0,0.8152857673195669,0.001338964240539795,-4083.951728948501,0.0,1.0000016205826967,44.78146832446534,0.0,13735.020301785493,0.0,1.000001612808672,-0.08550970762381237,44.78146832446534,0.0,13735.020301785493,Shell Companies,Financial Services,EVE
2022Q1,2022,Q1,2022-05-23,2022-03-31,-212811975756.0,0.0,-305018.0,-6170.62,0.0,0.0,256173113.0,246392074.0,910460.0,431039.0,9781039.0,-2826.0,-8633724.0,341775485.4,341215902.4,7.144296643986275,2.112245063671733,0.0,0.0,-938.2917774055114,7.144296643986275,-863.7127497697024,0.0,-0.00040149935663379133,1.3871204533957533,0.0,0.0,0.0,0.0,1.3047752059558415,-830.7350184560547,-1792.1214692464998,0.0,0.0,0.0,0.0,0.0,0.0,0.0,0.0,0.0,0.0,0.0,Shell Companies,Financial Services,EVE
2021Q4,2021,Q4,2022-04-14,2021-12-31,0.0,0.0,0.0,0.0,0.0,0.0,1453.2839999999997,-8327.152,1130.028,430.436,9780.436,0.0,-8328.109,300850711.4526,300849961.1596,-0.00027326058309206475,2.625310150637958,0.0,0.0,,-0.00027326058309206475,0.0,0.0,0.0,-36128.884335556744,0.0,0.0,0.0,0.0,1.7431000195150965,0.0,-444.06598973654263,0.0,0.0,0.0,0.0,0.0,0.0,0.0,0.0,0.0,0.0,0.0,Shell Companies,Financial Services,EVE
2021Q3,2021,Q3,2021-09-30,2021-09-30,0.0,0.0,0.0,0.0,0.0,0.0,435676.0,17397.0,0.0,418279.0,418279.0,0.0,-7603.0,300850711.4526,300982667.4526,0.0005708931894185011,0.0,0.30287644947162573,7.584985917112146,,0.0005708931894185011,0.0,0.0,0.0,17293.25236837386,0.0,0.0,0.0,0.0,0.0,0.0,0.0,0.0,1.0,0.0,0.0,0.0,0.0,1.0,1.0,0.0,0.0,0.0,Shell Companies,Financial Services,EVE
2021Q2,2021,Q2,2021-06-30,2021-06-30,-7603.0,0.0,-7603.0,-0.000227,0.0,0.0,254531.0,17397.0,0.0,237134.0,237134.0,0.0,-7603.0,330073923.3758,330174089.3758,0.000520348958328504,0.0,0.393531632689142,5.757659366557452,-0.06467170793531979,0.000520348958328504,-0.4370293728803817,0.0,-10853.410606859135,18973.036924515724,0.0,0.0,0.0,0.0,0.0,-0.029870624796193783,0.0,0.0,0.0,0.0,0.0,0.0,0.0,0.0,0.0,0.0,0.0,0.0,Shell Companies,Financial Services,EVE
2021Q1,2021,Q1,2021-03-31,2021-03-31,,,,,,,57380.0,19500.0,0.0,37880.0,37880.0,0.0,-5500.0,0.0,0.0,0.0,0.0,0.0,0.0,,0.0,,0.0,0.0,0.0,0.0,0.0,,,0.0,,0.0,0.0,0.0,0.0,0.0,0.0,0.0,0.0,0.0,0.0,0.0,0.0,Shell Companies,Financial Services,EVE
