Quarters,Year,Quarter,FillingDate,Date,NetIncome,Revenue,OperatingIncome,EPSDiluted,GrossProfit,GrossProfitRatio,TotalAssets,CommonStockEquity,CurrentAssets,CurrentLiability,TotalLiability,Inventory,RetainedEarnings,MarketCap,EnterpriseValue,bookValuePerShare,currentRatio,debtToAssets,debtToEquity,roic,shareholdersEquityPerShare,roe,priceToSalesRatio,peRatio,pbRatio,payoutRatio,inventoryTurnover,dividendYield,assetTurnover,quickRatio,returnOnAssets,priceToFreeCashFlowsRatio,grossProfitMargin,epsdilutedGrowth,fiveYNetIncomeGrowthPerShare,fiveYRevenueGrowthPerShare,fiveYShareholdersEquityGrowthPerShare,grossProfitGrowth,netIncomeGrowth,operatingIncomeGrowth,threeYNetIncomeGrowthPerShare,threeYRevenueGrowthPerShare,threeYShareholdersEquityGrowthPerShare,Industry,Sector,Symbol
2023Q1,2023,Q1,2023-03-22,2023-03-31,-2260305.0,8264999.0,-5704798.0,-0.0274,3098705.0,0.3749189806,92162541.0,86979845.0,58698818.0,2100642.0,5182696.0,2150982.0,-134476316.0,127044569.96000001,99137330.96000001,1.0543462136333246,27.94327543674743,0.0,0.0,-0.06718199112745221,1.0543462136333246,-0.025986537455889924,15.371395684379394,-14.051706513059079,1.4606207904831285,-0.3539345353834991,2.4018304197803606,0.006297002699539855,0.08967850615143087,13.8262916765446,-0.02452520270681339,-84.98879809798915,0.3749189806314556,0.96575,0.8905401879951282,83.62421714765661,0.0,0.7655120899807478,0.963923996265584,-1.1816526840094603,0.8905401879951282,83.62421714765661,0.0,Capital Markets,Financial Services,BTBT
2022Q4,2022,Q4,2022-12-31,2022-12-31,-62653974.0,7776885.0,31404975.0,-0.8,1755131.0,0.2256856055,100420667.0,89933309.0,64395273.0,7443354.0,10487358.0,2428697.0,-131416011.0,47168504.4,14477444.399999999,1.1439833865073745,8.651378531774789,0.0,0.0,0.3458482764199914,1.1439833865073745,-0.6966715079948854,6.06521819468849,-0.18821034560393568,0.5244831411685297,0.0,2.4794175642330023,0.0,0.0774430725499961,4.5750808036269675,-0.6239151349193887,-31.525534286860044,0.22568560548342942,-3.705882352941176,0.0,0.0,0.0,-0.33277107810823736,-3.3697518528943986,3.4319762422719546,-0.5353860461422026,-0.6711747038432742,3.533984283451361,Capital Markets,Financial Services,BTBT
2022Q3,2022,Q3,2022-09-30,2022-09-30,-14338108.0,9130961.0,-12913356.0,-0.17,2630478.0,0.2880833682,164676801.0,158241721.0,68384982.0,3460258.0,6435080.0,3433475.0,-62519116.0,99996058.8,67729980.8,1.8989754944221862,19.762972009601597,0.0,0.0,-0.08273349295876951,1.8989754944221862,-0.09060889826899696,10.951318136174276,-1.7435365042584419,0.631919686970543,0.0,1.8932664428894925,0.0,0.05544776765489876,11.967532189796252,-0.0870681717942772,12.130134151227733,0.2880833682237828,0.2608695652173913,0.11908220738441705,0.0,0.0,-0.18582604295147878,0.20892027534531268,-4.63321135743253,0.11908220738441705,0.0,0.0,Capital Markets,Financial Services,BTBT
2022Q2,2022,Q2,2022-06-30,2022-06-30,-18124732.0,6815000.0,3554254.0,-0.23,3230855.0,0.4740799707,178965220.0,171963220.0,78428201.0,4096360.0,7002000.0,5914786.0,-48181008.0,104274642.84,59979351.84,2.1603700771783916,19.14582727104063,0.0,0.0,0.022096662267832426,2.1603700771783916,-0.10539888704107774,15.30075463536317,-1.4382922026102234,0.6063775895799113,0.0,0.605963596992351,0.0,0.03808002471094663,11.064290736165766,-0.10127516396761337,-5.529224435528015,0.47407997065297136,-0.5333333333333334,0.0,0.0,0.0,-0.24959749120658806,-0.7804624437697087,0.037076784591435825,0.0,0.0,0.0,Capital Markets,Financial Services,BTBT
2022Q1,2022,Q1,2022-03-31,2022-03-31,-10179789.0,8573747.0,3427185.0,-0.15,4305496.0,0.5021720375,169561899.0,161851018.0,78274719.0,4874423.0,7710881.0,4343177.0,-30056276.0,250658330.4,222571780.4,2.324533415147969,16.058253253769728,0.0,0.0,0.01869245682707307,2.324533415147969,-0.0628960455472699,29.235564147157596,-6.155784034423504,1.54869789203303,0.0,0.9827485732218604,0.0,0.05056411287302226,6.112152146007846,-0.060035827978076606,-14.1487553121688,0.5021720375000569,0.11764705882352951,0.41590676886135514,103.01075946085057,0.0,-0.4997378138028339,-0.07904325251153052,1.4416934284669258,0.41590676886135514,103.01075946085057,0.0,Capital Markets,Financial Services,BTBT
2021Q4,2021,Q4,2021-12-31,2021-12-31,-9434088.0,13386932.0,-7759194.0,-0.17,8606479.0,0.6429015252,179917981.0,171643727.0,96561290.0,5044606.0,8274254.0,0.0,-19876487.0,337078404.16,294679876.16,3.0959973919439836,19.14149291342079,0.0,0.0,-0.06180391225837177,3.0959973919439836,-0.05496319711118834,25.179660594376667,-8.932458658431,1.9638259437235361,0.0,0.0,0.0,0.07440574825036526,8.404725364081951,-0.0524354928149177,-5.8003943550338946,0.6429015251590133,0.5405405405405405,0.0,0.0,0.0,0.10510212637499296,0.5317799531228458,0.5011563958714603,0.0,0.0,0.0,Capital Markets,Financial Services,BTBT
2021Q3,2021,Q3,2021-09-30,2021-09-30,-20148834.0,10395894.0,-15554362.0,-0.37,7787949.0,0.7491370151,110378524.0,106015146.0,64625647.0,3659454.0,4363378.0,0.0,-10442399.0,395304739.83000004,368843643.83000004,1.9389838480298194,17.659915113019593,0.0,0.0,-0.15388668804527217,1.9389838480298194,-0.1900561831042519,38.02508373305846,-4.9048091297739616,3.728757208238906,0.0,0.0,0.0,0.09418402804516575,16.80068857266685,-0.18254306426492892,-61.01916683208894,0.7491370150561366,-12.7546468401487,-0.886693556350395,0.0,0.0,-0.5539303870246275,-14.043179035388981,-2.443640130813732,-0.886693556350395,0.0,0.0,Capital Markets,Financial Services,BTBT
2021Q2,2021,Q2,2021-06-30,2021-06-30,-1339400.0,28342694.0,10774404.0,-0.0269,17459044.0,0.6159980417,108059034.0,104842437.0,59610022.0,3168913.0,3216597.0,0.0,18746435.0,340203378.24,311949312.24,2.107922245775286,18.81087363395587,0.0,0.0,0.11123044949225608,2.107922245775286,-0.01277536118318196,12.003212476555687,-63.49921200537553,3.2449014728644663,0.0,0.0,0.0,0.26228898178008886,17.246769160276727,-0.012395076565278197,-148.9506909982487,0.6159980416822762,-1.0363513513513514,0.0,0.0,0.0,-0.4454862491163343,-1.0374277056229637,-0.5792855369538932,0.0,0.0,0.0,Capital Markets,Financial Services,BTBT
2021Q1,2021,Q1,2021-03-31,2021-03-31,35786324.0,43953050.0,25609778.0,0.74,31485322.0,0.7163398672,78092068.0,74965266.0,34498100.0,3096579.0,3126802.0,0.0,20085834.0,725335476.1999999,726387910.1999999,1.552355195996961,11.140713671441937,0.01639090925342123,0.017074574243490313,0.33325935344186536,1.552355195996961,0.4773720672184369,16.50250611049745,5.067127572253579,9.675620656104922,0.0,0.0,0.0,0.5628362921570985,9.957933900604505,0.4582581165605705,-224.94391445292425,0.7163398671992046,7.545034642032332,3.960541421618166,767.7892037590987,0.0,5.025916246649512,12.50198551264333,13.001001564123886,3.960541421618166,767.7892037590987,0.0,Capital Markets,Financial Services,BTBT
2020Q4,2020,Q4,2020-12-31,2020-12-31,2650449.0,12462887.0,1829139.0,0.0866,5224985.0,0.4192435509,39893549.0,37999575.0,8719429.0,1893974.0,1893974.0,0.0,-15700489.0,670251483.02,669846350.02,1.2421765700519256,4.603774391834312,0.0,0.0,0.06305188697542213,1.2421765700519256,0.06974943798713538,53.77979299820338,63.22056027299526,17.63839419309295,0.0,0.0,0.0,0.31240356680224163,3.588658556030864,0.06643803488127867,34.45836141124479,0.4192435508722818,0.0,0.0,0.0,0.0,2.075662696842978,49081.38888888889,11.730555884215727,0.0,0.0,0.0,Capital Markets,Financial Services,BTBT
2020Q3,2020,Q3,2020-09-30,2020-09-30,54.0,7909528.0,143681.0,0.0,1698816.0,0.2147809579,20717521.0,19882339.0,3052235.0,835182.0,835182.0,0.0,-18350938.0,173840715.21,173319067.21,0.470064870541325,3.654574691504367,0.0,0.0,3.893040322551077e-06,0.470064870541325,2.715978235759887e-06,21.978645907821555,804818.1259722222,8.74347405554246,0.0,0.0,0.0,0.3817796540425855,1.4052924991199522,2.6064894540229982e-06,-11.460970769370537,0.21478095785235224,1.0,1.000006536259008,0.0,0.0,44.252284169308226,1.0002157919765347,1.5644487745088411,1.000006536259008,0.0,0.0,Capital Markets,Financial Services,BTBT
2020Q2,2020,Q2,2020-06-30,2020-06-30,-250241.0,674467.0,-254551.0,-0.0129,37541.0,0.0556602473,13961764.0,12493485.0,2677505.0,1215946.0,1215946.0,0.0,-17894991.0,24973916.25,23062690.25,0.6453371385034575,2.201993345099207,0.0,0.0,-0.02037144300145673,0.6453371385034575,-0.020029719489798082,37.02763256022904,-24.949864580544357,1.9989551554270089,0.0,0.0,0.0,0.04830815074656755,1.6980227740376628,-0.01792330825818285,-2.066466764394031,0.055660247276738524,0.9484,0.0,0.0,0.0,44.805134189031506,0.935079213990498,-1.1241790795677389,0.0,0.0,0.0,Capital Markets,Financial Services,BTBT
2020Q1,2020,Q1,2020-03-31,2020-03-31,-3854559.0,18231.0,-119835.0,-0.25,-857.0,-0.0470078438,,,,,,,,8469551.75,,,0.0,0.0,0.0,0.0,,0.0,464.5686879490977,-0.5493204118810998,0.0,0.0,0.0,0.0,0.0,0.0,0.0,-69.27605350979077,-0.04700784378256815,0.5192307692307693,0.0,0.0,0.0,-1.0001874390467687,0.5113888576561704,0.9845632236693372,0.0,0.0,0.0,Capital Markets,Financial Services,BTBT
2019Q4,2019,Q4,2019-12-31,2019-12-31,-7888807.0,4572153.0,-7762955.0,-0.52,4572153.0,1.0,4516533.0,3834607.0,560256.0,429593.0,429593.0,0.0,-13790152.0,6079126.0,6044641.0,0.25231304631619744,1.3041553284155003,0.0,0.0,-2.2550769784619358,0.25231304631619744,-2.0572661031495536,1.3295981127490704,-0.19265035891992288,1.5853322126622102,0.0,0.0,0.0,1.01231475558797,1.3130823826272775,-1.7466510263514072,-2.048546754861196,1.0,-1.5999999999999999,0.0,0.0,0.0,0.0,-1.6227612976153865,-3.3431937401252334,0.0,0.0,0.0,Capital Markets,Financial Services,BTBT
2019Q3,2019,Q3,2019-09-30,2019-09-30,-3007825.0,0.0,-1787384.0,-0.2,0.0,0.0,,,,,,,,7607197.39,,,0.0,0.0,0.0,0.0,,0.0,0.0,-0.6322839086383018,0.0,0.0,0.0,0.0,0.0,0.0,0.0,2.8456397005628284,0.0,0.0,0.0,0.0,0.0,0.0,0.0,0.0,0.0,0.0,0.0,Capital Markets,Financial Services,BTBT
2019Q2,2019,Q2,2019-06-30,2019-06-30,,,,,,,7536231.94,5182797.41,1485184.04,2353434.53,2353434.53,0.0,-10782146.59,0.0,-399152.5,0.0,0.631070897051893,0.0,0.0,,0.0,,0.0,0.0,0.0,0.0,0.0,,,0.5969084255766401,,0.0,0.0,0.0,0.0,0.0,0.0,0.0,0.0,0.0,0.0,0.0,0.0,Capital Markets,Financial Services,BTBT
2018Q4,2018,Q4,2018-12-31,2018-12-31,,,,,,,12481470.0,11611095.0,5663732.0,403219.0,403219.0,0.0,-4319902.0,0.0,-2334425.0,0.0,14.04629246141675,0.0,0.0,,0.0,,0.0,0.0,0.0,0.0,0.0,,,6.142270081518976,,0.0,0.0,0.0,0.0,0.0,0.0,0.0,0.0,0.0,0.0,0.0,0.0,Capital Markets,Financial Services,BTBT
2018Q2,2018,Q2,2018-06-30,2018-06-30,,,,,,,15256925.0,14267508.0,12139559.0,390338.0,390338.0,0.0,-1641848.0,0.0,-9996358.0,0.0,31.10012092084296,0.0,0.0,,0.0,,0.0,0.0,0.0,0.0,0.0,,,26.527219999077722,,0.0,0.0,0.0,0.0,0.0,0.0,0.0,0.0,0.0,0.0,0.0,0.0,Capital Markets,Financial Services,BTBT
2017Q4,2017,Q4,2017-12-31,2017-12-31,,,,,,,12914688.0,11840345.0,10056660.0,469232.0,469232.0,0.0,-893921.0,0.0,-5456778.0,0.0,21.43217001398029,0.0,0.0,,0.0,,0.0,0.0,0.0,0.0,0.0,,,12.17988756095066,,0.0,0.0,0.0,0.0,0.0,0.0,0.0,0.0,0.0,0.0,0.0,0.0,Capital Markets,Financial Services,BTBT
2017Q2,2017,Q2,2017-06-30,2017-06-30,,,,,,,13021476.0,11553146.0,9646719.0,548920.0,548920.0,0.0,-489908.0,0.0,-5565815.0,0.0,17.57399803250018,0.0,0.0,,0.0,,0.0,0.0,0.0,0.0,0.0,,,10.260571668002623,,0.0,0.0,0.0,0.0,0.0,0.0,0.0,0.0,0.0,0.0,0.0,0.0,Capital Markets,Financial Services,BTBT
2016Q4,2016,Q4,2016-12-31,2016-12-31,,,,,,,9102093.0,7859744.0,7910963.0,282293.0,282293.0,0.0,48447.0,0.0,-7378920.0,0.0,28.02394320794352,0.0,0.0,,0.0,,0.0,0.0,0.0,0.0,0.0,,,26.241777160609722,,0.0,0.0,0.0,0.0,0.0,0.0,0.0,0.0,0.0,0.0,0.0,0.0,Capital Markets,Financial Services,BTBT
