Quarters,Year,Quarter,FillingDate,Date,NetIncome,Revenue,OperatingIncome,EPSDiluted,GrossProfit,GrossProfitRatio,TotalAssets,CommonStockEquity,CurrentAssets,CurrentLiability,TotalLiability,Inventory,RetainedEarnings,MarketCap,EnterpriseValue,bookValuePerShare,currentRatio,debtToAssets,debtToEquity,roic,shareholdersEquityPerShare,roe,priceToSalesRatio,peRatio,pbRatio,payoutRatio,inventoryTurnover,dividendYield,assetTurnover,quickRatio,returnOnAssets,priceToFreeCashFlowsRatio,grossProfitMargin,epsdilutedGrowth,fiveYNetIncomeGrowthPerShare,fiveYRevenueGrowthPerShare,fiveYShareholdersEquityGrowthPerShare,grossProfitGrowth,netIncomeGrowth,operatingIncomeGrowth,threeYNetIncomeGrowthPerShare,threeYRevenueGrowthPerShare,threeYShareholdersEquityGrowthPerShare,Industry,Sector,Symbol
2023Q1,2023,Q1,2023-05-15,2023-03-31,-1097000.0,354000.0,-1055000.0,-0.66,235000.0,0.6638418079,4811000.0,2203000.0,4565000.0,2289000.0,2608000.0,2213000.0,-63482000.0,5666140.48,4209140.48,1.3335867733374658,1.9943206640454347,0.011432134691332363,0.024965955515206535,-0.45695068769531755,1.3335867733374658,-0.4979573309123922,16.006046553672316,-1.291280875113947,2.572011112119837,0.0,0.05377315860822413,0.0,0.07358137601330285,1.0275229357798166,-0.2280191228434837,-4.717852189841799,0.6638418079096046,0.5448275862068965,0.7298693978379421,-0.10678357779213987,-0.8551067451243536,1.7833333333333334,0.46721709567751335,0.38231850117096017,0.7385355074078265,-0.3183457725391681,-0.02892924243318905,Medical Devices,Healthcare,NAOV
2022Q4,2022,Q4,2023-04-17,2022-12-31,-2059000.0,-102000.0,-1708000.0,-1.45,-300000.0,2.9411764706,5879000.0,3233000.0,5609000.0,2316000.0,2646000.0,2175000.0,-62385000.0,7155136.8,4523136.8,2.277289792698303,2.4218480138169256,0.027555706752849123,0.05010825858335911,-0.49065449768343605,2.277289792698303,-0.6368697803897309,-70.1484,-0.8687635745507528,2.2131570677389423,0.0,0.0910344827586207,0.0,-0.017349889436979078,1.2184801381692574,-0.35022963088960707,-5.379802105263158,2.9411764705882355,-1.1323529411764703,0.7163402338520989,-1.3294216261525564,-0.7988728236195596,-4.75,-1.156020942408377,-0.8484848484848485,0.5591534592194847,-1.299469400732516,-0.3873853943864875,Medical Devices,Healthcare,NAOV
2022Q3,2022,Q3,2022-11-14,2022-09-30,-955000.0,97000.0,-924000.0,-0.68,80000.0,0.824742268,5210000.0,3154000.0,4989000.0,1715000.0,2056000.0,1553000.0,-60326000.0,12878978.799999999,10934978.799999999,2.2530357764079865,2.9090379008746354,0.010748560460652591,0.017755231452124286,-0.2899149724679011,2.2530357764079865,-0.3027901077996195,132.77297731958762,-3.371460418848167,4.083379454660748,0.0,0.010946555054732776,0.0,0.018618042226487524,2.0034985422740523,-0.1833013435700576,-6.550853916581891,0.8247422680412371,0.26881720430107525,0.9022145980375195,-0.7556696061121769,1.120399521314277,-0.7153024911032029,0.2665130568356375,0.27129337539432175,0.7047367914231693,-0.7580007987762029,-0.643614194689818,Medical Devices,Healthcare,NAOV
2022Q2,2022,Q2,2022-08-15,2022-06-30,-1302000.0,485000.0,-1268000.0,-0.93,281000.0,0.5793814433,6542000.0,4134000.0,6309000.0,2053000.0,2408000.0,928000.0,-59371000.0,17638601.4,13727601.399999999,2.953091280808693,3.0730638090599123,0.010088657902782024,0.015965166908563134,-0.3032780651468742,2.953091280808693,-0.3149492017416546,36.368250309278345,-3.3868282258064517,4.2667153846153845,0.0,0.21982758620689655,0.0,0.07413634974014063,2.6210423770092546,-0.1990217059003363,-8.814893253373313,0.5793814432989691,-0.14814814814814814,0.7489140500682857,0.5270649617988943,1.2218438441396497,1.650943396226415,-0.1501766784452297,-0.11423550087873462,0.7148143536219705,-0.5528530321525466,-0.4819713219676592,Medical Devices,Healthcare,NAOV
2022Q1,2022,Q1,2022-05-16,2022-03-31,-1132000.0,272000.0,-1138000.0,-0.81,106000.0,0.3897058824,7663000.0,5261000.0,7390000.0,2007000.0,2402000.0,355000.0,-58069000.0,32477424.8,26531424.8,3.7581551108695046,3.6821126058794222,0.005741876549654182,0.008363429005892415,-0.21407382480629814,3.7581551108695046,-0.2151682189697776,119.40229705882354,-7.172576148409894,6.1732417411138565,0.0,0.4676056338028169,0.0,0.03549523685240767,3.505231689088191,-0.14772282395928488,-18.654465709362437,0.3897058823529412,0.5736842105263158,0.7886676652803487,-0.1435841863725789,1.3073012462562181,-0.5875486381322957,0.5424413904607922,0.5533751962323391,0.8996054374684943,-0.18195293440580293,3.6652130891383,Medical Devices,Healthcare,NAOV
2021Q4,2021,Q4,2022-04-15,2021-12-31,-2474000.0,775000.0,-2548000.0,-1.9,257000.0,0.3316129032,8622000.0,6313000.0,8342000.0,1903000.0,2309000.0,175000.0,-56937000.0,27140838.400000002,19452838.400000002,4.8381114122104645,4.383604834471886,0.0056831361633031775,0.0077617614446380484,-0.3887984391200894,4.8381114122104645,-0.3918897513068272,35.02043664516129,-2.7426069523039613,4.2991982258830985,0.0,2.96,0.0,0.08988633727673394,4.2044140830267995,-0.2869403850614707,-31.44940718424102,0.33161290322580644,0.6285826344569289,0.6119975509462733,1.7781674375021428,1.4437336124718791,0.12719298245614036,0.6293632958801498,-1.935483870967742,0.4731636891041463,2.6582897295601002,2.475561305334068,Medical Devices,Healthcare,NAOV
2021Q3,2021,Q3,2021-11-15,2021-09-30,-6675000.0,499000.0,-868000.0,-5.115538949617766,228000.0,0.45691382765531063,9666000.0,8711000.0,9425000.0,266000.0,955000.0,201000.0,-54463000.0,53759737.6,45180737.6,6.675873358429487,35.432330827067666,0.002069108214359611,0.0022959476523935255,-0.1002398687689721,6.675873358429487,-0.7662725289863391,107.73494509018036,-2.01347331835206,6.171477166800598,0.0,1.3482587064676617,0.0,0.0516242499482723,34.67669172932331,-0.6905648665425201,-84.66100409448819,0.45691382765531063,-28.338920812151056,-0.9340702503431835,0.43636333095665647,1.9541751244644865,0.09615384615384616,-29.90277777777778,0.124117053481332,-0.2252742051044588,1.2797544660799998,0.550551062178087,Medical Devices,Healthcare,NAOV
2021Q2,2021,Q2,2021-08-16,2021-06-30,-216000.0,318000.0,-991000.0,-0.17436016076975488,208000.0,0.6540880503144654,6832000.0,4164000.0,6584000.0,391000.0,2668000.0,205000.0,-47788000.0,21087108.93,15437108.93,3.361276703946917,16.838874680306905,0.0032201405152224825,0.005283381364073006,-0.2312219149671621,3.361276703946917,-0.05187319884726225,66.3116633018868,-24.406376076388888,5.0641471974063395,0.0,0.5365853658536586,0.0,0.046545667447306795,16.314578005115088,-0.03161592505854801,-11.005797980167014,0.6540880503144654,0.9571456536585782,0.9346152202696615,-0.05291669861924499,1.6628350730613393,1.7012987012987013,0.9560707748627212,0.24581430745814306,0.9319783715952479,-0.3748652029266972,-0.5132810769140649,Medical Devices,Healthcare,NAOV
2021Q1,2021,Q1,2021-05-24,2021-03-31,-4917000.0,103000.0,-1314000.0,-4.0686692402358045,77000.0,0.7475728155339806,8603000.0,4347000.0,8357000.0,876000.0,4256000.0,173000.0,-47572000.0,24653461.2,16725461.2,3.597012171256505,9.539954337899543,0.00290596303615018,0.005751092707614446,-0.3001219079853911,3.597012171256505,-1.1311249137336095,239.3539922330097,-1.253480841976815,5.671373636991028,0.0,0.15028901734104047,0.0,0.011972567708938743,9.31392694063927,-0.5715448099500174,-25.78813933054393,0.7475728155339806,-0.8914765583457901,-0.0772523251217968,-0.8040321626853673,1.7779280778298308,1.9615384615384615,-3.8925373134328356,0.14675324675324675,-0.6550566068306948,-0.6447483148385007,-0.609187184710638,Medical Devices,Healthcare,NAOV
2020Q4,2020,Q4,2021-04-15,2020-12-31,-1005000.0,90000.0,-1540000.0,-2.151054541111575,26000.0,0.28888888888888886,8229000.0,2394000.0,7970000.0,2902000.0,5835000.0,145000.0,-42655000.0,7139949.066,28949.065999999642,5.124001258526625,2.746381805651275,0.003767164904605663,0.012949039264828738,-0.6410549243928922,5.124001258526625,-0.4197994987468672,79.3327674,-1.7761067328358209,2.9824348646616543,0.0,0.4413793103448276,0.0,0.01093693036820999,2.4931082012405237,-0.12212905577834487,-5.409052322727272,0.28888888888888886,-0.09002169197396959,0.6390306950864079,-0.35265895031569366,4.213165573887557,-0.7373737373737373,-0.09002169197396963,-0.9154228855721394,0.579292802149661,-0.11678399359606861,-0.5474550897291909,Medical Devices,Healthcare,NAOV
2020Q3,2020,Q3,2020-11-16,2020-09-30,-922000.0,150000.0,-804000.0,-1.9734052606018628,99000.0,0.66,4102000.0,3267000.0,3904000.0,364000.0,835000.0,109000.0,-41650000.0,6543785.278,3404785.278,6.9925280332524995,10.725274725274724,0.010238907849829351,0.012855831037649219,-0.23781503061521078,6.9925280332524995,-0.28221610039791856,43.625235186666664,-1.7743452489154012,2.002995187633915,0.0,0.46788990825688076,0.0,0.036567528035104824,9.464285714285714,-0.22476840565577766,-9.415518385611511,0.66,0.5154996145373183,0.7520120637044303,0.04796420476313813,0.8078938914646453,1.605263157894737,0.37576167907921465,0.45231607629427795,0.7171343202634202,0.13207631044249477,1.3736722855428862,Medical Devices,Healthcare,NAOV
2020Q2,2020,Q2,2020-08-24,2020-06-30,-1477000.0,269000.0,-1468000.0,-4.073072632785063,38000.0,0.1412639405204461,1009000.0,-784000.0,765000.0,1250000.0,1793000.0,148000.0,-40728000.0,16318170.0,16437170.0,-2.1620071368296814,0.612,0.11793855302279485,-0.15178571428571427,2.213513416943581,-2.1620071368296814,1.8839285714285714,60.662342007434944,-2.762046377792823,-20.813992346938775,0.0,1.5608108108108107,0.0,0.2666005946481665,0.332,-1.4638255698711595,-33.785031055900625,0.1412639405204461,-0.6036916395222583,-0.12066591136375655,1.2712925105996757,-1.175385485201066,-0.2549019607843137,-0.6036916395222585,-0.6185226019845645,-0.09957937239337995,2.269660911496439,0.8375844399363402,Medical Devices,Healthcare,NAOV
2020Q1,2020,Q1,2020-07-06,2020-03-31,-921000.0,114000.0,-907000.0,-2.5398103553114715,51000.0,0.4473684210526316,1121000.0,498000.0,914000.0,352000.0,623000.0,111000.0,-39251000.0,15592918.0,15499918.0,1.3733157578331394,2.596590909090909,0.0,0.0,-1.8392583491862187,1.3733157578331394,-1.8493975903614457,136.77998245614035,-4.2326053203040175,31.31108032128514,0.0,0.5675675675675675,0.0,0.1016949152542373,1.2869318181818181,-0.8215878679750223,-17.42225474860335,0.4473684210526316,0.22799664710813072,0.47363107680404287,0.4153961609919369,-0.21699412560156475,2.9615384615384617,0.22799664710813075,0.2679580306698951,0.3362358141629013,0.3856555535709817,1.1122948977451295,Medical Devices,Healthcare,NAOV
2019Q4,2019,Q4,2020-05-20,2019-12-31,-1193000.0,87000.0,-1239000.0,-3.2898954982481925,-26000.0,-0.2988505747126437,2036000.0,1348000.0,1838000.0,409000.0,688000.0,121000.0,-38330000.0,20669682.0,19331682.0,3.7173285975081765,4.493887530562347,0.0,0.0,-0.8914905551132662,3.7173285975081765,-0.8850148367952523,237.58255172413794,-4.3314505448449285,15.333591988130564,0.0,0.9338842975206612,0.0,0.04273084479371316,3.589242053789731,-0.5859528487229863,-20.028761627906977,-0.2988505747126437,-0.4239081476281455,0.4630651208131794,-0.3975970792539379,1.0864239183871534,-1.553191489361702,-0.4638036809815951,-0.562421185372005,0.3267502512427207,0.12221727969121382,1.3409395747179977,Medical Devices,Healthcare,NAOV
2019Q3,2019,Q3,2019-11-19,2019-09-30,-815000.0,101000.0,-793000.0,-2.3104689047030798,47000.0,0.46534653465346537,3070000.0,2230000.0,2847000.0,522000.0,840000.0,104000.0,-37137000.0,17637100.0,15379100.0,6.3219009927936,5.454022988505747,0.0,0.0,-0.35648017915156727,6.3219009927936,-0.3654708520179372,174.62475247524753,-5.410153374233129,7.909013452914799,0.0,0.5192307692307693,0.0,0.032899022801302934,5.254789272030651,-0.26547231270358307,-15.846451033243486,0.46534653465346537,0.2915484543423545,0.6061763749163158,0.495389378072359,0.0,-0.7729468599033816,0.26377597109304424,0.11495535714285714,0.1264629401348376,0.07544421776339405,1.9035822495096104,Medical Devices,Healthcare,NAOV
2019Q2,2019,Q2,2019-08-14,2019-06-30,-1107000.0,263000.0,-896000.0,-3.2612941828764086,207000.0,0.7870722433460076,3107000.0,1935000.0,2889000.0,865000.0,1172000.0,102000.0,-36322000.0,19958836.8,17587836.8,5.700632814433354,3.339884393063584,0.0,0.0,-0.4655725239211711,5.700632814433354,-0.5720930232558139,75.8891133079848,-4.507415718157182,10.314644341085272,0.0,0.5490196078431373,0.0,0.08464757000321854,3.221965317919075,-0.35629224332153203,-25.200551515151517,0.7870722433460076,0.5951010144297502,0.26329777614818906,0.5806946117972165,0.0,2.9056603773584904,0.5867861142217246,0.5969410706252811,-0.22297925159942272,1.8586788083762475,2.124150047990358,Medical Devices,Healthcare,NAOV
2019Q1,2019,Q1,2019-05-20,2019-03-31,-2679000.0,79000.0,-2223000.0,-8.054587191131837,53000.0,0.6708860759493671,817000.0,-469000.0,452000.0,702000.0,1286000.0,141000.0,-35215000.0,26335743.080000002,26237743.080000002,-1.410076787550435,0.6438746438746439,0.10526315789473684,-0.18336886993603413,5.830293080205705,-1.410076787550435,5.712153518123667,333.36383645569623,-2.457609469951475,-56.152970319829436,0.0,0.18439716312056736,0.0,0.0966952264381885,0.443019943019943,-3.2790697674418605,-28.10644939167556,0.6708860759493671,-1.2380952380952384,-1.0907627241846478,-0.4998095198561972,0.9508389623916396,1.7894736842105263,-1.2380952380952381,-0.6309611151870873,-1.1325911320319118,-0.4538746703201122,0.695041808949901,Medical Devices,Healthcare,NAOV
2018Q4,2018,Q4,2019-05-13,2018-12-31,-1197000.0,54000.0,-1363000.0,-3.598858106675927,19000.0,0.35185185185185186,1580000.0,463000.0,1226000.0,640000.0,1117000.0,144000.0,-32536000.0,24088656.944000002,23192656.944000002,1.3920374256627963,1.915625,0.0,0.0,-2.5967441838256478,1.3920374256627963,-2.585313174946004,446.08623970370377,-5.031047816207185,52.02733681209504,0.0,0.24305555555555555,0.0,0.03417721518987342,1.625,-0.7575949367088608,-27.3424028876277,0.35185185185185186,0.13800011387364294,0.18563639309847565,1.6497432397491325,1.0551267086803424,1.375,0.109375,-0.02790346907993967,0.39607473186390274,-0.4544064379244743,1.8729206938151486,Medical Devices,Healthcare,NAOV
2018Q3,2018,Q3,2018-11-14,2018-09-30,-1344000.0,54000.0,-1326000.0,-4.175009956031926,8000.0,0.14814814814814814,2425000.0,1386000.0,2061000.0,582000.0,1039000.0,134000.0,-31339000.0,29873712.0,28146712.0,4.305484366991286,3.5412371134020617,0.0,0.0,-0.9646047875605264,4.305484366991286,-0.9696969696969697,553.2168888888889,-5.556866071428571,21.553904761904764,0.0,0.34328358208955223,0.0,0.0222680412371134,3.310996563573883,-0.5542268041237114,-37.295520599250935,0.14814814814814814,-0.6287608121559716,-1.1173291086156285,-0.40450118820185454,1.2760922959324255,-0.8961038961038961,-0.6310679611650486,-0.6072727272727273,0.4753464607711757,-0.45245142351241785,0.11316806309026592,Medical Devices,Healthcare,NAOV
2018Q2,2018,Q2,2018-08-14,2018-06-30,-824000.0,132000.0,-825000.0,-2.563304522599309,77000.0,0.5833333333333334,3173000.0,2220000.0,2822000.0,511000.0,953000.0,78000.0,-29995000.0,30795868.0,28280868.0,6.905991414172837,5.522504892367906,0.0,0.0,-0.37618699780861936,6.905991414172837,-0.37117117117117115,233.3020303030303,-9.343406553398058,13.872012612612611,0.0,0.7051282051282052,0.0,0.041601008509297197,5.36986301369863,-0.259691144027734,-30.58179543197617,0.5833333333333334,-0.04270403508850594,0.0,0.0,0.0,0.4,-0.044359949302915085,-0.04430379746835443,0.2947308664586487,0.2572646913840221,-0.4397749043764996,Medical Devices,Healthcare,NAOV
2018Q1,2018,Q1,2018-05-15,2018-03-31,-789000.0,77000.0,-790000.0,-2.458324161353929,55000.0,0.7142857142857143,3975000.0,2954000.0,3621000.0,583000.0,1021000.0,78000.0,-29171000.0,30554440.0,27063440.0,9.20392584514722,6.210977701543739,0.0,0.0,-0.27156424245117544,9.20392584514722,-0.26709546377792825,396.8109090909091,-9.681381495564006,10.343412322274881,0.0,0.28205128205128205,0.0,0.019371069182389938,6.0771869639794165,-0.19849056603773585,-35.160460299194476,0.7142857142857143,0.5191956124314443,0.5977770645651361,-0.07869266790685753,0.0,0.4473684210526316,0.5191956124314442,0.2232055063913471,0.49051761511583913,0.0801534238333396,4.247684637106951,Medical Devices,Healthcare,NAOV
2017Q4,2017,Q4,2018-03-29,2017-12-31,-1641000.0,70000.0,-1017000.0,-5.112940366009883,38000.0,0.5428571428571428,4865000.0,3634000.0,4516000.0,797000.0,1231000.0,76000.0,-28382000.0,30040920.0,25680920.0,11.322635924598847,5.66624843161857,0.0,0.0,-0.280712215384988,11.322635924598847,-0.4515685195376995,429.156,-4.576617915904936,8.266626307099614,0.0,0.42105263157894735,0.0,0.014388489208633094,5.514429109159347,-0.3373072970195272,-38.613007712082265,0.5428571428571428,0.2671178748430679,-2.9118444166295103,-0.32082113681149443,2.097034867148633,-0.11627906976744186,-0.02626641651031895,-0.6590538336052202,0.16552887521420787,-0.45236976763694325,1.2632391884136704,Medical Devices,Healthcare,NAOV
2017Q3,2017,Q3,2017-11-14,2017-09-30,-1599000.0,65000.0,-613000.0,-6.976483926272658,43000.0,0.6615384615384615,809000.0,-4289000.0,282000.0,933000.0,5098000.0,91000.0,-26741000.0,30941865.0,32253865.0,-18.71299613000057,0.3022508038585209,1.723114956736712,-0.32501748659361157,0.21321113010793386,-18.71299613000057,0.3728141757985544,476.0286923076923,-4.8376899624765475,-7.214237584518535,0.0,0.24175824175824176,0.0,0.08034610630407911,0.20471596998928188,-1.976514215080346,-64.06183229813665,0.6615384615384615,-0.88339222614841,-2.1751883734222224,0.2584588065392954,0.0,0.2647058823529412,-0.8833922261484098,0.07121212121212121,-0.18915119048325604,0.4811216453823968,0.0,Medical Devices,Healthcare,NAOV
2017Q2,2017,Q2,2017-08-14,2017-06-30,-849000.0,52000.0,-660000.0,-3.70421191582582,34000.0,0.6538461538461539,757000.0,-3051000.0,347000.0,754000.0,3808000.0,82000.0,-25142000.0,27045482.0,27543482.0,-13.311576403038409,0.46021220159151194,0.9418758256274768,-0.23369387086201246,0.2859980686428031,-13.311576403038409,0.2782694198623402,520.1054230769231,-7.963922850412249,-8.864464765650606,0.0,0.21951219512195122,0.0,0.06869220607661823,0.35145888594164454,-1.1215323645970938,-52.41372480620155,0.6538461538461539,0.03192702394526797,0.0,0.0,0.0,-0.05555555555555555,0.03192702394526796,0.1770573566084788,0.16324708748359396,-0.5371494858180009,0.0,Medical Devices,Healthcare,NAOV
2017Q1,2017,Q1,2017-07-26,2017-03-31,-877000.0,52000.0,-802000.0,-3.8263767375491686,36000.0,0.6923076923076923,446000.0,-2803000.0,159000.0,631000.0,3249000.0,60000.0,-24294000.0,28191477.0,28274477.0,-12.229547249333548,0.2519809825673534,0.3004484304932735,-0.04780592222618623,0.3043038842167838,-12.229547249333548,0.31287905815198,542.1437884615384,-8.036338939566704,-10.05760863360685,0.0,0.26666666666666666,0.0,0.11659192825112108,0.15689381933438987,-1.9663677130044843,-69.60858518518519,0.6923076923076923,0.21696428571428583,0.3739427014650269,-0.1287519733044725,0.0,-0.05263157894736842,0.21696428571428572,0.04637336504161712,0.006771920018074506,-0.5222188240701945,0.5736280197178949,Medical Devices,Healthcare,NAOV
2016Q4,2016,Q4,2017-07-26,2016-12-31,-1120000.0,49000.0,-841000.0,-4.886592868933945,38000.0,0.7755102040816326,494000.0,-2499000.0,221000.0,565000.0,2993000.0,67000.0,-22576000.0,27320520.112402998,27214520.112402998,-10.903188931888883,0.3911504424778761,0.0,0.0,0.36558561348884855,-10.903188931888883,0.4481792717086835,557.5616349469999,-6.098330382232812,-10.932581077392156,0.0,0.16417910447761194,0.0,0.09919028340080972,0.21238938053097345,-2.2672064777327936,-64.13267632019483,0.7755102040816326,-0.8475070657910334,-2.738657462397907,-0.3342566097659867,-0.05639521583530381,0.11764705882352941,-0.8481848184818482,-0.5431192660550459,-0.10575672765516912,2.4891807992181465,0.5682178446827407,Medical Devices,Healthcare,NAOV
2016Q3,2016,Q3,2016-09-30,2016-09-30,-606000.0,61000.0,-545000.0,-2.644965726743615,34000.0,0.5573770491803278,924000.0,-1603000.0,677000.0,403000.0,2527000.0,63000.0,-21445000.0,25202650.0,24670650.0,-6.99648648058835,1.6799007444168734,0.0,0.0,0.34511296344479725,-6.99648648058835,0.37804117280099814,413.15819672131147,-10.397132838283829,-15.722177167810356,0.0,0.42857142857142855,0.0,0.06601731601731602,1.5235732009925558,-0.6558441558441559,-94.39194756554308,0.5573770491803278,0.008144139684757223,-0.2037958767766941,0.18144818104445354,0.0,-0.15,0.006557377049180328,-0.19517543859649122,-0.3413725484083164,-0.05484145516443719,0.551345249167474,Medical Devices,Healthcare,NAOV
2016Q2,2016,Q2,2016-06-30,2016-06-30,-610000.0,62000.0,-456000.0,-2.666683570234653,40000.0,0.6451612903225806,1237000.0,-1160000.0,988000.0,317000.0,2397000.0,59000.0,-20839000.0,24407517.613753,23608517.613753,-5.071060419936262,3.1167192429022084,0.0,0.0,0.3996551724137931,-5.071060419936262,0.5258620689655172,393.66963893149995,-10.003080989243033,-21.040963460131895,0.0,0.3728813559322034,0.0,0.050121261115602264,2.9305993690851735,-0.4931285367825384,-50.955151594473904,0.6451612903225806,0.29395081069222817,0.0,0.0,0.0,0.3333333333333333,-0.23232323232323232,0.0379746835443038,0.0,0.0,0.0,Medical Devices,Healthcare,NAOV
2016Q1,2016,Q1,2016-05-16,2016-03-31,-495000.0,57000.0,-474000.0,-3.7769090463075754,30000.0,0.5263157894736842,1651000.0,-606000.0,1419000.0,329000.0,2257000.0,76000.0,-20229000.0,12974940.0,11696940.0,-4.623836410804212,4.313069908814589,0.0,0.0,0.7966629996332967,-4.623836410804212,0.8168316831683168,227.63052631578947,-6.553,-21.41079207920792,0.0,0.35526315789473684,0.0,0.034524530587522716,4.0820668693009114,-0.29981829194427617,-35.162439024390245,0.5263157894736842,0.36619718309859156,0.3820373266448588,0.6701515246721302,0.0,0.2,0.36619718309859156,-0.030434782608695653,0.3820373266448588,0.6701515246721302,0.0,Medical Devices,Healthcare,NAOV
2015Q4,2015,Q4,2015-12-31,2015-12-31,-781000.0,39000.0,-460000.0,-5.959123161951952,25000.0,0.6410256410256411,1983000.0,-209000.0,1776000.0,297000.0,2192000.0,71000.0,-19734000.0,12739031.60682,11125031.60682,-1.5946894552113535,5.97979797979798,0.0,0.0,2.203778677462888,-1.5946894552113535,3.736842105263158,326.6418360723077,-4.077795008585147,-60.952304338851675,0.0,0.19718309859154928,0.0,0.019667170953101363,5.572390572390573,-0.39384770549672216,-33.52376738636842,0.6410256410256411,0.2511441208732595,-3.5592272820555997,-0.07334527375970827,0.8454926974344895,-0.16666666666666666,0.24831568816169394,-0.3609467455621302,-3.5592272820555997,-0.07334527375970827,0.8454926974344895,Medical Devices,Healthcare,NAOV
2015Q3,2015,Q3,2015-09-30,2015-09-30,-1039000.0,40000.0,-338000.0,-7.9576368805450715,30000.0,0.75,2353000.0,505000.0,2151000.0,270000.0,1848000.0,74000.0,-18953000.0,10967544.0,8973544.0,3.8677756843282323,7.966666666666667,0.0,0.0,-0.681106661106855,3.8677756843282323,-2.0574257425742575,274.1886,-2.638966313763234,21.71790891089109,0.0,0.13513513513513514,0.0,0.016999575010624733,7.692592592592592,-0.4415639609009775,-41.543727272727274,0.75,-1.189468611849695,-2.6217560860270295,0.35946571082824,0.0,0.25,-1.3940092165898617,-0.07301587301587302,-2.6217560860270295,0.35946571082824,0.0,Medical Devices,Healthcare,NAOV
2015Q2,2015,Q2,2015-06-30,2015-06-30,-434000.0,39000.0,-315000.0,-3.634506033782482,24000.0,0.6153846153846154,2629000.0,1472000.0,2423000.0,265000.0,1157000.0,53000.0,-17914000.0,9552880.0,7294880.0,12.32717253854335,9.143396226415094,0.0,0.0,-0.21648867436910915,12.32717253854335,-0.29483695652173914,244.94564102564104,-5.502811059907835,6.4897282608695654,0.0,0.2830188679245283,0.0,0.014834537847090148,8.943396226415095,-0.16508178014454164,-17.75628252788104,0.6153846153846154,0.24675497046149666,0.0,0.0,0.0,0.2631578947368421,0.3111111111111111,-0.012861736334405145,0.0,0.0,0.0,Medical Devices,Healthcare,NAOV
2015Q1,2015,Q1,2015-06-10,2015-03-31,-630000.0,29000.0,-311000.0,-4.825131121023479,19000.0,0.6551724137931034,3051000.0,229000.0,2858000.0,1934000.0,2822000.0,29000.0,-17480000.0,9139620.0,7843620.0,1.7539022410122085,1.4777662874870734,0.4916420845624385,6.550218340611353,-0.1810221055218533,1.7539022410122085,-2.7510917030567685,315.1593103448276,-3.6268333333333334,39.91100436681222,0.0,0.3448275862068966,0.0,0.00950508030154048,1.4627714581178903,-0.20648967551622419,-30.567290969899666,0.6551724137931034,0.2125000000000001,0.2105263157894737,-0.14705882352941188,0.0,-0.5365853658536586,0.2125,-0.10676156583629894,0.2105263157894737,-0.14705882352941188,0.0,Medical Devices,Healthcare,NAOV
2014Q4,2014,Q4,2014-12-31,2014-12-31,-800000.0,52000.0,-281000.0,-6.127150629871085,41000.0,0.7884615384615384,723000.0,-5616000.0,165000.0,5420000.0,6339000.0,35000.0,-16850000.0,9139620.0,13666620.0,-43.012729194430406,0.03044280442804428,6.385892116182573,-0.8221153846153846,0.28849362182695515,-43.012729194430406,0.14245014245014245,175.76192307692307,-2.85613125,-1.6274252136752136,0.0,0.3142857142857143,0.0,0.07192254495159059,0.023985239852398525,-1.1065006915629323,-36.8533064516129,0.7884615384615384,-0.04438642297650136,-3.6878127959594487,0.24021433268541206,-3.1674451048097145,5.1,-0.044386422976501305,0.4575289575289575,-3.6878127959594487,0.24021433268541206,-3.1674451048097145,Medical Devices,Healthcare,NAOV
2014Q3,2014,Q3,2014-09-30,2014-09-30,-766000.0,25000.0,-518000.0,-5.866746728101564,-10000.0,-0.4,,,,,,,,9139620.0,,,0.0,0.0,0.0,0.0,,0.0,365.5848,-2.9829046997389033,0.0,0.0,0.0,0.0,0.0,0.0,0.0,-34.10305970149254,-0.4,-0.3252595155709342,-1.6701300884472612,-0.15033393073234994,0.0,-1.2564102564102564,-0.32525951557093424,-0.9328358208955224,-1.6701300884472612,-0.15033393073234994,0.0,Medical Devices,Healthcare,NAOV
2014Q2,2014,Q2,2014-06-30,2014-06-30,-578000.0,64000.0,-268000.0,-4.426866330081859,39000.0,0.609375,,,,,,,,9139620.0,,,0.0,0.0,0.0,0.0,,0.0,142.8065625,-3.953122837370242,0.0,0.0,0.0,0.0,0.0,0.0,0.0,-39.56545454545454,0.609375,-0.1491053677932406,0.0,0.0,0.0,-0.025,-0.14910536779324055,-0.8611111111111112,0.0,0.0,0.0,Medical Devices,Healthcare,NAOV
2014Q1,2014,Q1,2014-03-31,2014-03-31,-503000.0,62000.0,-144000.0,-3.852445958531445,40000.0,0.6451612903225806,795000.0,-3745000.0,174000.0,4024000.0,4540000.0,72000.0,-14706000.0,9139620.0,12516620.0,-28.68281175803808,0.04324055666003976,4.29433962264151,-0.911615487316422,0.4511913289936774,-28.68281175803808,0.1343124165554072,147.4132258064516,-4.54255467196819,-2.440485981308411,0.0,0.3055555555555556,0.0,0.0779874213836478,0.025347912524850896,-0.6327044025157232,-58.21414012738853,0.6451612903225806,0.1282495667244368,0.3696741854636591,0.8235294117647056,0.0,21.0,0.12824956672443674,0.23809523809523808,0.3696741854636591,0.8235294117647056,0.0,Medical Devices,Healthcare,NAOV
2013Q4,2013,Q4,2013-12-31,2013-12-31,-577000.0,8000.0,-189000.0,-4.4192073917945205,-2000.0,-0.25,691000.0,-3297000.0,224000.0,3558000.0,3988000.0,65000.0,-14203000.0,9139620.0,12152620.0,-25.251596893525114,0.0629567172568859,4.496382054992764,-0.9423718531998787,0.9947368421052631,-25.251596893525114,0.17500758265089475,1142.4525,-3.959974003466205,-2.7721019108280256,0.0,0.15384615384615385,0.0,0.011577424023154847,0.03569421023046655,-0.8350217076700435,-58.21414012738853,-0.25,-1.2411694629815069,-2.381084979085752,-0.8091977949714751,-1.4465930396292073,-1.2,-0.6485714285714286,-0.18125,-2.381084979085752,-0.8091977949714751,-1.4465930396292073,Medical Devices,Healthcare,NAOV
2013Q3,2013,Q3,2013-09-30,2013-09-30,-350000.0,50000.0,-160000.0,-1.971830985915493,10000.0,0.2,435000.0,-2768000.0,248000.0,519000.0,3203000.0,72000.0,-13626000.0,12425000.0,15080000.0,-15.5943661971831,0.47784200385356457,6.220689655172414,-0.9776011560693642,2.5806451612903225,-15.5943661971831,0.12644508670520233,248.5,-8.875,-4.488800578034682,0.0,0.5555555555555556,0.0,0.11494252873563218,0.33911368015414256,-0.8045977011494253,-88.75,0.2,0.0,0.10256410256410262,0.25000000000000006,0.0,0.0,0.0,0.0,0.10256410256410262,0.25000000000000006,0.0,Medical Devices,Healthcare,NAOV
2013Q1,2013,Q1,2013-03-31,2013-03-31,-798000.0,34000.0,-661000.0,-6.111832753296407,22000.0,0.6470588235294118,,,,,,,,9139620.0,,,0.0,0.0,0.0,0.0,,0.0,268.81235294117647,-2.8632894736842105,0.0,0.0,0.0,0.0,0.0,0.0,0.0,-71.96551181102362,0.6470588235294118,-3.6760789384056562,0.0,0.0,0.0,-0.45,-2.439655172413793,-5.544554455445544,0.0,0.0,0.0,Medical Devices,Healthcare,NAOV
2012Q4,2012,Q4,2012-12-31,2012-12-31,-232000.0,57000.0,-101000.0,-1.3070422535211268,40000.0,0.7017543859649122,349000.0,-1832000.0,185000.0,95000.0,2181000.0,60000.0,-12214000.0,12425000.0,14270000.0,-10.32112676056338,1.9473684210526316,5.5759312320916905,-1.0622270742358078,-0.8859649122807017,-10.32112676056338,0.12663755458515283,217.98245614035088,-13.389008620689655,-6.782205240174672,0.0,0.2833333333333333,0.0,0.16332378223495703,1.3157894736842106,-0.664756446991404,-83.95270270270271,0.7017543859649122,0.4051282051282052,0.0,0.0,0.0,0.3333333333333333,0.40512820512820513,0.596,0.0,0.0,0.0,Medical Devices,Healthcare,NAOV
2012Q3,2012,Q3,2012-09-30,2012-09-30,-390000.0,40000.0,-250000.0,-2.1971830985915495,30000.0,0.75,,,,,,,,12425000.0,,,0.0,0.0,0.0,0.0,,0.0,310.625,-7.964743589743589,0.0,0.0,0.0,0.0,0.0,0.0,0.0,-46.01851851851852,0.75,0.0,0.0,0.0,0.0,0.0,0.0,0.0,0.0,0.0,0.0,Medical Devices,Healthcare,NAOV
2013Q2,2013,Q2,2013-06-30,2013-06-30,,,,,,,440000.0,-2420000.0,260000.0,400000.0,2860000.0,110000.0,-13280000.0,0.0,2390000.0,0.0,0.65,5.090909090909091,-0.9256198347107438,,0.0,,0.0,0.0,0.0,0.0,,,,0.3,,0.0,0.0,0.0,0.0,0.0,0.0,0.0,0.0,0.0,0.0,0.0,0.0,Medical Devices,Healthcare,NAOV
2012Q2,,,,,,,,,,,,,,,,,,0.0,,0.0,0.0,0.0,0.0,0.0,0.0,0.0,0.0,0.0,0.0,0.0,0.0,,0.0,0.0,0.0,0.0,0.0,0.0,0.0,0.0,0.0,0.0,0.0,0.0,0.0,0.0,0.0,Medical Devices,Healthcare,NAOV
