Quarters,Year,Quarter,FillingDate,Date,NetIncome,Revenue,OperatingIncome,EPSDiluted,GrossProfit,GrossProfitRatio,TotalAssets,CommonStockEquity,CurrentAssets,CurrentLiability,TotalLiability,Inventory,RetainedEarnings,MarketCap,EnterpriseValue,bookValuePerShare,currentRatio,debtToAssets,debtToEquity,roic,shareholdersEquityPerShare,roe,priceToSalesRatio,peRatio,pbRatio,payoutRatio,inventoryTurnover,dividendYield,assetTurnover,quickRatio,returnOnAssets,priceToFreeCashFlowsRatio,grossProfitMargin,epsdilutedGrowth,fiveYNetIncomeGrowthPerShare,fiveYRevenueGrowthPerShare,fiveYShareholdersEquityGrowthPerShare,grossProfitGrowth,netIncomeGrowth,operatingIncomeGrowth,threeYNetIncomeGrowthPerShare,threeYRevenueGrowthPerShare,threeYShareholdersEquityGrowthPerShare,Industry,Sector,Symbol
2023Q4,2023,Q4,2023-05-26,2023-04-01,-189250000.0,259716000.0,16502000.0,-3.85,153004000.0,0.5891204238,985174000.0,262185000.0,230226000.0,190315000.0,722989000.0,170637000.0,-578002000.0,168673244.39000002,707845244.39,5.331577946770767,0.0,0.0,2.757552872971375,3.503068041300487,5.331577946770767,-0.7218185632282549,0.6494526497789894,-0.2228180242932629,0.6433367446268856,,0.0,,0.0,0.0,0.0,0.0,0.5891204238475873,-49.125,-462.6655126648839,0.09074867861855994,0.030532361623276966,0.06666852573531974,-46.40547024952016,-17.963777611381506,-15.864508440925324,0.058908922165350534,-0.05048501244067259,Specialty Retail,Consumer Cyclical,TCS
2023Q3,2023,Q3,2023-02-08,2022-12-31,4168000.0,252236000.0,10684000.0,0.08,143441000.0,0.5686777462,1209021000.0,449510000.0,253751000.0,201819000.0,759511000.0,190307000.0,-388752000.0,212324055.82,775724055.8199999,9.124675451953694,1.2573196775328388,0.6282033149134714,1.6896420546817645,0.006206379755527764,9.124675451953694,0.009272318747080155,0.8417674551610397,12.73536803142994,0.4723455669951725,0.0,0.571681546133353,0.0,0.2086283033958881,0.18782671601781795,0.003447417373230076,-9.459748532858097,0.5686777462376504,-0.7419354838709676,-0.8566946115066656,0.10372625158344369,0.7428173984826891,-0.0711584536683287,-0.7353146631104337,-0.5731010508650657,0.6947221786468604,0.08185903331652543,0.6439071028357649,Specialty Retail,Consumer Cyclical,TCS
2023Q2,2023,Q2,2022-11-02,2022-10-01,15747000.0,272672000.0,25027000.0,0.31,154430000.0,0.5663581152,1213659000.0,444680000.0,267002000.0,231487000.0,768979000.0,190142000.0,-392920000.0,245004630.50000003,778415630.5,8.893431914136823,1.1534211424399643,0.6336038376512678,1.7292862282990016,0.01695500139517187,8.893431914136823,0.03541198164972564,0.8985324144026524,3.8897032847526516,0.5509684053701539,0.0,0.6218615561001778,0.0,0.22466936759007267,0.21490191673830497,0.012974814177623204,26.657015613099773,0.5663581152446896,0.4761904761904762,18.29734081870424,0.19993464582948897,0.9176269189045259,0.028929694579180213,0.5027197251646149,0.3954279342068581,3.1713336813820123,0.11385345585866054,0.655992870746264,Specialty Retail,Consumer Cyclical,TCS
2023Q1,2023,Q1,2022-08-03,2022-07-02,10479000.0,262634000.0,17935000.0,0.21,150088000.0,0.5714720866,1224439000.0,433607000.0,269670000.0,229345000.0,790832000.0,190752000.0,-408667000.0,327154698.22,878468698.22,8.721054826733278,1.1758268111360615,0.6458729262952259,1.823845094751699,0.011517973071618184,8.721054826733278,0.0241670452737156,1.2456677285499975,7.805007591850368,0.7544958873357672,0.0,0.5900121623888609,0.0,0.2144933312316906,0.2375460550698729,0.008558205022871699,-22.64359760658915,0.5714720866300631,-0.5434782608695652,2.319094098218115,0.38639182463424976,0.9056113587053027,-0.13755911439029575,-0.5474997840918905,-0.5148113079940484,3.479946165415841,0.21597821398304437,0.6103185828262148,Specialty Retail,Consumer Cyclical,TCS
2022Q4,2022,Q4,2022-06-02,2022-04-02,23158000.0,305546000.0,36965000.0,0.46,174027000.0,0.5695607208,1197577000.0,428096000.0,260411000.0,235515000.0,769481000.0,192783000.0,-419146000.0,402993634.96,921076634.96,8.625792614181194,1.1057087658960152,0.6425315449445005,1.797449637464494,0.023349687864320214,8.625792614181194,0.054095343100612946,1.3189295063918363,4.350479693410485,0.9413627666691582,0.0,0.6822126432309903,0.0,0.2551368304501506,0.1960129928030062,0.019337378723873287,13.568352411029931,0.5695607208079961,0.7037037037037037,1.674196394380498,0.33715750407782763,0.8671532880752547,0.1422992097040985,0.6912290951581099,0.6652401117217768,0.414427549250523,0.17066344087951857,0.5688577320131433,Specialty Retail,Consumer Cyclical,TCS
2022Q3,2022,Q3,2022-02-09,2022-01-01,13693000.0,267304000.0,22198000.0,0.27,152348000.0,0.5699428366,1201085000.0,406637000.0,272342000.0,224275000.0,794448000.0,196641000.0,-442304000.0,495122450.64000005,1040757450.6400001,8.196431518615817,1.2143217032660796,0.6614419462402744,1.953703179986081,0.014660372795890164,8.196431518615817,0.033673768004387206,1.8522822353574957,9.03970004089681,1.2176030480256346,0.0,0.5845983289344542,0.0,0.22255210913465742,0.23465834355144355,0.011400525358321851,-30.0219773611448,0.5699428366204771,-0.5,1.6017476162689184,0.19520745509995535,0.8613355043734502,-0.06842446403893897,-0.49648832505975365,-0.4418967164479308,0.42546427389151853,0.17026288507990528,0.5692647380180825,Specialty Retail,Consumer Cyclical,TCS
2022Q2,2022,Q2,2021-11-03,2021-10-02,27195000.0,275954000.0,39774000.0,0.54,163538000.0,0.5926277568,1123209000.0,394718000.0,254197000.0,227304000.0,728491000.0,173141000.0,-455997000.0,492209823.79999995,963873823.8,7.979207057833615,1.1183129201421884,0.6485800950669021,1.8455986299079343,0.02984050606319024,7.979207057833615,0.06889728869724715,1.7836662045123461,4.524819119323404,1.2469910766673928,0.0,0.6492742908958594,0.0,0.2456835726921704,0.24201949811705908,0.024211878644134797,34.61147765979889,0.5926277568000464,0.542857142857143,6.450746137451872,0.30554657724644063,0.8194648832805158,0.11764303873595583,0.5388750565866908,0.4999434325149904,7.165430014774595,0.1964107535075488,0.5940038946051658,Specialty Retail,Consumer Cyclical,TCS
2022Q1,2022,Q1,2021-08-04,2021-07-03,17672000.0,245315000.0,26517000.0,0.35,146324000.0,0.5964739213,1084526000.0,369548000.0,215243000.0,209906000.0,714978000.0,145041000.0,-483192000.0,628726290.57,1113566290.5700002,7.5293652436710765,1.0254256667270112,0.6592539044707089,1.9347364888999534,0.02017935005016323,7.5293652436710765,0.04782058081764751,2.562934555856756,8.894385052201223,1.701338636848258,0.0,0.6825035679566468,0.0,0.22619559143810292,0.1900707935933227,0.016294676199556303,-164.20117277879342,0.5964739212848786,-0.49275362318840576,9.39967134430361,0.35164884616554454,0.749472036033782,-0.21623199584344352,-0.4962946072283662,-0.4802218911713972,3.5625115880183005,0.22869513514637022,0.5365442080381293,Specialty Retail,Consumer Cyclical,TCS
2021Q4,2021,Q4,2021-06-03,2021-04-03,35084000.0,314683000.0,51016000.0,0.69,186693000.0,0.5932732305,1078469000.0,353669000.0,203324000.0,214913000.0,724800000.0,130619000.0,-500864000.0,799123453.3800001,1283289453.38,7.267018575712522,0.9460758539502031,0.6720638238094929,2.0493738495598994,0.03883835971499779,7.267018575712522,0.09920009952808982,2.5394554309575037,5.694358207302475,2.2595236036520028,0.0,0.979872759705709,0.0,0.2917867829302465,0.2174321702270221,0.032531301316959506,49.65967271812081,0.5932732305208734,0.7249999999999998,3.131452700688257,0.4043672028733076,0.5730308198968447,0.17058443634904413,0.7837205755249377,0.5533767736435052,87.85390771673958,0.3353977072505712,0.40463065335565956,Specialty Retail,Consumer Cyclical,TCS
2021Q3,2021,Q3,2021-02-03,2020-12-26,19669000.0,275478000.0,32842000.0,0.4,159487000.0,0.5789464131,1108182000.0,322539000.0,228022000.0,240163000.0,785643000.0,138989000.0,-535948000.0,593049993.0300001,1102659993.0300002,6.640588881687724,0.9494468340252246,0.7089476277362383,2.4358077627821753,0.02400914713187044,6.640588881687724,0.06098177274686162,2.1528034653583954,7.537876773476028,1.8386923535758466,0.0,0.8345336681320105,0.0,0.24858552115085789,0.24894342592322713,0.01774888962282369,28.649758117391308,0.5789464131436993,-0.02439024390243891,12.226204392203813,0.37986772980018424,0.6212511264179471,0.09194292678251106,-0.026287128712871286,-0.02730719109110295,-0.31409592821011934,0.222608787406014,0.26835566920882536,Specialty Retail,Consumer Cyclical,TCS
2021Q2,2021,Q2,2020-10-21,2020-09-26,20200000.0,248241000.0,33764000.0,0.41,146058000.0,0.5883717839,1108054000.0,289295000.0,232025000.0,228012000.0,818759000.0,117715000.0,-555617000.0,296904615.12,826955615.12,5.963145434045956,1.0175999508797782,0.7389161539058565,2.830187179176965,0.02592584687659149,5.963145434045956,0.06982491920012444,1.1960337539729538,3.6745620683168316,1.0263039980642596,0.0,0.8680541987002506,0.0,0.2240333052360264,0.3990711015209726,0.018230158457981288,4.741521848669712,0.5883717838713186,2.205882352941176,6.474704388769899,0.2560541114816971,0.4318800471485198,0.8668183386801979,2.211757648470306,2.8128322147651006,23.86891555291593,0.12590888821368684,0.2857902681519549,Specialty Retail,Consumer Cyclical,TCS
2021Q1,2021,Q1,2020-07-29,2020-06-27,-16670000.0,151686000.0,-18625000.0,-0.34,78239000.0,0.5157957887,1110461000.0,263030000.0,224317000.0,193466000.0,847431000.0,109182000.0,-575817000.0,151942103.70000002,753003103.7,5.435716499165465,1.1594647121458035,0.7631344099432578,3.221803596547922,-0.014138117039610166,5.435716499165465,-0.06337680112534692,1.0016883806020334,-2.2786758203359327,0.5776607371782687,0.0,0.6727024601124727,0.0,0.13659732309374215,0.47692100937632453,-0.015011783394464101,7.001617607483527,0.5157957886686971,-2.307692307692308,-2.179518618628323,-0.11433596776709215,0.3297814661736541,-0.4509120002245787,-2.330619412515964,-1.8058932975639306,-1.1561070400054296,-0.1772662362186771,0.18774200017173337,Specialty Retail,Consumer Cyclical,TCS
2020Q4,2020,Q4,2020-06-17,2020-03-28,12528000.0,241344000.0,23111000.0,0.26,142489000.0,0.5903979382,1166814000.0,271708000.0,242166000.0,198171000.0,895106000.0,124207000.0,-559147000.0,153877671.9,799369671.9,5.615054018763069,1.222005237900601,0.7671368358624425,3.2943674827388225,0.01662371717337158,5.615054018763069,0.046108322169387726,0.637586481951074,3.070675125718391,0.5663347118965949,0.0,0.7958891205809656,0.0,0.2068401647563365,0.49048548980425993,0.010736929793437515,5.583167225427235,0.5903979382126757,4.2,0.32182810549173557,0.03129973313378326,0.3012607299149697,0.06046217392922264,4.1940298507462686,1.4502756573367261,0.4837736850888134,0.08326856383259489,0.21544384879103087,Specialty Retail,Consumer Cyclical,TCS
2020Q3,2020,Q3,2020-02-05,2019-12-28,2412000.0,228657000.0,9432000.0,0.05,134365000.0,0.5876268822,1142282000.0,268170000.0,206261000.0,196508000.0,874112000.0,139579000.0,-571675000.0,208715058.72000003,884154058.72,5.550602851106056,1.0496315671626602,0.7652331035593662,3.259544318902189,0.005002467502363952,5.550602851106056,0.008994294663832643,0.9127866573951379,21.632987014925376,0.7782938386844167,0.0,0.675545748285917,0.0,0.2001756133774322,0.22703401388238648,0.002111562643900543,-14.24384485907323,0.5876268821859816,-0.375,-0.6166873144788244,0.18936441205162924,0.3564622962928623,-0.017828426069413175,-0.33845309928688977,-0.09176697159364468,-0.529395689222099,0.0498672232498936,0.2604917315511169,Specialty Retail,Consumer Cyclical,TCS
2020Q2,2020,Q2,2019-10-30,2019-09-28,3646000.0,236432000.0,10385000.0,0.08,136804000.0,0.5786187995,1140572000.0,259348000.0,193116000.0,219564000.0,881224000.0,133200000.0,-574087000.0,210551563.48000002,882544563.48,5.370453020204759,0.8795430944963655,0.772615845382843,3.3978438237426163,0.007249596105047234,5.370453020204759,0.01405833089131206,0.8905375054138188,14.437161511245202,0.8118495746255996,0.0,0.7479579579579579,0.0,0.20729248131639214,0.171530852052249,0.003196641685049256,169.11772167068276,0.5786187994856872,1.9411764705882353,-0.4791938421575557,0.2154863217496509,0.317540265925473,0.14186984066039546,1.8894852403025129,55.94708994708995,0.02325195408071346,0.14582197765102303,0.22460171878573917,Specialty Retail,Consumer Cyclical,TCS
2020Q1,2020,Q1,2019-07-31,2019-06-29,-4099000.0,209520000.0,-189000.0,-0.085,119807000.0,0.571816533,1121520000.0,261207000.0,183857000.0,201451000.0,860313000.0,120512000.0,-577733000.0,353052003.36,1016971003.36,5.415732588409465,0.9126636253977394,0.7670955488979242,3.293606220353972,-0.00012598242884738421,5.415732588409465,-0.01569253503926005,1.685051562428408,-21.53281308611857,1.3516176953910117,0.0,0.7444320897503983,0.0,0.18681789000641985,0.20029188239323706,-0.0036548612597189526,-20.738487039473686,0.5718165330278733,-1.2575757575757576,-0.13853551279558368,0.20091312183803695,0.35459328601020734,-0.19202185055300783,-1.258090920538975,-1.006717850287908,-0.9826196273269432,0.17476270670289284,0.25836274525575625,Specialty Retail,Consumer Cyclical,TCS
2019Q4,2019,Q4,2019-05-30,2019-03-30,15882000.0,253180000.0,28134000.0,0.33,148280000.0,0.5856702741,748744000.0,264693000.0,164368000.0,141275000.0,484051000.0,108650000.0,-573634000.0,423652407.20000005,683775407.2,5.498135642364881,1.1634613342771192,0.6464839785026658,1.8287261091150881,0.02987022944096903,5.498135642364881,0.060001586743888204,1.6733249356189275,6.668750900390379,1.6005425424926236,0.0,0.9654855039116429,0.0,0.33813960445759833,0.24020527340293754,0.021211522229226544,17.130419602927503,0.5856702741132791,0.736842105263158,0.21315161836349641,0.12520940242154785,0.30689808818593395,0.14011548782456923,0.7038944319279047,1.4672454617205999,0.8906563265099734,0.14222197207527232,0.19013550430690834,Specialty Retail,Consumer Cyclical,TCS
2019Q3,2019,Q3,2019-02-06,2018-12-29,9321000.0,221637000.0,11403000.0,0.19,130057000.0,0.5868018427,772022000.0,251438000.0,186445000.0,135953000.0,520584000.0,116006000.0,-589516000.0,225774639.58,509718639.58000004,5.223103100479768,1.3713930549528146,0.6743123900614231,2.070426904445629,0.02938211003662562,5.223103100479768,0.03707076893707395,1.0186685417146055,6.055536948288811,0.8979336439997136,0.0,0.7894419254176508,0.0,0.2870863783674559,0.3762918067273249,0.012073490133700853,-232.27843578189302,0.5868018426526257,1.714285714285714,1.3681565582451085,-0.5589887081256327,-0.46860260068977283,-0.003967068734443806,1.8759642085775996,-0.19225047814691507,0.825193141576355,0.02131535600938663,0.18611949869226088,Specialty Retail,Consumer Cyclical,TCS
2019Q2,2019,Q2,2018-11-01,2018-09-29,3241000.0,224453000.0,14117000.0,0.07,130575000.0,0.5817476265,751454000.0,240972000.0,168390000.0,136543000.0,510482000.0,110801000.0,-598837000.0,534341867.7,822171867.7,5.005763840878232,1.2332378811070506,0.6793256806138499,2.118428697110038,0.014557952863978069,5.005763840878232,0.01344969540029547,2.380640346531345,41.217360976550445,2.217443801354514,0.0,0.8472667214194818,0.0,0.2986916032119065,0.2636971503482419,0.004312971918440783,101.915290425329,0.581747626451863,1.5,-0.24513711349005884,0.16830192292096496,4.4794781326676585,0.13770029014298038,1.4791543465405086,7.1485191637630665,0.20862336082762198,0.14453625117817284,0.2019920432542379,Specialty Retail,Consumer Cyclical,TCS
2019Q1,2019,Q1,2018-08-02,2018-06-30,-6764000.0,195823000.0,-2296000.0,-0.14,114771000.0,0.5860956067,752363000.0,235890000.0,167308000.0,134720000.0,516473000.0,104135000.0,-602078000.0,404848207.87,690453207.87,4.900194347993817,1.241894299287411,0.6864678353401217,2.1894654288015603,-0.002256175259170856,4.900194347993817,-0.028674382127262706,2.067419086981611,-14.963342987507392,1.7162584589003351,0.0,0.7783358140874826,0.0,0.26027728636309866,0.2950861045130641,-0.008990341098645202,-52.06381274048354,0.5860956067469092,-15.867469879518074,-0.3493793843973672,0.17334968699689124,0.0,-0.1592853584927774,-15.952380952380953,-1.1128754731822428,-0.2968257735701791,0.14931604626686715,0.19877253083590518,Specialty Retail,Consumer Cyclical,TCS
2018Q4,2018,Q4,2018-05-31,2018-03-31,-399000.0,232764000.0,20341000.0,-0.0083,136516000.0,0.5864996305,749369000.0,248707000.0,154194000.0,126537000.0,500662000.0,97362000.0,-595721000.0,261512697.28000003,538278697.28,5.173615254908207,1.218568481945992,0.668111437756299,2.013059543961368,-0.0009257854070345348,5.173615254908207,-0.0016042974262887655,1.1235100671925213,-163.85507348370928,1.0514890906970853,0.0,0.9885581643762453,0.0,0.3106133293477579,0.2682377486426895,-0.0005324479662222483,17.16075183935954,0.5864996305270574,-1.0140677966101694,-1.0216903673038584,0.07030069587375419,0.25749212421638407,0.04561086388737831,-1.0140596920257938,0.46348658176847257,-1.0423760760609668,0.0011953351391627781,0.19895950072874027,Specialty Retail,Consumer Cyclical,TCS
2018Q3,2018,Q3,2018-02-07,2017-12-30,28379000.0,222986000.0,13899000.0,0.59,130561000.0,0.5855120949,784399000.0,251663000.0,186048000.0,138451000.0,532736000.0,110391000.0,-595322000.0,227841153.96,519291153.96000004,5.235588914763939,1.3437822767621759,0.6791645578334495,2.116862629786659,0.08721656319398677,5.235588914763939,0.11276588135721183,1.0217733577892782,2.0071281049367493,0.9053422790000915,0.0,0.8372512251904594,0.0,0.28427624206558144,0.38750893818029486,0.03617929140654182,24.074509082840237,0.5855120949297266,33.417582417582416,2.9619396247424477,0.21778290241263706,0.0,0.03313181508854669,33.433142857142855,0.762937595129376,17.367018150087382,0.1286257255911137,0.2782306775427202,Specialty Retail,Consumer Cyclical,TCS
2018Q2,2018,Q2,2017-11-08,2017-09-30,-875000.0,218410000.0,7884000.0,-0.0182,126374000.0,0.578609038,771953000.0,222881000.0,171501000.0,135673000.0,549072000.0,109277000.0,-623701000.0,202325152.51,508893152.51,4.637727926356673,1.2640761242104177,0.7112764637225323,2.463520892314733,0.02790913183152414,4.637727926356673,-0.003925861782745052,0.9263548029394258,-57.80718643142857,0.9077720959166551,0.0,0.8422266350650183,0.0,0.2829317328904739,0.2777560752692135,-0.001133488696850715,10.224122113800595,0.5786090380477085,0.8862500000000001,-1.204138791849315,0.13875590135530494,4.223658450133566,0.21970852234340316,0.8860231861404194,1.9872276483846731,-1.1255948119684493,0.12828948204414645,0.13777985998451073,Specialty Retail,Consumer Cyclical,TCS
2018Q1,2018,Q1,2017-08-03,2017-07-01,-7677000.0,183068000.0,-7986000.0,-0.16,103610000.0,0.5659645596,770241000.0,219892000.0,170194000.0,122520000.0,550349000.0,105006000.0,-622826000.0,284443787.04,607090787.04,4.57651282717924,1.3891119817172706,0.7145153270210233,2.502815018281702,-0.007018714400241819,4.57651282717924,-0.034912593454968804,1.5537602805514892,-9.262856162563502,1.2935613257417278,0.0,0.7566996171647334,0.0,0.23767625976804663,0.2887202089454783,-0.009967010325339731,-28.5528796466573,0.5659645596171914,-1.9411764705882353,-0.5344173213016411,0.09899996610555928,0.0,-0.18621090497808637,-1.9164378655843382,-1.464815784878645,-1.1404892819710666,0.05329832958778624,0.14468605084086206,Specialty Retail,Consumer Cyclical,TCS
2017Q4,2017,Q4,2017-06-01,2017-04-01,8377000.0,221042000.0,17181000.0,0.17,127318000.0,0.5759900833,761834000.0,221790000.0,162685000.0,113052000.0,540044000.0,103120000.0,-615149000.0,203078192.67000002,509813192.67,4.6197560046465425,1.439028057884867,0.7088735866343586,2.434933946525993,0.01600464466978433,4.6197560046465425,0.03776996257721268,0.9187312486767222,6.0605882974215115,0.9156327727580145,0.0,0.9088828549262995,0.0,0.29014457217714096,0.338145278279022,0.010995833738058422,15.316252558262313,0.5759900833325793,0.5454545454545455,2.8389430856203988,-0.02308354921438329,-0.08845100544358987,0.012855801816995752,0.6451296150824823,0.36780511105803676,-0.35834366016012326,-0.014894276304994198,0.09810864683599527,Specialty Retail,Consumer Cyclical,TCS
2017Q3,2017,Q3,2017-02-08,2016-12-31,5092000.0,216380000.0,12561000.0,0.11,125702000.0,0.5809316942,780114000.0,211367000.0,181978000.0,123155000.0,568747000.0,109009000.0,-623526000.0,304797047.25,624596047.25,4.403521825784354,1.4776338760099061,0.7290562661354623,2.6908032001211164,0.010915932990636734,4.403521825784354,0.024090799415235113,1.4086193144005916,14.964505461999215,1.4420275977328532,0.0,0.8318395728793035,0.0,0.2773697177591993,0.4046526734602736,0.006527251145345424,65.39305883930487,0.580931694241612,0.5714285714285713,-0.2881049718619067,0.18338535795831615,0.0,0.06207595792319716,0.4380118610561988,0.22283878504672897,-0.18548836731315488,0.1328712676350807,0.07613740125343577,Specialty Retail,Consumer Cyclical,TCS
2017Q2,2017,Q2,2016-11-10,2016-10-01,3541000.0,205060000.0,10272000.0,0.07,118355000.0,0.5771725349,775865000.0,210465000.0,169055000.0,124650000.0,565400000.0,112916000.0,-628619000.0,240917053.89999998,569316053.9,4.385469118506434,1.3562374649017248,0.7287350247787953,2.686432423443328,0.008602486793926523,4.385469118506434,0.01682465017936474,1.1748612791378132,17.009111402146285,1.1446893968118215,0.0,0.7678716922313933,0.0,0.26429855709433986,0.29863618130766145,0.004563938314010814,34.98650216381063,0.5771725348678436,2.6317016317016315,-0.17272982371995668,0.0706389249430363,4.048314779599215,0.13047423468169445,2.721438988818668,8.992217898832685,-0.17272982371995668,0.0706389249430363,4.048314779599215,Specialty Retail,Consumer Cyclical,TCS
2017Q1,2017,Q1,2016-08-10,2016-07-02,-2057000.0,177448000.0,1028000.0,-0.0429,104695000.0,0.5900038321,771742000.0,206526000.0,162807000.0,125218000.0,565216000.0,104144000.0,-632160000.0,260089404.5,594340404.5,4.303792852122894,1.3001884713060423,0.7323898401279184,2.736778904351026,0.0009748506928467745,4.303792852122894,-0.009960005035685579,1.4657218142779858,-31.61028251093826,1.2593542919535554,0.0,0.6985808111845138,0.0,0.22993176476076202,0.271478541423757,-0.002665398539926556,-29.95731450126699,0.5900038321085613,-1.2145,0.5883409996158689,0.06661508743819411,0.0,-0.22040448568067078,-1.2188530694754762,-0.9441910966340934,0.4257418331268069,0.02226016793513838,0.07647281447043533,Specialty Retail,Consumer Cyclical,TCS
2016Q4,2016,Q4,2016-05-10,2016-02-27,9399000.0,232074000.0,18420000.0,0.2,134294000.0,0.5786688729,763768000.0,207068000.0,146431000.0,116003000.0,556700000.0,86435000.0,-630456000.0,252891358.24999997,567160358.25,4.315087583662025,1.2623035611147988,0.7288862586544606,2.6884888056097513,0.017484761525265007,4.315087583662025,0.04539088608573029,1.0897013808095692,6.726549586392169,1.2212961841037726,0.0,1.1312547000636317,0.0,0.3038540499209184,0.3673094661344965,0.01230609294969153,7.005494840577301,0.578668872859519,6.54016620498615,3.3092764523100944,0.026144821555664922,-0.1485667761774113,0.1566698821746021,6.429809358752166,9.302013422818792,3.3092764523100944,0.026144821555664922,-0.1485667761774113,Specialty Retail,Consumer Cyclical,TCS
2016Q3,2016,Q3,2016-01-07,2015-11-28,-1731000.0,197241000.0,1788000.0,-0.0361,116104000.0,0.5886402928,789193000.0,196553000.0,172952000.0,122133000.0,592640000.0,109296000.0,-639855000.0,486587926.5,840805926.5,4.095965624005264,1.416095567946419,0.7509443190702401,3.015166392779556,0.0017985786766160387,4.095965624005264,-0.008806784938413558,2.4669715044032428,-70.27555264298094,2.4756067142195746,0.0,0.742360196164544,0.0,0.24992745754207146,0.3306067975076351,-0.002193379819638542,-135.4266424993042,0.588640292839724,-1.6016666666666666,-1.242068505601388,0.07899622948504705,0.0,0.02002196354052273,-1.6475869809203143,-0.7942936033133916,-1.242068505601388,0.07899622948504705,0.0,Specialty Retail,Consumer Cyclical,TCS
2016Q2,2016,Q2,2015-10-07,2015-08-29,2673000.0,195482000.0,8692000.0,0.06,113825000.0,0.5822786753,788695000.0,199837000.0,171459000.0,121497000.0,588858000.0,105722000.0,-638124000.0,807590596.2299999,1153859596.23,4.1645565534076034,1.4112200301242006,0.746623219368704,2.9466915536161973,0.007349687462820104,4.1645565534076034,0.01337590135960808,4.131278563908697,75.53222935185184,4.041246597126658,0.0,0.7723747186016156,0.0,0.24785500098263588,0.35792653316542794,0.0033891428245392706,-83.30829340107282,0.5822786752744499,1.5454545454545454,-0.3754357966463282,0.020764455226584568,3.894759705103722,0.14595078930412372,1.514137334102712,3.1546851760039663,-0.3754357966463282,0.020764455226584568,3.894759705103722,Specialty Retail,Consumer Cyclical,TCS
2016Q1,2016,Q1,2015-07-08,2015-05-30,-5199000.0,169833000.0,-4034000.0,-0.11,99328000.0,0.5848568888,770023000.0,196142000.0,156703000.0,122712000.0,573881000.0,103619000.0,-640797000.0,880981429.68,1217395429.6799998,4.0876765374135715,1.2769981745876524,0.7452777384571629,2.925844541199743,-0.0036857959254571384,4.0876765374135715,-0.026506306655382325,5.187339502216883,-42.36302316214657,4.491549131139684,0.0,0.6804254046072632,0.0,0.2205557496334525,0.26620053458504467,-0.006751746376406939,-32.70646828333828,0.5848568888260821,-1.4074074074074074,-0.04052480440954479,0.02091125483550724,0.0,-0.23410620792819745,-1.3984518700183937,-1.1867073960936776,-0.04052480440954479,0.02091125483550724,0.0,Specialty Retail,Consumer Cyclical,TCS
2015Q4,2015,Q4,2015-05-08,2015-02-28,13048000.0,224259000.0,21606000.0,0.27,129689000.0,0.5783000905,769057000.0,201862000.0,156942000.0,119136000.0,567195000.0,83724000.0,-635598000.0,883833523.9200001,1193767523.92,4.207011772430303,1.3173348106365834,0.7375201057918984,2.8098156166093666,0.02410550635540004,4.207011772430303,0.06463821818866354,3.941128444878467,16.934271994175354,4.378404672102724,0.0,1.1295446944723138,0.0,0.2916025730212455,0.4281745232339511,0.016966232671960596,21.780027696402172,0.5783000905203358,1.076923076923077,4.982864731888092,-0.008313090374373397,-0.16989179788095066,0.13903160927111602,1.0880140822531605,1.1875063278323377,4.982864731888092,-0.008313090374373397,-0.16989179788095066,Specialty Retail,Consumer Cyclical,TCS
2015Q3,2015,Q3,2015-01-09,2014-11-29,6249000.0,190922000.0,9877000.0,0.13,113859000.0,0.5963639602,789566000.0,196331000.0,172871000.0,121988000.0,593235000.0,103850000.0,-648646000.0,1044995274.1800001,1395101274.18,4.091969873601022,1.41711479817687,0.7513431429418187,3.021606368836302,0.009140399576885743,4.091969873601022,0.0318289011923741,5.473414662427588,41.80650000720115,5.322619831712771,0.0,0.7420606644198363,0.0,0.24180625812155032,0.33778732334327966,0.007914474534111145,-210.59961188633616,0.5963639601512659,-0.07142857142857148,-0.1259854376913543,0.04458943550460581,0.0,0.0016979571727693417,-0.10150970524802301,-0.22920243483689715,-0.1259854376913543,0.04458943550460581,0.0,Specialty Retail,Consumer Cyclical,TCS
2015Q2,2015,Q2,2014-10-10,2014-08-30,6955000.0,193247000.0,12814000.0,0.14,113666000.0,0.5881902436,786576000.0,195558000.0,164435000.0,127730000.0,591018000.0,95708000.0,-654895000.0,1014223210.0,1364953210.0,4.076120600710764,1.2873639708760667,0.7513806676023678,3.0222133586966526,0.014901288556746412,4.076120600710764,0.03556489634788656,5.248325769610912,36.456621495327106,5.186303858701767,0.0,0.8314978894136331,0.0,0.2456812819104575,0.3545525718312065,0.008842120786802547,700.4303936464088,0.5881902435742857,2.8766756032171585,0.6253759900575866,0.0092763599038398,3.8332883745871995,0.12705747035259587,2.943280245878737,12.596380090497737,0.6253759900575866,0.0092763599038398,3.8332883745871995,Specialty Retail,Consumer Cyclical,TCS
2015Q1,2015,Q1,2014-07-11,2014-05-31,-3579000.0,173438000.0,-1105000.0,-0.0746,100852000.0,0.5814873326,775196000.0,191693000.0,155981000.0,132205000.0,583503000.0,94626000.0,-661850000.0,1374150014.56,1727116014.56,3.9980506653483117,1.1798419121818389,0.7527167322844803,3.0439452666503213,-0.001011279118552377,3.9980506653483117,-0.018670478316892114,7.923004269883186,-95.98700856105057,7.1684934481697296,0.0,0.7670830427155327,0.0,0.22373438459434775,0.28650202337279224,-0.004616896888012838,-64.87654098295641,0.5814873326491311,-1.1963157894736842,0.28314645897751234,0.043389071485244464,0.0,-0.2011279833337294,-1.1951472191930208,-1.0535627726611732,0.28314645897751234,0.043389071485244464,0.0,Specialty Retail,Consumer Cyclical,TCS
2014Q4,2014,Q4,2014-05-28,2014-03-01,18340000.0,216822000.0,20630000.0,0.38,126243000.0,0.5822425769,783474000.0,197186000.0,164732000.0,136841000.0,586288000.0,85595000.0,-658271000.0,1716293443.7,2049531443.7,4.114232729793187,1.2038204923962847,0.7483183870811284,2.973273964683091,0.033250127647084154,4.114232729793187,0.09300863144442303,7.915679422291096,23.39549405261723,8.703931535200267,0.0,1.0582277002161342,0.0,0.2767443463344029,0.36771873926674026,0.023408562377309265,71.17414961018495,0.5822425768602817,1.7169811320754718,7.4189550205699275,-0.040109557548187874,-0.1881985316016724,0.11779810340095095,2.9333755007379296,28.00261780104712,7.4189550205699275,-0.040109557548187874,-0.1881985316016724,Specialty Retail,Consumer Cyclical,TCS
2014Q3,2014,Q3,2014-01-10,2013-11-30,-9486000.0,188298000.0,-764000.0,-0.53,112939000.0,0.5997886329,774960000.0,177282000.0,169836000.0,140726000.0,597678000.0,105124000.0,-676611000.0,733910596.77,1091605596.77,9.828996354253036,1.2068558759575345,0.7712372251471044,3.3713405760314075,-0.001535691821211427,9.828996354253036,-0.05350797035232003,3.8976016567887073,-19.341940669671093,4.139791951636376,-21.69787054606789,0.7168581865225828,0.28045105344691423,0.24297770207494582,0.2764947486605176,-0.012240631774543202,-89.46855988906498,0.5997886329116613,-0.358974358974359,-4.529329829335501,1.740541252408101,0.0,0.05160293118057301,-3.309715120525931,-1.0668474932190042,-4.529329829335501,1.740541252408101,0.0,Specialty Retail,Consumer Cyclical,TCS
2014Q2,2014,Q2,2013-08-31,2013-08-31,4107000.0,183774000.0,11429000.0,-0.39,107397000.0,0.58439714,754351000.0,-66247000.0,153708000.0,348068000.0,820598000.0,91165000.0,-667124000.0,1666934523.0000002,2046382523.0000002,-1.4386536285084786,0.44160336485974006,1.0878198610461178,-12.38694582396184,0.011797931308812785,-1.4386536285084786,-0.06199526016272435,9.07056777890235,101.46910902118334,-25.16241524899241,0.0,0.8377886250205671,0.0,0.24361868679169246,0.10847592999069147,0.0054444151330083745,553.982892323031,0.5843971399653922,-2.9000000000000004,0.0,0.0,0.0,0.1522788721514098,1.856517205422315,108.89423076923077,0.0,0.0,0.0,Specialty Retail,Consumer Cyclical,TCS
2014Q1,2014,Q1,2013-05-31,2013-05-31,-4795000.0,159645000.0,104000.0,-0.1,93204000.0,0.5838203514,,,,,,,,1666955012.2,,,0.0,0.0,0.0,0.0,,0.0,10.441636206583357,-86.91110595411888,0.0,-18.769551616266945,0.0,0.05399065922074318,0.0,0.0,0.0,-99.68038104407104,0.5838203514046791,-3.2222222222222228,0.0,0.0,0.0,-0.2737841080862072,-3.290969899665552,-0.9958823296511858,0.0,0.0,0.0,Specialty Retail,Consumer Cyclical,TCS
2013Q4,2013,Q4,2013-02-28,2013-02-28,2093000.0,217025000.0,25257000.0,0.045,128342000.0,0.5913696579,752820000.0,233375000.0,157222000.0,131819000.0,519445000.0,82443000.0,-223830000.0,1666955012.2,1940457012.2,5.068028194024468,1.1927112176545112,0.6899989373289764,2.2257953936797,0.03469632348789985,5.068028194024468,0.008968398500267809,7.680935432323465,199.1107276875299,7.1428174063203,0.0,1.0756886576179907,0.0,0.2882827236258335,0.3860369142536357,0.0027802130655402353,62.64393131153702,0.5913696578735169,1.1323529411764706,0.0,0.0,0.0,0.23270645638434792,-0.6949868842902944,1.4554734590705813,0.0,0.0,0.0,Specialty Retail,Consumer Cyclical,TCS
2013Q3,2013,Q3,2012-11-30,2012-11-30,6862000.0,175416000.0,10286000.0,-0.34,104114000.0,0.5935262462,,,,,,,,1666955012.2,,,0.0,0.0,0.0,0.0,,0.0,9.502867538879007,60.731383423200235,0.0,0.0,0.0,0.0,0.0,0.0,0.0,3894.754701401869,0.5935262461805081,0.0,0.0,0.0,0.0,0.0,0.0,0.0,0.0,0.0,0.0,Specialty Retail,Consumer Cyclical,TCS
