Quarters,Year,Quarter,FillingDate,Date,NetIncome,Revenue,OperatingIncome,EPSDiluted,GrossProfit,GrossProfitRatio,TotalAssets,CommonStockEquity,CurrentAssets,CurrentLiability,TotalLiability,Inventory,RetainedEarnings,MarketCap,EnterpriseValue,bookValuePerShare,currentRatio,debtToAssets,debtToEquity,roic,shareholdersEquityPerShare,roe,priceToSalesRatio,peRatio,pbRatio,payoutRatio,inventoryTurnover,dividendYield,assetTurnover,quickRatio,returnOnAssets,priceToFreeCashFlowsRatio,grossProfitMargin,epsdilutedGrowth,fiveYNetIncomeGrowthPerShare,fiveYRevenueGrowthPerShare,fiveYShareholdersEquityGrowthPerShare,grossProfitGrowth,netIncomeGrowth,operatingIncomeGrowth,threeYNetIncomeGrowthPerShare,threeYRevenueGrowthPerShare,threeYShareholdersEquityGrowthPerShare,Industry,Sector,Symbol
2023Q1,2023,Q1,2023-05-03,2023-03-31,54684000.0,832059000.0,35994000.0,0.23,623496000.0,0.7493410924,8993450000.0,5095560000.0,3602847000.0,884888000.0,3897890000.0,164496000.0,644693000.0,24927320721.54,25175922721.54,22.310035828256577,4.071528826246937,0.2846771817267011,0.5024433035819419,0.013389177821436544,22.310035828256577,0.010731695829310222,29.958597553226394,113.96075964422866,4.891968835915974,0.0,1.2678910125474177,0.0,0.09251833278663917,3.357723237291047,0.006080425198338791,528.1771526971078,0.7493410923984958,-0.5576923076923077,1.2504159189300927,1.677575987891546,3.263298805755204,-0.11086900100108094,-0.5458441299581424,-0.7930570567808108,4.348386718147919,0.9455477785652926,0.93777820925935,Drug Manufacturers—General,Healthcare,HZNP
2022Q4,2022,Q4,2023-03-01,2022-12-31,120408000.0,942029000.0,173932000.0,0.52,701242000.0,0.7443953424,9114616000.0,5072174000.0,3652843000.0,949137000.0,4042442000.0,169559000.0,590009000.0,25832316182.8,26042320182.8,22.344624350189996,3.8485940385845248,0.28117882311224085,0.5052738727023166,0.01777369095003511,22.344624350189996,0.023738933246375223,27.421996756787742,53.63496649475118,5.09294755716188,0.0,1.4200779669613526,0.0,0.10335366843759518,3.2212494086733527,0.013210430368103276,68.1082890158536,0.7443953423939178,-0.10344827586206887,2.8734424533688903,1.4826686658254364,2.6985336717719224,0.014488728015543375,-0.11359771494195334,0.08297323885782598,-0.8322863832978245,1.1394619235854062,0.9162489610470065,Drug Manufacturers—General,Healthcare,HZNP
2022Q3,2022,Q3,2022-11-02,2022-09-30,135839000.0,925359000.0,160606000.0,0.58,691227000.0,0.7469825225,9027862000.0,5033687000.0,3412009000.0,860614000.0,3994175000.0,190258000.0,606280000.0,14255327132.43,14689940132.43,21.853927695652605,3.9646217700386,0.2841359338456879,0.5095946569582097,0.02125423202934122,21.853927695652605,0.026985984627172884,15.405185590057481,26.23570390762226,2.8319852093366156,0.0,1.230602655341694,0.0,0.10250034836598078,3.2558371116435474,0.01504664116487381,42.344903675144366,0.7469825224588511,1.2307692307692306,2.5068226411012398,1.417284347653521,2.5725958151475727,0.06968794249413876,1.2278184144061404,0.12833446911949642,5.031080416383694,1.2331317015814591,1.6196809656712647,Drug Manufacturers—General,Healthcare,HZNP
2022Q2,2022,Q2,2022-08-03,2022-06-30,60974000.0,876411000.0,142339000.0,0.26,646195000.0,0.7373195909,8853473000.0,4945531000.0,3203094000.0,791061000.0,3907942000.0,203680000.0,583840000.0,18346395519.04,19020821519.04,21.500438718364688,4.049111256906863,0.28994147268535186,0.5190522514164808,0.01783179593352457,21.500438718364688,0.01232911086797353,20.933552316253447,75.22220749434186,3.7096917437258,0.0,1.1302827965435978,0.0,0.09899064468824834,3.2435804571328886,0.006887014847167886,76.74967377716051,0.7373195909225237,-0.7011494252873564,1.2061230844409583,1.1443187649017637,2.4051486595907776,-0.03579320872060318,-0.7014897606493653,-0.2674907496513429,10.595082471203854,1.202189184216051,1.6199558023756104,Drug Manufacturers—General,Healthcare,HZNP
2022Q1,2022,Q1,2022-05-04,2022-03-31,204261000.0,885245000.0,194317000.0,0.87,670183000.0,0.7570593452,8740338000.0,4817829000.0,2947731000.0,825179000.0,3922509000.0,226524000.0,522866000.0,24103012460.309998,25028624460.309998,21.029893666805197,3.5722322065879037,0.2938949271755852,0.533173966946523,0.031107351152311252,21.029893666805197,0.042396897025610496,27.227504770216154,29.500262483183278,5.002878362912008,0.0,0.9494005050237503,0.0,0.10128269639000231,2.8551574870422054,0.02336992001911139,136.48905936424433,0.7570593451530367,0.19178082191780824,2.594508598579838,1.8338323947225164,1.8251780579509973,-0.13295987476631888,0.17945860424293517,-0.16637923637923638,5.687923961429418,1.3814019432019076,1.4159083059245066,Drug Manufacturers—General,Healthcare,HZNP
2021Q4,2021,Q4,2022-03-01,2021-12-31,173182000.0,1014464000.0,233100000.0,0.73,772955000.0,0.7619343811,8677728000.0,4672393000.0,2799767000.0,886571000.0,4005335000.0,225730000.0,318605000.0,24464569392.48,25455485392.48,20.580663473061847,3.157972683518861,0.2963025575357974,0.5503032386188405,0.026405437052392424,20.580663473061847,0.03706494723367662,24.115759053529747,35.31627044450347,5.235982802063098,0.0,1.0699020954237364,0.0,0.11690433256262468,2.526149625918285,0.019957067103278645,47.17571192416272,0.7619343811116018,-0.47101449275362317,1.9429973924805943,1.3235011587806607,1.6280052791307835,-0.015785278448390023,-0.46965024514382486,-0.29692377760954086,0.42584836481602756,1.1130111141247372,2.282398773242549,Drug Manufacturers—General,Healthcare,HZNP
2021Q3,2021,Q3,2021-11-03,2021-09-30,326543000.0,1036992000.0,331543000.0,1.38,785352000.0,0.757336604332531,8608688000.0,4450214000.0,2413921000.0,854043000.0,4158474000.0,237434000.0,145423000.0,24766637666.38,26271954666.38,19.68278650201013,2.8264630703606257,0.29898446778417337,0.5783685908138351,0.05016626242750653,19.68278650201013,0.07337692075032796,23.883152103757794,18.96123762136993,5.565268921085593,0.0,1.0598313636631653,0.0,0.12045877374113222,2.1590458560049086,0.03793179634341493,73.46970532892317,0.757336604332531,1.0597014925373132,40.62219779980548,2.5390368084932255,1.3272716962940259,0.24352508815570506,1.0651985555000412,1.3935530447965925,8.268529728599685,1.355164759459784,2.586097002502105,Drug Manufacturers—General,Healthcare,HZNP
2021Q2,2021,Q2,2021-08-04,2021-06-30,158117000.0,832548000.0,138515000.0,0.67,631553000.0,0.7585784843636643,8207416000.0,4073636000.0,2175380000.0,852810000.0,4133780000.0,258676000.0,-181120000.0,21080207209.76,22844332209.76,18.09542341042021,2.5508378185058804,0.3139165847082687,0.6324678984572996,0.02848175255608151,18.09542341042021,0.03881471000354474,25.320110323681035,33.33007711024115,5.17478910971918,0.0,0.7770144891679166,0.0,0.10143850390914753,1.8428923206810426,0.019265137772960454,279.2820245066242,0.7585784843636643,2.2181818181818183,6.521875933459359,1.3057553475165224,1.1698631277346192,1.6093134135962122,2.281846113935031,1.8656213675961455,4.540865840040379,1.0215494444967317,2.4824843997989388,Drug Manufacturers—General,Healthcare,HZNP
2021Q1,2021,Q1,2021-05-05,2021-03-31,-123351000.0,342406000.0,-160018000.0,-0.55,242038000.0,0.7068742954270661,7846610000.0,3854770000.0,1831368000.0,773844000.0,3991840000.0,238306000.0,-339237000.0,20609667486.72,22376575486.72,17.214883793181702,2.366585513359282,0.32861541480970763,0.6689159145681843,-0.017931784055607122,17.214883793181702,-0.03199957455308618,60.19073113999171,-41.770369690395704,5.346536236071154,0.0,0.42117277785704094,0.0,0.04363744343098484,1.649544352608536,-0.01572029194773284,-934.2127504066,0.7068742954270661,-1.6707317073170733,-0.9399722265691915,0.19456785182172856,1.130651694782603,-0.5848582822348956,-1.6473181252853477,-1.6665444805911585,0.4238419813428053,0.12389651725964636,2.289649289748425,Drug Manufacturers—General,Healthcare,HZNP
2020Q4,2020,Q4,2021-02-24,2020-12-31,190557000.0,745314000.0,240071000.0,0.82,583025000.0,0.7822541908511044,6072616000.0,4025351000.0,3070408000.0,875740000.0,2047265000.0,75283000.0,-215886000.0,16161002141.900002,15084475141.900002,18.220059812168422,3.506072578619225,0.16523010840797442,0.24926497093048533,0.03963062166697895,18.220059812168422,0.04733922582154947,21.683481246696026,21.202320226887494,4.014805700645733,0.0,2.155719086646388,0.0,0.1227335961964333,3.1493708178226414,0.03137972168831357,47.06667601117182,0.7822541908511044,-0.3740458015267176,4.730407085418695,1.1991565478097566,1.2118429856362374,0.20223238588561343,-0.3492794700177571,0.05026205038016992,4.046330719055475,1.01818464589978,2.0158262524753665,Drug Manufacturers—General,Healthcare,HZNP
2020Q3,2020,Q3,2020-11-02,2020-09-30,292840000.0,636427000.0,228582000.0,1.31,484952000.0,0.7619915559836399,5766875000.0,3796811000.0,2732319000.0,783603000.0,1970064000.0,77104000.0,-406443000.0,16493034611.920002,15770477611.920002,17.88247496108696,3.486866436192817,0.17389764820635092,0.26412850152404216,0.06912407097946353,17.88247496108696,0.07712788442722063,25.915045420637405,14.080244000068298,4.343917727777338,0.0,1.9645543681261672,0.0,0.11035907662295437,3.1238101436569283,0.050779668364582205,172.8213698673429,0.7619915559836399,4.1190476190476195,65.93555988350631,1.1042579431059818,1.2600841564603007,0.42104646256270806,4.660042494688164,5.036921614198183,4.52397980873479,0.803563487189628,1.923358038892456,Drug Manufacturers—General,Healthcare,HZNP
2020Q2,2020,Q2,2020-08-05,2020-06-30,-80010000.0,462779000.0,37864000.0,-0.42,341264000.0,0.73742326250759,4538191000.0,2361852000.0,1489089000.0,984656000.0,2176339000.0,66099000.0,-699283000.0,10710573635.3,11169333635.3,12.256274839225558,1.5122936335126176,0.2593152205361123,0.498262380538662,-0.28981423670714024,12.256274839225558,-0.03387595835810203,23.14403556622059,-33.46635931539807,4.534819978262821,0.0,1.838378795443199,0.0,0.10197433294455875,1.2968579889829543,-0.017630372983420045,108.58796203477466,0.73742326250759,-4.999999999999999,-2.967669791985677,1.0950932331793164,0.4736447362209545,0.3202059630241438,-4.886984033551615,3.2960402643866353,0.6771523463769507,0.35153279191397796,0.9410970346720152,Drug Manufacturers—General,Healthcare,HZNP
2020Q1,2020,Q1,2020-05-06,2020-03-31,-13591000.0,355909000.0,-16491000.0,-0.07,258493000.0,0.7262895852591533,4314720000.0,2188339000.0,1413740000.0,592432000.0,2126381000.0,68170000.0,-619273000.0,5629935957.440001,6233657957.440001,11.513203999122187,2.386332946228428,0.31481996514258165,0.620726496214709,-0.0019374480130841904,11.513203999122187,-0.006210646522316698,15.818470332135464,-103.5600021602531,2.5726982690707425,0.0,1.4290156960539826,0.0,0.08248716023287722,2.013220082642396,-0.0031499147105721807,-31.002362139462658,0.7262895852591533,-1.0246478873239435,0.5405014404125902,1.0795295664484834,1.1028102230661179,-0.037714426112335456,-1.0229279871248327,-1.3016186556927298,0.8721240925790504,0.37323717794029526,0.5466959477011498,Drug Manufacturers—General,Healthcare,HZNP
2019Q4,2019,Q4,2020-02-26,2019-12-31,592769000.0,363545000.0,54675000.0,2.84,268624000.0,0.7389016490393211,4436034000.0,2185449000.0,1686103000.0,723169000.0,2250585000.0,53802000.0,-605682000.0,6784660508.200001,7061214508.200001,11.660606113509001,2.331547674195105,0.30496632803084917,0.6190219950225331,0.24833780411866732,11.660606113509001,0.2712344236813579,18.662505352019696,2.8614268408941768,3.1044698403852022,0.0,1.7642652689491096,0.0,0.08195270820737623,2.0709903217643455,0.13362589195664415,36.70399738271445,0.7389016490393211,30.555555555555557,12.62619695730551,1.1730716896339441,1.5111208860431875,0.0941156824171035,31.508994186684216,0.12456035706205393,4.9097921196706045,0.008613721209615025,0.48897699358801694,Drug Manufacturers—General,Healthcare,HZNP
2019Q3,2019,Q3,2019-11-06,2019-09-30,18234000.0,335466000.0,48619000.0,0.09,245517000.0,0.7318685053030709,3721422000.0,1555573000.0,1478804000.0,635614000.0,2165849000.0,61207000.0,-1198454000.0,5077581939.43,5540977939.43,8.342209598050339,2.326575563156255,0.36205514988625315,0.8661502867432129,-0.024767825742492644,8.342209598050339,0.011721725692076168,15.135906289847556,69.61695101774158,3.2641232133946785,0.0,1.4695868119659516,0.0,0.09014457376776942,2.03278090161639,0.004899739938120428,61.139591559561225,0.7318685053030709,4.0,2.71578474377011,0.8772671007314445,0.3470459336454923,0.06062190043372328,4.561328125,0.9360863332271424,3.682657002764514,0.38817173918892445,-0.01362602901209269,Drug Manufacturers—General,Healthcare,HZNP
2019Q2,2019,Q2,2019-08-07,2019-06-30,-5120000.0,320647000.0,25112000.0,-0.03,231484000.0,0.7219278521239868,3708004000.0,1520873000.0,1401501000.0,636832000.0,2187131000.0,54141000.0,-1216688000.0,4623918205.849999,5124699205.849999,8.206412756608126,2.2007389704034974,0.3686020834928981,0.8986799029241758,0.0044547543619169955,8.206412756608126,-0.0033664875370921833,14.420587767389058,-225.77725614501952,3.0403052758843114,0.0,1.6468665152102842,0.0,0.08647428643550546,1.9983245188683987,-0.0013807967844694882,53.60505229425335,0.7219278521239868,0.8421052631578947,0.926991025508798,0.9219495834830203,6.465302678412653,0.2042095625529967,0.8442016857864467,14.989972144846798,-1.295863532606897,0.07871073566804179,-0.015950494903535496,Drug Manufacturers—General,Healthcare,HZNP
2019Q1,2019,Q1,2019-05-08,2019-03-31,-32863000.0,280371000.0,-1795000.0,-0.19,192229000.0,0.6856236914659505,3935709000.0,1504088000.0,1559740000.0,895403000.0,2431621000.0,54113000.0,-1211568000.0,4551267765.06,5126580765.06,8.704756556875031,1.7419418965538422,0.4085975360475076,1.0691668306641633,-0.0005449239156761195,8.704756556875031,-0.021849120530181745,16.23301898220572,-34.62303932279463,3.025931837139848,0.0,1.6288507382699167,0.0,0.07123773632654244,1.616487771428061,-0.008349956767637038,83.78776790920305,0.6856236914659505,-1.38,0.9380889702170176,1.0979880002244995,3.5493645433786924,-0.22616550796864873,-1.3653596006537183,-1.0243756705006857,0.33021132033916345,0.26759438203120556,0.07737028802492373,Drug Manufacturers—General,Healthcare,HZNP
2018Q4,2018,Q4,2019-02-27,2018-12-31,89947000.0,355543000.0,73639000.0,0.5,248411000.0,0.6986806096590286,4146371000.0,1054157000.0,1548426000.0,761904000.0,3092214000.0,55290000.0,-1314718000.0,3285200094.96,4223172094.96,6.270007057287267,2.0323111573111574,0.45743229440877337,1.799242427835702,0.05204986986441482,6.270007057287267,0.0853259998273502,9.23995155286421,9.13093292427763,3.116423924481837,0.0,1.9376379092060048,0.0,0.08574799505398817,1.8790359415359414,0.02169294546966492,31.34194599171898,0.6986806096590286,2.3333333333333335,1.3490609087675278,4.383524888983999,9.576639844045069,0.09770658418029164,2.455512869765655,0.3575010138996424,2.5543806924387646,0.3785600522241776,-0.2388460151876942,Drug Manufacturers—General,Healthcare,HZNP
2018Q3,2018,Q3,2018-11-07,2018-09-30,26030000.0,325311000.0,54246000.0,0.15,226300000.0,0.6956420164089133,4019386000.0,916861000.0,1339185000.0,691569000.0,3102525000.0,59145000.0,-1414875000.0,3148837910.4,4232602910.4,5.488637504305372,1.9364445196357847,0.47042309447263836,2.062266799438519,0.02069868276413817,5.488637504305372,0.02839034488324839,9.679469524239881,30.2423925316942,3.434367816277495,0.0,1.6740383802519232,0.0,0.0809354961180638,1.7454614073216121,0.006476113515845455,37.15793715512969,0.6956420164089133,1.7499999999999998,2.8341893885695257,3.801752007018219,4.076860268045204,0.1161363826922413,1.792727494213668,28.904079382579933,6.56228556214258,0.36710392576343764,-0.3063162290998465,Drug Manufacturers—General,Healthcare,HZNP
2018Q2,2018,Q2,2018-08-08,2018-06-30,-32836000.0,302835000.0,1814000.0,-0.2,202753000.0,0.669516403321941,3989725000.0,860150000.0,1234612000.0,725645000.0,3129575000.0,57882000.0,-1440908000.0,2741289838.56,3916196838.56,5.196124758366455,1.701399444632017,0.472493216951043,2.1916154159158285,0.0007514426308059165,5.196124758366455,-0.03817473696448294,9.052090539600773,-20.87107015592642,3.1869904534790443,0.0,1.729069486196054,0.0,0.07590372770053073,1.5464503992999332,-0.00823014117514365,44.43797559590196,0.669516403321941,0.7916666666666667,0.32371520047180097,8.386248287173826,3.6461821932701732,0.8810175435341269,0.7912882086355171,1.0142489081597386,-1.9400647325286595,0.5960090257758861,-0.3752390510689668,Drug Manufacturers—General,Healthcare,HZNP
2018Q1,2018,Q1,2018-05-09,2018-03-31,-157327000.0,223881000.0,-127308000.0,-0.96,107789000.0,0.48145666671133325,4002845000.0,861095000.0,1185098000.0,759212000.0,3141750000.0,56533000.0,-1408071000.0,2336602928.4,3567299928.4,5.233045311799242,1.560957940601571,0.47591825314245245,2.212330811350664,-0.045916889095155664,5.233045311799242,-0.18270574094612094,10.43680762726627,-3.712971912640551,2.7135251376445106,0.0,2.0535262589991685,0.0,0.055930469453601125,1.4310653677760625,-0.0393037951756813,-31.800900000000002,0.48145666671133325,-2.428571428571428,-1.671107459096177,8.189120049917001,2.8546069108191165,-0.12171730751994264,-2.3871641405442645,-0.6846813466017362,-5.144093716183032,0.511002543629237,-0.044219039264946185,Drug Manufacturers—General,Healthcare,HZNP
2017Q4,2017,Q4,2018-02-28,2017-12-31,-46448000.0,274219000.0,-75568000.0,-0.28,122727000.0,0.4475510449677083,4166092000.0,991098000.0,1230305000.0,757106000.0,3174994000.0,73070000.0,-1252329000.0,2395112815.7999997,3545399815.7999997,6.041481931266279,1.6250102363473542,0.4564601549845755,1.9187355841702838,-0.011333666042653826,6.041481931266279,-0.046865193956601665,8.734306579048132,-12.891366774672752,2.416625617042916,0.0,2.0732448337210894,0.0,0.06582163812032955,1.4861974413094072,-0.011149057678034955,16.759588662794766,0.4475510449677083,0.282051282051282,0.2835317825118878,14.25500660801558,2.5101562417946277,-0.16014617221769806,0.27392099545106374,-1.9345656479360025,-0.04079606859298461,0.8726639608380693,0.301037983152485,Drug Manufacturers—General,Healthcare,HZNP
2017Q3,2017,Q3,2017-11-06,2017-09-30,-63971000.0,271646000.0,-25751000.0,-0.39,146129000.0,0.5379390824823483,4169454000.0,999823000.0,1161625000.0,707951000.0,3169631000.0,99901000.0,-1205880000.0,2072510597.44,3345127597.44,6.117100513579896,1.6408268368856036,0.45511402692055125,1.8979129305887141,-0.010011448417974921,6.117100513579896,-0.06398232487150225,7.629453764973532,-8.099414568476341,2.072877496756926,0.0,1.256413849711214,0.0,0.06515145628180573,1.4426987178491166,-0.015342776296368781,30.95794517133212,0.5379390824823483,0.6976744186046512,0.1695153914943669,8.168200968603388,0.7135453920394764,-0.0830085907741737,0.6947016264508247,0.8613054554659686,-15.872484649733586,0.7342538452493987,-0.012250258679147969,Drug Manufacturers—General,Healthcare,HZNP
2017Q2,2017,Q2,2017-08-07,2017-06-30,-209536000.0,289507000.0,-185667000.0,-1.29,159357000.0,0.5504426490551179,4169941000.0,1028768000.0,1100611000.0,681866000.0,3141173000.0,117287000.0,-1141908000.0,1934002009.1,3272077009.1,6.314096936064036,1.614116263312733,0.4538059411392152,1.83942735388348,-0.06302886656220706,6.314096936064036,-0.20367663068835734,6.680329004480029,-2.3074817800998395,1.8799204573820334,0.0,1.1096711485501376,0.0,0.06942712139092616,1.3934673381573506,-0.05024915220623025,41.39736309559484,0.5504426490551179,-1.3035714285714284,-0.9032367679410597,14.59698948617592,2.6784721201517985,0.9494880295560476,-1.3135254499282323,-0.7618306557983735,-2.398586496418168,0.9738187505665709,4.743879349792599,Drug Manufacturers—General,Healthcare,HZNP
2017Q1,2017,Q1,2017-05-08,2017-03-31,-90570000.0,220859000.0,-105383000.0,-0.56,81743000.0,0.3701139641128503,4374756000.0,1205678000.0,1197062000.0,717970000.0,3169078000.0,150935000.0,-931380000.0,2393946928.56,3679850928.56,7.443740973288404,1.6672869339944565,0.4318553994782795,1.5669706173621814,-0.02232732473463009,7.443740973288404,-0.07511955928531498,10.839254585776445,-6.608001900629347,1.9855607621272016,0.0,0.9216947692715407,0.0,0.05048487275633201,1.39913784698525,-0.02070286891428916,124.03870096165802,0.3701139641128503,0.30864197530864196,0.4316264533127892,12.033824411503302,1.1944222275248764,-0.4910086053375509,0.30620030335064574,0.19003443293264058,0.8179789056923789,0.7630374717479086,3.1800505486174386,Drug Manufacturers—General,Healthcare,HZNP
2016Q4,2016,Q4,2017-02-27,2016-12-31,-130542000.0,310350000.0,-130108000.0,-0.81,160598000.0,0.5174738198807798,4292059000.0,1263779000.0,1046282000.0,605852000.0,3028280000.0,184980000.0,-848021000.0,2611057968.46,3909495968.46,7.83128695992153,1.726959719535464,0.42112491929863966,1.4302287029615146,-0.034596446451756954,7.83128695992153,-0.1032949590078645,8.41326878833575,-5.000417429754409,2.066071653714771,0.0,0.8095577900313548,0.0,0.07230795289626726,1.3499220931844742,-0.030414772956289745,18.91111732063446,0.5174738198807798,-19.25,0.7457399388090166,12.153627673833917,3.113590208574621,0.299957099262593,-21.238841567291313,-5.1020542163024105,0.4722064663634601,3.8958219283006517,11.712289022474108,Drug Manufacturers—General,Healthcare,HZNP
2016Q3,2016,Q3,2016-11-07,2016-09-30,-5870000.0,208702000.0,-21322000.0,-0.04,123541000.0,0.5919492865425343,3349671000.0,1361978000.0,1117706000.0,556231000.0,1987693000.0,170878000.0,-717479000.0,2919633933.5099998,3517554933.5099998,8.457451071721977,2.0094277377564356,0.3424885608168683,0.8423219758322087,-0.0014837866560814714,8.457451071721977,-0.004309908089557981,13.989487084503262,-124.34556786669505,2.1436718753974,0.0,0.4983731082994885,0.0,0.06230522340850788,1.6448957357644576,-0.0017524109084145875,22.998841512678517,0.5919492865425343,-1.4444444444444446,0.9719575659154789,61.92917711672341,-0.11254110341088829,-0.2990661098881147,-1.3917512012813669,-1.6775987542504847,0.5709415474191037,2.1954788047003855,6.822942812543358,Drug Manufacturers—General,Healthcare,HZNP
2016Q2,2016,Q2,2016-08-08,2016-06-30,14984000.0,257378000.0,31467000.0,0.09,176252000.0,0.6847982345033375,3227458000.0,1338213000.0,938044000.0,418809000.0,1889245000.0,178370000.0,-711609000.0,2642910364.62,3362072364.62,8.339430805164286,2.2397894983154614,0.3543615439767148,0.8546374904443463,0.015536149633058754,8.339430805164286,0.011197021699834032,10.26859469193171,44.095541321075814,1.974954932152056,0.0,0.4548186354207546,0.0,0.07974635146297798,1.7459271410117738,0.004642663049371982,62.84862466993246,0.6847982345033375,1.3214285714285714,1.0120063275011388,0.7976850703135413,-0.8602832062894457,0.38283499533175896,1.3300004404704224,2.156704896338774,1.3183559215774845,7.229305434022713,6.456809971041588,Drug Manufacturers—General,Healthcare,HZNP
2016Q1,2016,Q1,2016-05-09,2016-03-31,-45406000.0,204690000.0,-27204000.0,-0.28,127457000.0,0.6226830817333529,3205494000.0,1291969000.0,876604000.0,442924000.0,1913525000.0,185356000.0,-726593000.0,2649616173.12,3403943173.12,8.079633022767801,1.9791296023697067,0.35569556517653755,0.8825134349198781,-0.010840654623444825,8.079633022767801,-0.03514480610602886,12.944531599589622,-14.588469437519272,2.0508357190613706,0.0,0.4166738600315069,0.0,0.06385599224331726,1.5265417994960762,-0.014165055370560668,56.790470102880654,0.6226830817333529,-2.866666666666667,0.944612330135654,0.06823836017249651,-0.8751703497264659,-0.2797615347667618,-2.8923897641076937,-1.7149727982338563,0.20669999282671825,7.645486319619915,4.951373900054222,Drug Manufacturers—General,Healthcare,HZNP
2015Q4,2015,Q4,2016-02-29,2015-12-31,23994000.0,244538000.0,38049000.0,0.15,176965000.0,0.7236707587368835,3066947000.0,1313145000.0,1106147000.0,357552000.0,1753802000.0,23073000.0,-681187000.0,3454427571.9800005,3739926571.9800005,8.237501454890758,3.09366749451828,0.37337293406113636,0.8720400260443439,-0.0324009454559662,8.237501454890758,0.018272163393989238,14.126342621514858,35.992618696132375,2.6306520391731305,0.0,2.928661205738309,0.0,0.07973336350448834,2.992719940036694,0.007823415272582148,26.11135311710105,0.7236707587368835,6.5,1.0255346071021747,75.51035404501829,-0.8730053556511598,0.07060752356407371,6.321940799511749,-0.1680005247966413,1.3808802948248975,12.999649156427438,3.7860636641210026,Drug Manufacturers—General,Healthcare,HZNP
2015Q3,2015,Q3,2015-11-06,2015-09-30,3277000.0,226544000.0,45732000.0,0.02,165294000.0,0.7296330955575959,2998918000.0,1258338000.0,953628000.0,321589000.0,1740580000.0,21470000.0,-705181000.0,3152085195.6,3608810195.6,7.912304906864238,2.9653626212339352,0.3804742243702562,0.9067603457894461,0.0024730827258116436,7.912304906864238,0.00260422875252913,13.913788030581255,240.47033838877022,2.504959077449779,0.0,2.8528178854215183,0.0,0.07554191211630328,2.8153232853113757,0.001092727443698027,36.588336571096924,0.7296330955575959,-0.9,1.0024596361808675,2.0816682624310183,-0.8901675933727136,0.48920221631605026,-0.8969950336329917,2.378591022819763,1.043722813358584,6.858082496189888,1.2164248541395937,Drug Manufacturers—General,Healthcare,HZNP
2015Q2,2015,Q2,2015-08-07,2015-06-30,31814000.0,172821000.0,-33173000.0,0.2,110995000.0,0.6422541242094422,2942687000.0,1253967000.0,898211000.0,290899000.0,1688720000.0,23653000.0,-708458000.0,5237815875.4800005,5707656875.4800005,8.316980706391831,3.0877074173510395,0.386346899959119,0.9066410838562737,0.0034253868237554227,8.316980706391831,0.0253706835985317,30.3077512309268,41.15967715062551,4.176996584024939,0.0,2.6138756183148013,0.0,0.0587289779714934,2.9217185346116694,0.010811207580011058,128.12661143542076,0.6422541242094422,2.25,-0.9543120362859018,0.031094315375881695,-0.895795221407561,0.3168541192103265,2.6270649005267734,-7.9632661628883294,1.3122757320977156,9.061529678903844,3.845313900323764,Drug Manufacturers—General,Healthcare,HZNP
2015Q1,2015,Q1,2015-05-08,2015-03-31,-19553000.0,113141000.0,4764000.0,-0.16,84288000.0,0.7449819252083684,1527296000.0,687956000.0,735925000.0,196438000.0,839340000.0,16478000.0,-740272000.0,3263145900.21,3308769900.21,5.475151239437445,3.7463474480497663,0.38619560320985585,0.8573731459570089,0.0041326321253275546,5.475151239437445,-0.0284218758176395,28.841409393676916,-41.72180611939344,4.743247969652129,0.0,1.7510013351134845,0.0,0.0740792878394234,3.418259196285851,-0.012802364440160911,-45.1234291195586,0.7449819252083684,0.40740740740740744,0.970544983257209,0.0,1.81402507414974,0.18446902095248802,0.3821531266786741,-0.46966492263163756,0.8418247859102059,7.607010230294568,0.6140800199787393,Drug Manufacturers—General,Healthcare,HZNP
2014Q4,2014,Q4,2015-02-27,2014-12-31,-31647000.0,103841000.0,8983000.0,-0.27,71161000.0,0.6852880846679057,1134624000.0,540204000.0,326225000.0,219392000.0,594420000.0,20879000.0,-720719000.0,1499537074.8500001,1626233074.8500001,4.643586128536727,1.486950299008168,0.30450880644160533,0.6395787517308276,0.009313184100699838,4.643586128536727,-0.05858342403980719,14.440703333461736,-11.845807460817772,2.7758718462839966,0.0,1.5652090617366732,0.0,0.09152018642299123,1.3342419049008167,-0.027892059395887975,178.17693379871676,0.6852880846679057,-14.500000000000002,0.9290741870562935,0.0,3.1869989818176507,0.15742819036465958,-16.3402811439651,1.7510241618593763,0.9144944828268361,5.105150335719584,1.4391661969200797,Drug Manufacturers—General,Healthcare,HZNP
2014Q3,2014,Q3,2014-11-06,2014-09-30,2063000.0,75126000.0,-11961000.0,0.02,61482000.0,0.8183851130101429,1124895000.0,485485000.0,360767000.0,276154000.0,639410000.0,27476000.0,-689072000.0,962665683.88,1127705683.88,6.192965948439434,1.3063978794440783,0.3678752239097871,0.8523867884692627,0.02802699497115568,6.192965948439434,0.004249358888534146,12.814014906690094,116.65846872031021,1.9828948039177317,0.0,0.49657883243558015,0.0,0.0667848999239929,1.190650868718179,0.0018339489463461034,1445.44396978979,0.8183851130101429,1.0526315789473684,1.007897363356396,0.0,0.0,0.49040046543197907,1.0742914761064497,-0.6846478873239437,1.0202455840041678,45.53387107770273,-0.35015849567345003,Drug Manufacturers—General,Healthcare,HZNP
2014Q2,2014,Q2,2014-08-07,2014-06-30,-27769000.0,66062000.0,-7100000.0,-0.38,41252000.0,0.624443704398898,328364000.0,80670000.0,197675000.0,204371000.0,247694000.0,12814000.0,-691135000.0,1160947551.82,1146882551.82,1.0992739491110701,0.967236055996203,0.349569380321838,1.422908144291558,-0.03751413451716646,1.0992739491110701,-0.3442295772901946,17.573605882655688,-10.451830744895387,14.391317116895994,0.0,1.9361635710941159,0.0,0.2011852700052381,0.8838974218455652,-0.0845677358053867,71.58389146750524,0.624443704398898,0.8762214983713356,0.8884563641173516,0.0,0.0,-0.06895073013293611,0.8653624242424243,-5.473850031505986,0.9513452353922554,0.008966208771785705,-0.9815830318438247,Drug Manufacturers—General,Healthcare,HZNP
2014Q1,2014,Q1,2014-05-09,2014-03-31,-206250000.0,51926000.0,1587000.0,-3.07,44307000.0,0.8532719639486962,299134000.0,-229243000.0,162749000.0,69501000.0,528377000.0,11020000.0,-663365000.0,1015133560.56,1024533560.56,-3.4144809064217037,2.3416785369994675,0.37700161131800464,-0.49194086624237165,-0.013553330389745934,-3.4144809064217037,0.899700318003167,19.549619854408196,-1.230464921890909,-4.428198726067971,0.0,0.6913793103448276,0.0,0.17358775665755147,2.064344397922332,-0.6894903287489887,-811.4576823021582,0.8532719639486962,-1.0030404457580562,0.021796059499326406,0.0,0.0,0.784773413897281,-1.004353699186597,1.275425199583478,0.40078473257558794,-0.35457545806745006,-1.0527534426641905,Drug Manufacturers—General,Healthcare,HZNP
2013Q4,2013,Q4,2014-03-13,2013-12-31,-102901000.0,26373000.0,-5762000.0,-1.53267,24825000.0,0.9413036059606416,252596000.0,-49082000.0,110765000.0,43310000.0,301678000.0,10024000.0,-457116000.0,511595088.06,541877088.06,-0.7310563543880949,2.557492495959363,0.4384946713328794,-2.256672507232794,-0.09327804099670751,-0.7310563543880949,2.096511959577849,19.39844113525196,-1.24293031180455,-10.423273054480259,0.0,0.1544293695131684,0.0,0.10440782910259862,2.2266912953128606,-0.4073738301477458,-43.60309282025057,0.9413036059606416,-18.158375,0.6004011163265233,0.0,0.655692936785927,0.1875149485768955,-17.73652585579024,-1.0998542274052479,0.7399888896369521,18.592018211676965,-1.0112704370655201,Drug Manufacturers—General,Healthcare,HZNP
2013Q3,2013,Q3,2013-11-08,2013-09-30,-5492000.0,26218000.0,-2744000.0,-0.08,20905000.0,0.7973529636127851,158215000.0,69889000.0,85864000.0,45485000.0,88326000.0,7412000.0,-354215000.0,216563017.95000002,203498017.95000002,1.0811086408763264,1.8877432120479278,0.28812059539234586,0.6522485655825666,-0.02496766482323269,1.0811086408763264,-0.07858175106239895,8.26008917346861,-9.858112616077932,3.098671006166922,0.0,0.716810577441986,0.0,0.16571121575071895,1.6560844234362977,-0.03471225863540119,-22.23667912003286,0.7973529636127851,0.7241379310344827,0.9745052324314526,0.0,0.0,1.3926977223303194,0.7021853478661678,0.8263730701088332,0.9898590236675584,-0.12262008256311605,-0.9849928983714987,Drug Manufacturers—General,Healthcare,HZNP
2013Q2,2013,Q2,2013-08-09,2013-06-30,-18441000.0,12254000.0,-15804000.0,-0.29,8737000.0,0.7129916761873674,158517000.0,70314000.0,86634000.0,43551000.0,88203000.0,6540000.0,-348723000.0,156551710.77,135062710.77,1.118364399461746,1.9892539780946477,0.3018666767602213,0.6805330375174219,-0.13124707269350136,1.118364399461746,-0.26226640498336035,12.775559880039172,-2.122332177891655,2.2264657219045993,0.0,0.5377675840978593,0.0,0.07730401155712005,1.7606943583384997,-0.11633452563447454,-14.20743359379254,0.7129916761873674,0.19444444444444448,0.9135397127390862,0.0,0.0,0.7743704305442729,0.16823778810157414,0.14775668679896461,-1.0635082193458083,-0.8246758679913834,-0.9859878339573382,Drug Manufacturers—General,Healthcare,HZNP
2013Q1,2013,Q1,2013-05-10,2013-03-31,-22171000.0,9171000.0,-18544000.0,-0.36,4924000.0,0.5369098244466253,169860000.0,84090000.0,96811000.0,37961000.0,85770000.0,4865000.0,-330282000.0,156088351.44,125328351.44,1.3576080344564116,2.550275282526804,0.2962204168138467,0.59835890117731,-0.13269710044741073,1.3576080344564116,-0.263657985491735,17.01977444553484,-1.7600508709575573,1.856205867998573,0.0,0.8729701952723535,0.0,0.053991522430236666,2.337293538104897,-0.13052513834922877,-6.78822090284422,0.5369098244466253,0.10000000000000009,0.886021700177081,0.0,0.0,0.7485795454545454,0.08885053219907121,0.15808589848361027,0.9322474344253137,0.0,1.2018441012102912,Drug Manufacturers—General,Healthcare,HZNP
2012Q4,2012,Q4,2013-03-18,2012-12-31,-24333000.0,6747000.0,-22026000.0,-0.4,2816000.0,0.417370683266637,193984000.0,105978000.0,116918000.0,36935000.0,88006000.0,6120000.0,-308111000.0,143467855.71,88181855.71000001,1.7211433096144655,3.1655069717070528,0.2515722946222369,0.46048236426428124,-0.1403678699350596,1.7211433096144655,-0.22960425748740304,21.263947785682525,-1.4740050107878189,1.353751304138595,0.0,0.6423202614379085,0.0,0.03478121906961399,2.911872207932855,-0.12543818046849226,-8.20191262920192,0.417370683266637,0.14893617021276587,0.8969677852112177,0.0,1.8106102829786945,0.03873109553670232,-0.4353211820916652,-0.1769798012183392,0.8969677852112177,0.0,1.8106102829786945,Drug Manufacturers—General,Healthcare,HZNP
2012Q3,2012,Q3,2012-11-13,2012-09-30,-16953000.0,6521000.0,-18714000.0,-0.47,2711000.0,0.4157337831620917,212343000.0,128417000.0,136105000.0,31008000.0,83926000.0,3666000.0,-283778000.0,121947307.23,47944307.230000004,3.5698502893461552,4.3893511351909185,0.22286112563164315,0.3685103997134336,-0.08410303576443091,3.5698502893461552,-0.13201523162821122,18.700706522005827,-1.7983145642364184,0.949619654952226,0.0,1.039279869067103,0.0,0.030709747907866045,4.105553405572755,-0.07983780958166739,-5.3497392950208384,0.4157337831620917,0.3088235294117648,0.8585724357941906,0.0,0.0,1.7494929006085194,0.2558598893863577,-0.020114472608340147,0.8585724357941906,0.0,0.0,Drug Manufacturers—General,Healthcare,HZNP
2012Q2,2012,Q2,2012-08-10,2012-06-30,-22782000.0,3841000.0,-18345000.0,-0.68,986000.0,0.25670398333767247,148752000.0,57873000.0,72390000.0,26625000.0,90879000.0,3157000.0,-266825000.0,240392962.39,228051962.39,1.7164998754437955,2.7188732394366197,0.34365252231902765,0.8832961830214435,-0.1671485435666457,1.7164998754437955,-0.3936550723135141,62.58603550898203,-2.6379703536783423,4.153801641352617,0.0,0.9043395628761483,0.0,0.025821501559642895,2.4068356807511737,-0.1531542433042917,-14.337267393689986,0.25670398333767247,0.3061224489795918,0.8008179008215262,0.0,0.0,1.162280701754386,0.03978757481244204,0.07292298362644027,0.8008179008215262,0.0,0.0,Drug Manufacturers—General,Healthcare,HZNP
2012Q1,2012,Q1,2012-05-10,2012-03-31,-23726000.0,2523000.0,-19788000.0,-0.98,456000.0,0.1807372175980975,169648000.0,81806000.0,88720000.0,20700000.0,87842000.0,2465000.0,-244043000.0,99842268.6,69842268.6,3.3921188365305235,4.285990338164251,0.29679689710459306,0.615492751142948,-0.14870312883341283,3.3921188365305235,-0.29002762633547663,39.57283733650416,-1.0520343568237376,1.2204761093318337,0.0,0.8385395537525355,0.0,0.014871970197114025,3.9197101449275364,-0.13985428652268225,-4.771890675333365,0.1807372175980975,0.6919711332947773,0.6867311071323543,0.0,0.0,-0.6855172413793104,0.6907737823712643,0.7782832300642024,0.6867311071323543,0.0,0.0,Drug Manufacturers—General,Healthcare,HZNP
2011Q4,2011,Q4,2012-03-23,2011-12-31,-76727000.0,3526000.0,-89249000.0,-3.18152,1450000.0,0.41123085649461144,101078000.0,45912000.0,25046000.0,23981000.0,55166000.0,1195000.0,-220317000.0,96465960.0,97937960.0,1.9037596267118473,1.044410158041783,0.19230693128079304,0.4233751524655863,-1.1532125330670608,1.9037596267118473,-1.6711752918626939,27.358468519568916,-0.3143155603633662,2.101105593308939,0.0,1.7372384937238494,0.0,0.03488395100813233,0.8480880697218631,-0.7590870416905756,-6.122490479817213,0.41123085649461144,-1.4473230769230767,0.17051185363782947,0.0,1.89661745254553,2.485655737704918,-3.452846613661424,-4.700990099009901,0.17051185363782947,0.0,1.89661745254553,Drug Manufacturers—General,Healthcare,HZNP
2011Q3,2011,Q3,2011-11-14,2011-09-30,-17231000.0,273000.0,-15655000.0,-1.3,-976000.0,-3.5750915750915753,189203000.0,126331000.0,36450000.0,14504000.0,62872000.0,1130000.0,-143590000.0,92660761.11,79516761.11,9.529963702237499,2.513099834528406,0.10492962585159855,0.1571506597747188,-0.10600218933956823,9.529963702237499,-0.13639565902272602,339.41670736263734,-1.344390359091173,0.7334760360481591,0.0,1.1053097345132743,0.0,0.0014428946686891857,2.292953667953668,-0.09107149463803428,-5.54655579492398,-3.5750915750915753,0.8329048843187661,0.6099216819445585,0.0,0.0,-0.26918075422626786,-0.4807080862765318,-0.789551897576589,0.6099216819445585,0.0,0.0,Drug Manufacturers—General,Healthcare,HZNP
2011Q2,2011,Q2,2011-06-30,2011-06-30,-11637000.0,1335000.0,-8748000.0,-7.78,-769000.0,-0.5760299625468165,172370000.0,89310000.0,6816000.0,31805000.0,83060000.0,531000.0,-126361000.0,13690943.700000001,45016943.7,59.6881060872378,0.21430592674107846,0.21522306665893137,0.4153846153846154,-0.06811575253693324,59.6881060872378,-0.13029895868323815,10.255388539325844,-0.2941252835782418,0.15329687269062817,0.0,3.9623352165725048,0.0,0.007744967221674305,0.18192108159094483,-0.06751174798398793,-3.3045965966690805,-0.5760299625468165,-0.5175391834273799,-1.292553191489362,0.0,0.0,-15.717391304347826,-0.5170121235823231,-0.2515021459227468,-1.292553191489362,0.0,0.0,Drug Manufacturers—General,Healthcare,HZNP
2011Q1,2011,Q1,2011-03-31,2011-03-31,-7671000.0,1793000.0,-6990000.0,-5.126721,-46000.0,-0.025655326268823202,169580000.0,96847000.0,6576000.0,31748000.0,72733000.0,155000.0,-114723000.0,13690943.700000001,45579943.7,64.72527164069778,0.20713115786821218,0.2031194716358061,0.3556640887172551,-0.05200622097339686,64.72527164069778,-0.07920740962549175,7.635774511991077,-0.4461916210402816,0.14136672999679908,0.0,11.864516129032259,0.0,0.010573180799622597,0.16221494267355424,-0.04523528718009199,-2.0937366111026154,-0.025655326268823202,0.13027263797727767,-0.6324749946797192,0.0,0.0,0.9414758269720102,0.1302721088435374,0.4375150881145892,-0.6324749946797192,0.0,0.0,Drug Manufacturers—General,Healthcare,HZNP
2010Q4,2010,Q4,2010-12-31,2010-12-31,-8820000.0,30000.0,-12427000.0,-5.89463,-786000.0,-26.2,161685000.0,97056000.0,7368000.0,25312000.0,64629000.0,306000.0,-107052000.0,13690943.700000001,37044943.7,64.86495156648698,0.2910872313527181,0.17774066858397503,0.2960970985822618,-0.09163051110577078,64.86495156648698,-0.09087537091988131,456.36479,-0.3880652976190476,0.14106231144906034,0.0,2.6666666666666665,0.0,0.00018554596901382316,0.23542193426042984,-0.05455051489006401,-1.6528967403114814,-26.2,0.29658353221957046,-0.5368531102979615,0.0,31.54957507082153,-15.375,0.29366541202850965,-0.07092381937263013,-0.5368531102979615,0.0,31.54957507082153,Drug Manufacturers—General,Healthcare,HZNP
2010Q3,2010,Q3,2010-09-30,2010-09-30,-12487000.0,689000.0,-11604000.0,-8.38,-48000.0,-0.06966618287373004,176517000.0,107379000.0,18797000.0,26688000.0,69138000.0,301000.0,-98232000.0,13638541.65,25681541.65,72.03980273066806,0.7043240407673861,0.14864857209220642,0.2443587666117211,-0.08695600637166952,72.03980273066806,-0.11628903230613062,19.794690348330914,-0.27305481000240256,0.12701311848685498,0.0,2.4485049833887045,0.0,0.003903306763654492,0.5994454436450839,-0.07074106176742183,-1.1650898385443362,-0.06966618287373004,-15.964285714285715,-1.514034816054932,0.0,0.0,0.8989473684210526,-2.813916327716444,0.02968475625052262,-1.514034816054932,0.0,0.0,Drug Manufacturers—General,Healthcare,HZNP
2010Q2,2010,Q2,2010-06-30,2010-06-30,6884000.0,1657000.0,-11959000.0,0.56,-475000.0,-0.2866626433313217,170822000.0,118966000.0,15124000.0,13421000.0,51856000.0,299000.0,-85826000.0,13638477.6,10693477.6,79.81381294346225,1.1268906936889949,0.06041961808198007,0.08675587983121227,-0.09232528212566798,79.81381294346225,0.05786527243077854,8.230825347012674,0.4952962521789657,0.11464181026511777,0.0,7.130434782608695,0.0,0.00970015571764761,0.9884509351017062,0.04029925887766213,-1.0116814479638008,-0.2866626433313217,1.1059981915951385,2.3614031089445175,0.0,0.0,0.0,1.8708412397216951,-0.5698346022578105,2.3614031089445175,0.0,0.0,Drug Manufacturers—General,Healthcare,HZNP
2010Q1,2010,Q1,2010-03-31,2010-03-31,-7905000.0,0.0,-7618000.0,-5.283109,0.0,0.0,3551000.0,-10064000.0,2189000.0,13615000.0,13615000.0,0.0,-87892000.0,13690943.700000001,18532943.700000003,-6.726022838002029,0.1607785530664708,1.9377640101379894,-0.6837241653418124,,-6.726022838002029,0.785472972972973,0.0,-0.4329836717267552,-1.360387887519873,0.0,0.0,0.0,0.0,0.14976129269188396,-2.2261334835257673,-2.866613002512563,0.0,-0.37741662147505417,-0.6822728240051075,0.0,0.0,0.0,-0.3774176685833769,-0.4316857733508739,-0.6822728240051075,0.0,0.0,Drug Manufacturers—General,Healthcare,HZNP
2009Q4,2009,Q4,2009-12-31,2009-12-31,-5739000.0,0.0,-5321000.0,-3.83552,0.0,0.0,8213000.0,-3177000.0,7352000.0,8257000.0,11390000.0,0.0,-79987000.0,13690943.700000001,14510943.700000001,-2.1232685369964672,0.8903960276129345,0.9716303421405089,-2.5118035882908405,,-2.1232685369964672,1.8064211520302171,0.0,-0.5963993596445374,-4.309393673276676,0.0,0.0,0.0,0.0,0.8671430301562311,-0.6987702422987946,-2.898167591024556,0.0,-0.15102317639326945,0.0,0.0,0.0,0.0,-0.1510228640192539,-0.18008427589265913,0.0,0.0,0.0,Drug Manufacturers—General,Healthcare,HZNP
2009Q3,2009,Q3,2009-09-30,2009-09-30,-4986000.0,0.0,-4509000.0,-3.33227,0.0,0.0,,,,,,,,13690943.700000001,,,0.0,0.0,0.0,0.0,,0.0,0.0,-0.6864692990373045,0.0,0.0,0.0,0.0,0.0,0.0,0.0,-3.1394046548956664,0.0,0.017730705514057855,0.0,0.0,0.0,0.0,0.01773049645390071,0.055904522613065326,0.0,0.0,0.0,Drug Manufacturers—General,Healthcare,HZNP
2009Q2,2009,Q2,2009-06-30,2009-06-30,-5076000.0,0.0,-4776000.0,-3.39242,0.0,0.0,,,,,,,,13690943.700000001,,,0.0,0.0,0.0,0.0,,0.0,0.0,-0.6742978575650118,0.0,0.0,0.0,0.0,0.0,0.0,0.0,-2.9589245083207265,0.0,-0.08023062870745967,0.0,0.0,0.0,0.0,-0.08022983613534794,-0.14176428400669375,0.0,0.0,0.0,Drug Manufacturers—General,Healthcare,HZNP
2009Q1,2009,Q1,2009-03-31,2009-03-31,-4699000.0,0.0,-4183000.0,-3.140459,0.0,0.0,,,,,,,,13690943.700000001,,,0.0,0.0,0.0,0.0,,0.0,0.0,-0.728396664183869,0.0,0.0,0.0,0.0,0.0,0.0,0.0,-2.5846599395884464,0.0,0.0,0.0,0.0,0.0,0.0,0.0,0.0,0.0,0.0,0.0,Drug Manufacturers—General,Healthcare,HZNP
