Year,Date,FillingDate,NetIncome,Revenue,OperatingIncome,EPSDiluted,GrossProfit,GrossProfitRatio,TotalAssets,CommonStockEquity,CurrentAssets,CurrentLiability,TotalLiability,Inventory,RetainedEarnings,EnterpriseValue,bookValuePerShare,currentRatio,debtToAssets,debtToEquity,roic,shareholdersEquityPerShare,roe,priceToSalesRatio,peRatio,pbRatio,payoutRatio,inventoryTurnover,dividendYield,assetTurnover,quickRatio,returnOnAssets,priceToFreeCashFlowsRatio,grossProfitMargin,epsdilutedGrowth,fiveYNetIncomeGrowthPerShare,fiveYRevenueGrowthPerShare,fiveYShareholdersEquityGrowthPerShare,grossProfitGrowth,netIncomeGrowth,operatingIncomeGrowth,threeYNetIncomeGrowthPerShare,threeYRevenueGrowthPerShare,threeYShareholdersEquityGrowthPerShare,Industry,Sector,Price,MarketCap,AvgVolume,Symbol
2022,2022-12-31,2023-02-22,757100000.0,9039300000.0,1083400000.0,9.03,2404200000.0,0.2659719226,7950500000.0,2032200000.0,2782000000.0,2799800000.0,5918300000.0,1009900000.0,4414600000.0,20831971241.21,23.296141865223685,1.0732760312414145,0.3894701189221737,1.6133340261899813,0.1584017367901285,23.296141865223685,0.3845874038661401,2.1276561541821772,24.172370275922173,9.29638912970796,0.2980678286718011,6.71902557319224,0.012330930945928093,1.0547819760148527,0.6229443855724321,0.09284208941743188,23.092772997560346,0.2750615463292223,0.3358547655068078,1.4670864998065363,0.4768401972528532,1.2228587039612937,0.20251650808506214,0.33135456017269294,0.240574296719972,0.6240336864763412,0.20461751444625564,1.0665210828397738,Business Equipment & Supplies,Industrials,173.89,14104044010,589016,AVY
2021,2022-01-01,2022-02-23,740100000.0,8408300000.0,1062800000.0,8.83,2312800000.0,0.2750615463,7971600000.0,1924400000.0,2734600000.0,2547900000.0,6047200000.0,907200000.0,3880700000.0,14762078599.140001,18.03822998337943,1.2545171339563863,0.34707898145567234,1.4112940862724181,0.1797834675859841,18.03822998337943,0.3706247083138876,1.8500435486107727,23.201256699298437,8.598958996693113,0.354020507285483,7.038761851645288,0.015258678091182358,1.1430749807342309,0.7723260643821391,0.09114758399055567,24.211711280533134,0.27588037007817545,0.8515406162464988,1.192749822925265,0.2641415044382356,0.6804991297100504,0.010083504017646133,0.8310276679841897,1.2634081902245706,1.0879828397999616,0.11569738126095427,0.5174655111351826,Business Equipment & Supplies,Industrials,173.89,14104044010,589016,AVY
2020,2021-01-02,2021-02-25,555900000.0,6971500000.0,856700000.0,6.61,1923300000.0,0.2758803701,6098900000.0,1499900000.0,2416200000.0,1926000000.0,4599000000.0,717200000.0,3349300000.0,,,,,,,,,,,,,,,,,,,,,,,,,,,,,,Business Equipment & Supplies,Industrials,173.89,14104044010,589016,AVY
2019,2019-12-28,2020-02-26,303600000.0,7070100000.0,378500000.0,3.57,1904100000.0,0.2693172657,5488800000.0,1204000000.0,2340600000.0,2253800000.0,4284800000.0,663000000.0,2979100000.0,12657709812.400002,14.442193083005185,1.0385127340491613,0.3533559247923043,1.6108803986710964,0.14777026615661734,14.442193083005185,0.2521594684385382,1.551874770144694,36.139360383399215,9.112881903986713,0.6248353096179183,7.791855203619909,0.017289606207445202,1.2880957586357673,0.650412636436241,0.055312636641888936,22.423686516247702,0.2693172656680952,-0.3238636363636364,0.32353399857319626,0.2118796575549619,0.2249655027089268,-0.0059514487079091625,-0.3504492939666239,-0.5196700507614214,0.002798661729994292,0.23046387712191105,0.3780373928255789,Business Equipment & Supplies,Industrials,173.89,14104044010,589016,AVY
2018,2018-12-29,2019-02-27,467400000.0,7159000000.0,788000000.0,5.28,1915500000.0,0.26756530241653864,5177500000.0,955100000.0,2298000000.0,1994000000.0,4222400000.0,651400000.0,2864900000.0,9260202273.65,11.273120830304123,1.1524573721163491,0.37975857073877356,2.0586326039158203,0.22822157156085338,11.273120830304123,0.4893728405402576,1.0512644606299761,16.101844830231062,7.879805542508637,0.37441163885323064,8.049585508136321,0.023252716865726854,1.3827136648961855,0.7265295887662989,0.09027522935779816,37.38699589493294,0.26756530241653864,0.6869009584664538,1.4587262748700962,0.3236004491223068,-0.27340112017849405,0.057002538351175365,0.6586231369765791,0.14368650217706821,0.8094426421871208,0.27404721647062846,0.05023994936853037,Business Equipment & Supplies,Industrials,173.89,14104044010,589016,AVY
2017,2017-12-30,2018-02-21,281800000.0,6613800000.0,689000000.0,3.13,1812200000.0,0.27400284254135293,5136900000.0,1046200000.0,2237900000.0,1971800000.0,4090700000.0,609600000.0,2596700000.0,11466305599.26,11.88707740045138,1.134952834973121,0.307909439545251,1.5118524182756643,0.12533361503673912,11.88707740045138,0.26935576371630665,1.528471619834286,35.87297941540099,9.66259376721468,0.5518097941802697,7.876640419947506,0.015382324054839075,1.2875080301349062,0.7270514250938229,0.05485798828086978,23.84199433787736,0.27400284254135293,-0.11581920903954807,0.48521163840805887,0.24400939975557925,-0.2487173313552586,0.06618815085015002,-0.12129716245712503,0.14413816007970773,0.1636651771747209,0.07383785982192718,0.008244361496508056,Business Equipment & Supplies,Industrials,173.89,14104044010,589016,AVY
2016,2016-12-31,2017-02-23,320700000.0,6086500000.0,602200000.0,3.54,1699700000.0,0.27925737287439417,4396400000.0,925500000.0,1904800000.0,2004300000.0,3470900000.0,519100000.0,2473300000.0,6537475894.0199995,10.733852618234742,1.2167774655609622,0.256162759755183,1.096510303406855,0.17822466228364944,10.733852618234742,0.2840426633530082,0.9447746558547989,20.55186253744076,5.837605771999586,0.4852351440029165,9.026739085021934,0.023610275862780316,1.4434767883494206,0.7699952025221026,0.06635701671625904,17.496511154624454,0.27582161591446147,0.13461538461538464,0.013968267359084251,0.0732687429411997,-0.3125955209881274,-0.0032703488372093025,0.10204901566894335,0.0842911877394636,0.4142499896910977,0.09792932571111886,-0.3216030174447651,Business Equipment & Supplies,Industrials,173.89,14104044010,589016,AVY
2015,2016-01-02,2016-02-24,274300000.0,5966900000.0,537700000.0,2.95,1645800000.0,0.27582161591446147,4133700000.0,965700000.0,1775400000.0,1459100000.0,3168000000.0,478700000.0,2277600000.0,5607469331.24,11.789877389254857,1.2024658905995744,0.26365763038392737,1.0779184247538678,0.15419599685387908,11.789877389254857,0.23338021565869668,0.7400706650932815,18.822295424829246,4.39275136543835,0.5026114905584572,9.514233428222855,0.026702985965008398,1.451837071693959,0.7417073476029541,0.057084537406540986,23.5184203375502,0.2608407184493626,0.20370370370370366,1.3799144737715816,0.2120412216219081,-0.10792869599869684,0.008243267997801795,0.15338276181649677,0.08109875735775017,0.545832597778577,0.2402042802883839,-0.24078450095120973,Business Equipment & Supplies,Industrials,173.89,14104044010,589016,AVY
2014,2015-01-03,2015-02-25,248900000.0,6330300000.0,495900000.0,2.6,1651200000.0,0.2608407184493626,4360200000.0,1066500000.0,1921300000.0,1597800000.0,3293700000.0,491800000.0,2137100000.0,,,,,,,,,,,,,,,,,,,,,,,,,,,,,,Business Equipment & Supplies,Industrials,173.89,14104044010,589016,AVY
2013,2013-12-28,2014-02-26,215800000.0,6140000000.0,458700000.0,2.16,1637700000.0,0.2667263843648208,4610600000.0,1492200000.0,2091800000.0,1554100000.0,3118400000.0,494100000.0,2009100000.0,5530986187.28,15.514916336057995,1.3459880316581945,0.22285602741508698,0.6885806192199437,0.12248336864800334,15.514916336057995,0.1446186838225439,0.7907306493941367,22.49808242483781,3.2536430688111513,0.5189990732159406,9.112123052013763,0.02306859150995764,1.3317138767188652,0.8803165819445338,0.046805188044939924,35.0042262961788,0.2667263843648208,0.03846153846153849,-0.17029431354551253,-0.06386719802312983,-0.12761841858965334,0.03842495719992391,0.0018570102135561746,0.15338194619059592,-0.25379354361800466,0.033087481479701655,-0.006412388895397699,Business Equipment & Supplies,Industrials,173.89,14104044010,589016,AVY
2012,2012-12-29,2013-02-27,215400000.0,6035600000.0,397700000.0,2.08,1577100000.0,0.2612996222413679,5105300000.0,1580900000.0,2411700000.0,2074500000.0,3524400000.0,473300000.0,1910800000.0,4424091720.799999,15.822376711943578,1.1625451916124367,0.23943744735862732,0.7732304383578974,0.09389418942435958,15.822376711943578,0.13625150230881145,0.5694697661872887,15.95678607613742,2.1741360748940477,0.5125348189415042,9.420029579547856,0.032120178618423326,1.1822223963332223,0.582405398891299,0.042191448102951834,9.566077708878375,0.2612996222413679,0.16853932584269665,-0.30317562841733187,-0.0605387675558307,-0.21977724165996532,0.03661101616931774,0.13308784850078906,0.1346647646219686,1.297663465596399,0.046242698566544095,0.19718702407264266,Business Equipment & Supplies,Industrials,173.89,14104044010,589016,AVY
2011,2011-12-31,2012-02-27,190100000.0,6026300000.0,350500000.0,1.78,1521400000.0,0.2524600501136684,4972700000.0,1658500000.0,2218800000.0,1647100000.0,3314200000.0,475100000.0,1810500000.0,5671994739.6,15.615046084169245,1.0655639261928158,0.2622269286582735,0.812541775536246,0.13778092962698846,15.615046084169245,0.19256243543780763,0.6851681698220401,14.081081538655727,2.7114873546818985,0.2798990217734301,9.014618195806886,0.019877665007836543,1.2771502529709378,0.6133857408013975,0.06214456602737577,11.801890345411268,0.28037526678643265,1.4016990291262135,0.3294514906116045,0.13011497455753215,0.03384226008687185,0.15096123542388906,1.4244006963974822,0.43405728674850486,-0.028092010320972742,-0.0389526907841074,-0.23000099484417263,Business Equipment & Supplies,Industrials,173.89,14104044010,589016,AVY
2010,2011-01-01,2011-02-28,316900000.0,6512700000.0,455600000.0,2.89625,1826000000.0,0.28037526678643265,5099400000.0,1645700000.0,1951900000.0,1831800000.0,3453700000.0,519900000.0,1727900000.0,5248319000.0,13.216294859359845,0.9279862933019222,0.3246781802190773,1.1920592984001175,0.10042020595340327,13.216294859359845,-0.5479964773227654,0.6320021166865456,-5.03832730681666,2.760985615734625,-0.1806615776081425,9.147705845380264,0.035857451611711375,1.189873670744383,0.5657760882368689,-0.1492564164068122,8.069753324753325,0.26651771465049473,-3.67037037037037,-3.58678603616803,0.07995677228954697,-0.14747345744815107,-0.08135495078170238,-3.80608793686584,-0.248403122782115,-2.968409057771185,0.0334058018044226,-0.21512274503771936,Business Equipment & Supplies,Industrials,173.89,14104044010,589016,AVY
2009,2010-01-02,2010-03-01,-746700000.0,5952700000.0,317700000.0,-7.21,1586500000.0,0.26651771465049473,5002800000.0,1362600000.0,1733200000.0,1867700000.0,3640200000.0,477300000.0,1499700000.0,,,,,,,,,,,,,,,,,,,,,,,,,,,,,,Business Equipment & Supplies,Industrials,173.89,14104044010,589016,AVY
2008,2008-12-27,2009-02-25,266100000.0,6710400000.0,422700000.0,2.7,1727000000.0,0.257361707200763,6035700000.0,1750000000.0,1930400000.0,2058000000.0,4285700000.0,583600000.0,2381300000.0,5206852000.0,17.784552845528456,0.9379980563654033,0.36612157661911626,1.2627428571428572,0.10497263014358606,17.784552845528456,0.15205714285714286,0.4623497854077253,11.659346110484782,1.772886857142857,0.6576475009394964,8.539067854694997,0.05640517870449875,1.111784879964213,0.5317784256559767,0.044087678314031514,8.912818155702384,0.257361707200763,-0.12052117263843638,0.0033753948961661295,0.42329717422231955,0.34055096143590546,0.0026706920575940546,-0.12322899505766062,-0.21707723652528246,0.19565925838145312,0.24716026442259484,0.17748114282518587,Business Equipment & Supplies,Industrials,173.89,14104044010,589016,AVY
TTM,,,,,,,,,,,,,,,,17311844010.0,25.187101674013263,1.130688050837841,0.4328594188973888,1.7421802339811052,0.13369345800679985,25.187101674013263,0.3392316037559388,1.6109701896059394,20.73818506506396,6.903930521684859,0.35803558300249966,6.13915857605178,0.017597331646443157,1.0647872249857095,0.6507546242009306,0.08271408243435535,26.931533339698298,0.2633009708737864,,,,,,,,,,,Business Equipment & Supplies,Industrials,173.89,14104044010,589016,AVY
