Quarters,Year,Quarter,FillingDate,Date,NetIncome,Revenue,OperatingIncome,EPSDiluted,GrossProfit,GrossProfitRatio,TotalAssets,CommonStockEquity,CurrentAssets,CurrentLiability,TotalLiability,Inventory,RetainedEarnings,MarketCap,EnterpriseValue,bookValuePerShare,currentRatio,debtToAssets,debtToEquity,roic,shareholdersEquityPerShare,roe,priceToSalesRatio,peRatio,pbRatio,payoutRatio,inventoryTurnover,dividendYield,assetTurnover,quickRatio,returnOnAssets,priceToFreeCashFlowsRatio,grossProfitMargin,epsdilutedGrowth,fiveYNetIncomeGrowthPerShare,fiveYRevenueGrowthPerShare,fiveYShareholdersEquityGrowthPerShare,grossProfitGrowth,netIncomeGrowth,operatingIncomeGrowth,threeYNetIncomeGrowthPerShare,threeYRevenueGrowthPerShare,threeYShareholdersEquityGrowthPerShare,Industry,Sector,Symbol
2023Q1,2023,Q1,2023-03-31,2023-03-31,390289000.0,2818858000.0,436177000.0,1.96,1154670000.0,0.4096233297,16196705000.0,10304656000.0,12421901000.0,5537725000.0,5738718000.0,97537000.0,0.0,11785674566.2656,9150870566.2656,54.66413351883156,2.2431415427815575,0.1688676801855686,0.265423707496883,0.025454228033152063,54.66413351883156,0.037875014944700726,4.181010383022344,7.549325350103128,1.143723241830256,0.0,17.06212001599393,0.0,0.1740389789157733,1.996336582260766,0.024096814753371134,26.73458526056075,0.40962332973140186,-0.02970297029702973,-0.4941682034012243,0.09051247887618356,0.4404544365223244,-0.10946870603914213,-0.019359588335502546,0.06585847429048985,-0.19840562870493897,-0.13190682374807772,-0.13033823166091016,Internet Content & Information,Communication Services,MOMO
2022Q4,2022,Q4,2022-12-31,2022-12-31,397994000.0,3212658000.0,409226000.0,2.02,1296608000.0,0.4035935353,15829587000.0,10930638000.0,11724547000.0,4738247000.0,4898949000.0,97706000.0,5320921000.0,11701002687.766294,9450674687.766294,57.85824977110934,2.47444825058719,0.17484985552686877,0.25321495414997736,0.022949522505931165,57.85824977110934,0.03641086641054255,3.6421563352732518,7.3499868639767785,1.0704775592940041,0.0,19.61036169733691,0.0,0.2029527365432844,2.2808298089989822,0.02514241211725865,22.134035044001898,0.40359353532184256,-0.08181818181818189,-0.30907562066987293,0.41205627724195976,0.7029907223469172,-0.03732906868138803,-0.11720696041789125,-0.21321605383321318,-0.5841337039199008,-0.2438883666516452,-0.10865582361330815,Internet Content & Information,Communication Services,MOMO
2022Q3,2022,Q3,2022-09-30,2022-09-30,450835000.0,3233021000.0,520125000.0,2.2,1346886000.0,0.4166029234,15485565000.0,10455255000.0,10507635000.0,4696562000.0,4891352000.0,0.0,0.0,6434830001.448156,5871140001.448156,53.47580631953738,2.2373035850479566,0.18545826387348477,0.2746873223082555,0.02896485191415783,53.47580631953738,0.04312042126184393,1.9903458720027356,3.568284406405978,0.6154637071451778,0.0,0.0,0.0,0.20877643147021113,2.0291353547552444,0.029113241912710322,15.413320242519267,0.4166029233957961,0.3095238095238097,-0.1340604295139087,0.3855937469978609,0.7444972900956515,0.02614491123895201,0.30461644418336137,0.027689577977953454,-0.46393898924811966,-0.22807986308458167,-0.11405634973653263,Internet Content & Information,Communication Services,MOMO
2022Q2,2022,Q2,2022-06-30,2022-06-30,345569000.0,3110415000.0,506111000.0,1.68,1312569000.0,0.4219915992,16424601000.0,10308939000.0,12105024000.0,2138816000.0,5976704000.0,0.0,0.0,6712483288.58,6139534288.58,51.96332505712471,5.659684610550884,0.23084889550741597,0.3677974037871405,0.02460068107085738,51.96332505712471,0.033521296420514275,2.158066781628818,4.856109263692635,0.6511323123145845,2.433658690449664,0.0,0.12528850558641905,0.18937537660732215,5.226505225320925,0.02103971962545696,37.57232256908567,0.4219915991917477,0.17482517482517484,-0.16668205590288748,0.45968811575932733,0.8702323459587701,-0.010643782647038871,0.18596550233027434,0.43775815734601464,-0.5063532676365795,-0.21701156720619838,-0.0491865887505941,Internet Content & Information,Communication Services,MOMO
2022Q1,2022,Q1,2022-03-31,2022-03-31,291382000.0,3148078000.0,352014000.0,1.43,1326690000.0,0.4214285669,17994694000.0,10045235000.0,8876758000.0,3047036000.0,7810501000.0,0.0,0.0,7266960034.5012,6788419034.5012,50.83102094285214,2.9132435586583156,0.25822445216351,0.4625745440499899,0.01555475124824605,50.83102094285214,0.029006986894781456,2.3083799176834883,6.234908157076621,0.7234235968099502,0.0,0.0,0.0,0.17494479205925925,2.618159417873632,0.016192662125846653,335.4549247334718,0.42142856689065517,1.0667288847410172,-0.48638094375362323,0.6989749015808394,0.9770804154758898,-0.10522563766726985,1.068884763848253,1.0896215498666806,0.054857062395126895,-0.11434058219192045,0.011361248345043137,Internet Content & Information,Communication Services,MOMO
2021Q4,2021,Q4,2021-12-31,2021-12-31,-4229992000.0,3674229000.0,-3927783000.0,-21.43,1482709000.0,0.4035428929,18111238000.0,10446639000.0,9410860000.0,2515765000.0,7525641000.0,0.0,4677635000.0,11292511453.769167,10553295453.769167,52.93524980930085,3.7407548002297513,0.266759621843631,0.4624786019694947,-0.2717339076024433,52.93524980930085,-0.4049141546864977,3.0734370268617353,-0.6674073765251309,1.0809707747888262,0.0,0.0,0.0,0.20287011854186887,3.57376821761969,-0.23355620416450826,17.47233742081046,0.40354289294434287,-12.161458333333334,-7.957227331300262,1.0175753174305555,1.3360497446520097,-0.05910106527109617,-11.491285767787476,-9.529480233227288,-9.414623469504884,0.15627316173173575,0.0018259474774371808,Internet Content & Information,Communication Services,MOMO
2021Q3,2021,Q3,2021-09-30,2021-09-30,403191000.0,3759180000.0,460495000.0,1.92,1575843000.0,0.41919860182273794,22207386000.0,14529445000.0,10335076000.0,2443655000.0,7481592000.0,0.0,0.0,13667587417.593287,15302072417.593287,72.49581242105177,4.229351524662851,0.2214724866762797,0.3385074240619652,0.01707815559423996,72.49581242105177,0.027749924377703346,3.635789565169342,8.474635729464003,0.9406820024848358,0.0,0.0,0.0,0.16927611381186422,3.8928506683635784,0.018155716300873953,25.83855410435417,0.41919860182273794,-0.10280373831775709,0.49359797618882817,2.4585835947521133,2.811270580309926,-0.015949943330304705,-0.1313534126163392,-0.3290619149261669,-0.2968490405462815,0.04161119199100473,0.4551478447040045,Internet Content & Information,Communication Services,MOMO
2021Q2,2021,Q2,2021-06-30,2021-06-30,464160000.0,3671714000.0,686345000.0,2.14,1601385000.0,0.436140995731149,22392719000.0,14841364000.0,10523329000.0,2350780000.0,7355006000.0,0.0,0.0,20375165925.88729,23017077925.88729,72.12586018889009,4.4765265146036635,0.2164260177605051,0.3265445817513808,0.021102143356147067,72.12586018889009,0.03127475345258023,5.549224674331195,10.974214670527024,1.3728634326256868,1.837174681144433,0.0,0.04185207635126854,0.16396910084925373,4.163470847973864,0.02072816615079214,-108.49222816401917,0.436140995731149,0.0,3.178695676165813,4.145327761545885,3.105561528467923,0.045051035957166474,0.005417418484205875,0.4292214242133342,-0.4138137150919054,0.10494433101327567,0.5607492017153769,Internet Content & Information,Communication Services,MOMO
2021Q1,2021,Q1,2021-03-31,2021-03-31,461659000.0,3470596000.0,480223000.0,2.14,1532351000.0,0.44152387659064896,23724972000.0,14382793000.0,12311771000.0,3254909000.0,9145830000.0,0.0,0.0,19930898065.68045,21381915065.68045,69.82466847684898,3.7825238739393328,0.20827936066689562,0.3435648416826968,0.020454309014784414,69.82466847684898,0.032098007667912626,5.742788289296838,10.793084325054016,1.3857460137040456,0.0,0.0,0.0,0.1462845140554855,3.5675292304638933,0.019458779550930557,41.83568754091642,0.44152387659064896,-0.28187919463087246,7.72934143239035,8.086769214179112,2.9808156209723005,-0.1255800550096438,-0.29133624990406015,-0.190994900580697,-0.45243232382214316,0.22873487469334505,0.8399496527559243,Internet Content & Information,Communication Services,MOMO
2020Q4,2020,Q4,2020-12-31,2020-12-31,651450000.0,3795201000.0,593597000.0,2.98,1752420000.0,0.46174629486027224,23220556000.0,14638980000.0,11746849000.0,2516740000.0,8385227000.0,0.0,8444086000.0,18885543155.8186,20449796155.8186,70.57662201042403,4.6674861129874365,0.21223415149921473,0.33664879656915986,0.02968446100391999,70.57662201042403,0.0445010513027547,4.976164149360891,7.2475029379916345,1.2900860002417247,0.0,0.0,0.0,0.16344143525245478,4.497657684146952,0.028054883784867167,18.466772163467645,0.46174629486027224,0.419047619047619,12.599188112540185,11.041242065012124,3.096861035582381,0.0037505613240833235,0.42634127971133806,0.11777145073758978,0.0300667077991404,0.5193315700290563,1.0773413121520503,Internet Content & Information,Communication Services,MOMO
2020Q3,2020,Q3,2020-09-30,2020-09-30,456728000.0,3766651000.0,531054000.0,2.1,1745872000.0,0.46350776857213477,22789333000.0,14108372000.0,12085998000.0,2500389000.0,8492237000.0,0.0,0.0,19520684549.918175,21295816549.918175,67.52286768317809,4.833647084513649,0.21727437130345148,0.3509645195065738,0.021240053216835197,67.52286768317809,0.03237283507976682,5.182504179420438,10.685071065228197,1.3836241736408834,0.0,0.0,0.0,0.16528131823779132,4.538292241727187,0.020041306167231834,29.26744672959473,0.46350776857213477,0.0,73.2002874225756,12.314579651880418,3.0801047081360013,-0.04698552960320359,0.0007186678352322524,-0.3465663770605367,-0.1791215351903695,0.5105462795910016,1.2027430309125717,Internet Content & Information,Communication Services,MOMO
2020Q2,2020,Q2,2020-09-03,2020-06-30,456400000.0,3868252000.0,812713000.0,2.1,1831947000.0,0.4735852266088145,22531067000.0,13734015000.0,13088049000.0,2375592000.0,8608328000.0,0.0,0.0,25792294386.254787,27994346386.254787,65.78223740903294,5.509384187183658,0.2298885800659152,0.37713916869902936,0.021650884103573905,65.78223740903294,0.03323136023952209,6.66768721020626,14.128119186160598,1.877986472728826,2.4627147239263802,0.0,0.04357824795141111,0.17168525574044052,5.275822195057064,0.020256475203770864,33.87273754608632,0.4735852266088145,-0.1463414634146341,34.530718977688814,15.710578150122213,2.9967225556664525,0.06684203292863598,-0.1530990562361525,0.3680401837490805,0.04580268687905688,0.724982340503975,1.367594222591882,Internet Content & Information,Communication Services,MOMO
2020Q1,2020,Q1,2020-04-28,2020-03-31,538906000.0,3594084000.0,594071000.0,2.46,1717168000.0,0.4777762567597196,23076209000.0,13114885000.0,16363508000.0,3498427000.0,9772600000.0,0.0,0.0,32140951654.593433,34551266654.59343,62.85677433334918,4.677390152774375,0.2257532422244919,0.39722262147170945,0.024641767816264593,62.85677433334918,0.0410911723587359,8.94273802576496,14.910277327861182,2.4507231023827836,0.0,0.0,0.0,0.15574845937649465,4.506314695147276,0.023353315962773607,63.60401175193475,0.4777762567597196,-0.4810126582278481,8.952006506219828,15.890556206285794,2.605907627850685,-0.26509625783567414,-0.4896235340690729,-0.5245206756762165,-0.10027394034061918,0.8371667385735263,1.4448239521722117,Internet Content & Information,Communication Services,MOMO
2019Q4,2019,Q4,2020-03-20,2019-12-31,1055899000.0,4687898000.0,1249415000.0,4.74,2336589000.0,0.4984299999701359,22483681000.0,13530058000.0,15793865000.0,2606754000.0,8764899000.0,0.0,7464585000.0,48639879276.604,51173155276.604,64.91123328550104,6.058824499741824,0.22887795819554635,0.38033975907568174,0.053658085441991715,64.91123328550104,0.07804098105122684,10.375626619138044,11.516224391869866,3.59494979819037,0.0,0.0,0.0,0.20850224658497868,5.926218584492438,0.04696290611844208,29.60477723725634,0.4984299999701359,0.1732673267326733,17.116267227623755,9.398658451382316,0.2793243116713173,0.039272923623799756,0.18123117092908914,0.2580717920007572,0.6442613545454559,1.4372131451611976,1.8645537800975664,Internet Content & Information,Communication Services,MOMO
2019Q3,2019,Q3,2019-11-26,2019-09-30,893897000.0,4451642000.0,993119000.0,4.04,2248292000.0,0.5050478003397398,21290311000.0,12543323000.0,14696670000.0,2392076000.0,8746988000.0,0.0,0.0,46014092923.841644,48440548923.841644,60.360279464314026,6.143897601915659,0.24881642170468998,0.4223266035643027,0.045592780889524925,60.360279464314026,0.07126476771745414,10.336431573752257,12.868958315063605,3.6684133003544313,0.0,0.0,0.0,0.20909238949116338,5.872349791561806,0.04198609405001176,41.231376897824674,0.5050478003397398,0.20958083832335336,9.922558693145282,51.72358787917475,10.827491576344244,0.07637280749839499,0.2215429017309918,0.07047009887457814,2.1936337351543425,2.9500275722556633,2.1732778716308627,Internet Content & Information,Communication Services,MOMO
2019Q2,2019,Q2,2019-06-30,2019-06-30,731777000.0,4152630000.0,927741000.0,3.34,2088767000.0,0.5029985816217674,19766029000.0,11333888000.0,13392292000.0,2220501000.0,8339841000.0,0.0,0.0,52277186897.96628,55607887897.96628,54.65144311420984,6.03120286818155,0.25632078147816134,0.44701729891807646,0.040183750867865256,54.65144311420984,0.06456539891694713,12.588934457913727,17.859671354103188,4.612467222012983,1.1989253556752946,0.0,0.016782578636306292,0.2100892394724302,5.748831007056515,0.03702195317025994,37.87427996450456,0.5029985816217674,1.4558823529411762,16.043991327073556,70.11843766778065,8.777331712052103,0.12946313424482722,1.5293259642537425,1.4133274717499427,5.536681377085921,4.77394928889889,2.110879533877846,Internet Content & Information,Communication Services,MOMO
2019Q1,2019,Q1,2019-04-26,2019-03-31,289317000.0,3722919000.0,384424000.0,1.36,1849345000.0,0.49674596734444126,19213483000.0,10403001000.0,12936043000.0,3050529000.0,8718182000.0,0.0,0.0,56750353189.67415,58990500189.67415,50.260004549344046,4.240590074705076,0.2559915346946725,0.47279520592182966,0.015900389696854155,50.260004549344046,0.02781091725358865,15.243510049419326,49.03821171040256,5.45519059256787,0.0,0.0,0.0,0.19376596112219738,4.040639180942059,0.015058019412721784,50.52960320900975,0.49674596734444126,-0.5526315789473684,35.06904853040651,98.2556136340698,0.0,0.23493461403920232,-0.4509510907837999,-0.39401691199835964,4.444178524898909,8.700346649568205,1.865402952632774,Internet Content & Information,Communication Services,MOMO
2018Q4,2018,Q4,2019-03-12,2018-12-31,526942126.91,3330917196.41,634380740.34,3.04,1497524629.2199998,0.4495832651841372,18965538000.0,10930559000.0,12633229000.0,2696276000.0,7942679000.0,0.0,5361154000.0,33791139592.044746,36200221592.04475,52.838768992348385,4.6854361348764,0.2571567439848002,0.44619090386868593,0.030790617823335226,52.838768992348385,0.04820815906213031,10.14469516938584,16.03171290849183,3.0914374637239272,0.0,0.0,0.0,0.17562998721206854,4.513032790411664,0.027784190826012953,35.94510245399663,0.4495832651841372,0.10511537549930138,27.192192999473473,214.20577758836703,27.29648788225377,-0.08291702311052589,-0.10020889456356076,-0.02492255715941487,10.029481096144622,9.596455283119623,2.0672067844351907,Internet Content & Information,Communication Services,MOMO
2018Q3,2018,Q3,2018-12-06,2018-09-30,585627179.16,3685924646.7,650595237.33,2.750844,1632921629.7299998,0.44301546728361657,17835090196.89,10197668114.3,11539137254.55,2422455120.39,7621811610.57,0.0,0.0,61910790059.62469,64823768804.98469,49.82023832485443,4.763405999733143,0.27329809258043214,0.47798144410827276,0.03414237429701938,49.82023832485443,0.057427558202133085,16.796542521576853,26.42926774181956,6.071073245932405,0.0,0.0,0.0,0.2066670034190651,4.4763931196398,0.03283567241292219,222.79965587510628,0.44301546728361657,-0.258892780678285,37.267617768037226,669.2407485090978,0.0,0.09720130044452521,-0.24983560604777075,-0.3018872732877719,95.50036036304932,12.29993385770827,2.010414040817421,Internet Content & Information,Communication Services,MOMO
2018Q2,2018,Q2,2018-07-02,2018-06-30,780665123.38,3276130299.4,931934360.22,3.711803,1488260749.48,0.4542739798086066,13940843484.32,9375046149.16,7846937554.96,2265976314.96,4550186863.14,0.0,0.0,58485468127.4994,58444008611.3994,46.21233194264557,3.4629389120947267,0.14263598915205758,0.21210199591157913,0.06462346738579912,46.21233194264557,0.08327053658823293,17.85199695451997,18.729371396239113,6.238419224500529,0.0,0.0,0.0,0.23500230119395832,2.214536019750313,0.05599841388780063,58.183911420295054,0.4542739798086066,-0.047743620095215225,17.406307562460682,56.35640055391707,7.267545609847334,0.04966985200103632,-0.04397377248516624,0.004958434946886153,61.545559809268426,13.56502485162854,1.8077164398752252,Internet Content & Information,Communication Services,MOMO
2018Q1,2018,Q1,2018-04-26,2018-03-31,816572914.96,2735629915.26,927336223.88,3.897903,1417836995.7400002,0.5182853820361318,9082786226.58,7570921756.2,6810824423.26,1458230585.24,1496253998.36,0.0,3140898641.54,46898591629.8908,44883702803.1708,37.94922778037094,4.670608676157381,0.0,0.0,0.10123103021725956,37.94922778037094,0.10785647260074903,17.14361703981931,14.358360034568419,6.194568262640473,0.0,0.0,0.0,0.3011884070610858,4.085588887068541,0.08990335064480202,62.25898611148283,0.5182853820361318,0.2979178522088294,100.76341893087448,74.66919911291969,0.0,0.2335386496598784,0.34661903465660415,0.3957887937573704,14.770998288597795,12.445583493814413,1.1770351943065007,Internet Content & Information,Communication Services,MOMO
2017Q4,2017,Q4,2018-02-23,2017-12-31,606387474.07,2395061688.04,664381479.51,3.003197,1149406219.36,0.479906728540515,8500334793.93,6756743670.39,7760601573.48,1697759719.74,1724990885.73,0.0,2413702393.83,31731228169.123825,27253676292.493824,33.974494993944546,4.5710835775209,0.0,0.0,0.08199947774746799,33.974494993944546,0.08974551997989282,13.248605798997643,13.082076034712436,4.696230864607048,0.0,0.0,0.0,0.2817608654367694,4.2997392768971645,0.0713368930483791,49.7216420803655,0.479906728540515,0.18571042215707767,32.35193946926039,159.95780534717792,17.19419536516943,-0.02289412061920041,0.15030360569807627,0.11994345302965008,10.700355869750878,4.5681538710790965,-0.33040253246556034,Internet Content & Information,Communication Services,MOMO
2017Q3,2017,Q3,2017-11-28,2017-09-30,527154284.37,2362546214.49,593227700.66,2.532825,1176337430.3799999,0.49791086547440705,7485872114.98,6068369714.54,6944174080.55,1387535076.76,1417502400.44,0.0,0.0,41350820898.1029,37906718245.8329,30.653992197720914,5.00468362700075,0.0,0.0,0.08004537618251958,30.653992197720914,0.08686917725314629,17.50265059133637,19.610397811487534,6.81415649396329,0.0,0.0,0.0,0.3156006645855333,4.721994312395519,0.0704198891288979,64.3481242809529,0.49791086547440705,0.24395537363968264,34.75558426018634,443.19613089694116,0.0,0.07282700121313215,0.27828164005412714,0.18523324350965925,6.523521495680698,28.372533805485983,5.006596353057271,Internet Content & Information,Communication Services,MOMO
2017Q2,2017,Q2,2017-08-22,2017-06-30,412392909.24,2119070532.48,500515576.92,2.036106,1096483803.12,0.5174361996515322,6787956608.76,5481577425.12,6318125149.26,1275036725.28,1306379183.64,0.0,0.0,49480126507.89331,46472879390.13331,27.78442217054365,4.955249542222033,0.0,0.0,0.07410777412629108,27.78442217054365,0.07523252473825491,23.34991957534585,29.9957427730028,9.026621840849055,0.0,0.0,0.0,0.3121809190331734,4.7061917131541975,0.06075361600099186,70.13849214947408,0.5174361996515322,-0.2612493958960113,9.911865168534094,37.14850134836649,3.970728978215521,0.0990288971147421,-0.2629960232724764,-0.2021366892530233,9.911865168534094,37.14850134836649,3.970728978215521,Internet Content & Information,Communication Services,MOMO
2017Q1,2017,Q1,2017-04-26,2017-03-31,559553166.96,1827587958.06,627319955.91,2.756148,997684233.78,0.5459021708804922,6032870343.87,5011359210.63,5582653568.07,988816327.59,1021511133.24,0.0,0.0,45748762779.47393,43070482850.84393,25.710143373514196,5.645794281812036,0.0,0.0,0.10434560747837726,25.710143373514196,0.1116569663920891,25.03231791264188,20.439864109796158,9.129012879865511,0.0,0.0,0.0,0.3029383782326786,5.385103165699234,0.0927507363934254,75.31389027102821,0.5459021708804922,-0.007694634062040938,70.9700994624752,50.74100506342956,0.0,0.0060807321712478555,-0.06516916096878708,-0.002455053600380541,70.9700994624752,50.74100506342956,0.0,Internet Content & Information,Communication Services,MOMO
2016Q4,2016,Q4,2017-03-08,2016-12-31,598560877.11,1792839615.8,628863850.37,2.77752,991654249.88,0.5531193315568859,5344906724.4,4402501132.2,5000598401.4,928365228.6,942405592.2,0.0,355112875.8,24801223878.417038,23012750975.217037,22.660155217365187,5.386455941419777,0.0,0.0,0.13755543845413867,22.660155217365187,0.13595927840474845,13.83348720088955,10.35868899340844,5.633439523052086,0.0,0.0,0.0,0.3354295422248473,5.200400906527446,0.11198715112791652,32.65541355437009,0.5531193315568859,1.0818898251599915,32.67891912049682,122.33451084836776,11.135082246352418,0.683871005299567,1.3005396511189717,1.5343557889949262,32.67891912049682,122.33451084836776,11.135082246352418,Internet Content & Information,Communication Services,MOMO
2016Q3,2016,Q3,2016-10-28,2016-09-30,260182812.68,1047602040.82,248135582.66,1.334134,588913430.28,0.5621537638653642,4432580166.96,3674351790.74,4099266799.07,749136253.01,758228376.22,0.0,0.0,28984198435.08975,27343173591.069748,19.0214289154869,5.471990953046669,0.0,0.0,0.06572511158509396,19.0214289154869,0.07081053407452861,27.667184012358984,27.849839634428065,7.888248073615305,0.0,0.0,0.0,0.23634136357616692,5.232148740461074,0.058697824490434744,71.92909067500338,0.5621537638653642,1.5123420057548322,18.07394535694796,200.85438514044117,0.0,0.5630697789715265,1.5432490940166486,1.6693544110273708,18.07394535694796,200.85438514044117,0.0,Internet Content & Information,Communication Services,MOMO
2016Q2,2016,Q2,2016-06-30,2016-06-30,102303314.8,657231754.8,92957151.6,0.531032,376767203.99999994,0.5732638468064477,3931754290.1,3329384778.8,3627147697.0,592293179.1,602369511.3,0.0,0.0,12761744861.549427,11437921912.949427,17.567842958574627,6.123905905030876,0.0,0.0,0.027285299455491067,17.567842958574627,0.030727393076168525,19.417419758473038,31.186049265603632,3.8330639771078383,0.0,0.0,0.0,0.16715992564817267,5.898631610799179,0.026019762999329753,46.984470909013716,0.5732638468064477,1.0529719907989097,3.3014723311755216,11.31712197481789,2.142947711595966,0.8983220399335151,1.2436803189493641,1.917576367950051,3.3014723311755216,11.31712197481789,2.142947711595966,Internet Content & Information,Communication Services,MOMO
2016Q1,2016,Q1,2016-04-25,2016-03-31,45596208.13,329293732.86,31861086.01,0.258665,198473807.96,0.6027257374023015,3551906460.21,3115014470.78,3243351209.76,426079784.07,436891989.43,0.0,0.0,12929954061.966902,11659442332.606901,17.540292021812995,7.612074853162137,0.0,0.0,0.009373047929438242,17.540292021812995,0.0146375590090221,39.26571559582065,70.89380121863492,4.150848794846606,0.0,0.0,0.0,0.09270901037200488,7.360773421967248,0.01283710836442022,420.41395491387283,0.6027257374023015,-0.0038818051934548796,7.257885992274495,9.23217182021923,0.0,-0.01754186931680852,0.1185356473782454,0.3970591044689838,7.257885992274495,9.23217182021923,0.0,Internet Content & Information,Communication Services,MOMO
2015Q4,2015,Q4,2016-02-23,2015-12-31,40764197.58,268209579.6,22805825.4,0.259673,202017573.84,0.7532078986189947,3519585655.74,3040677602.52,3270819113.34,467053989.9,478908053.22,0.0,-610938688.38,18413272255.95657,17313110012.37657,17.226999255636542,7.003085690457989,0.0,0.0,0.007586878909392454,17.226999255636542,0.013406287317740018,68.65255254274508,112.92551644013355,6.055647675602416,0.0,0.0,0.0,0.07620487348065647,6.872430328723331,0.011582101294656302,98.75927632001012,0.7532078986189947,9.576859558726385,3.3747439041922838,19.30922339956404,8.225490770901647,0.09845694093125407,8.643046366719911,2.459573311345998,3.3747439041922838,19.30922339956404,8.225490770901647,Internet Content & Information,Communication Services,MOMO
2015Q3,2015,Q3,2015-11-20,2015-09-30,-5333501.28,238518250.56,-15624994.8,-0.030276,183910325.76,0.771053474223503,3287759852.88,2915407634.64,3072427694.4,359744024.88,372352218.24,0.0,0.0,13996752522.79,13069856191.75,16.549297754180913,8.540594094439433,0.0,0.0,-0.005184607125604308,16.549297754180913,-0.0018294187120281007,58.68210289958115,-656.0771146374414,4.800959000204562,0.0,0.0,0.0,0.0725473456800878,8.201847035719972,-0.0016222295783945347,824.8951568884859,0.771053474223503,-1.5734308117731732,0.6162171484986393,49.39429185737228,0.0,0.20995929594530832,-1.5036010611490749,-4.704005140549708,0.6162171484986393,49.39429185737228,0.0,Internet Content & Information,Communication Services,MOMO
2015Q2,2015,Q2,2015-07-30,2015-06-30,10590726.85,190856699.82,-2739302.37,0.052798,151997117.89999998,0.7963939334765344,3187113086.01,2833202673.69,3049303193.99,340648710.37,353910412.32,0.0,0.0,17199018074.944862,16558362956.714863,16.459045253408583,8.951459674331248,0.0,0.0,-0.0009484249018794241,16.459045253408583,0.003738075976120162,90.11482484589501,405.99239123386656,6.0705216166355775,0.0,0.0,0.0,0.05988388069999005,8.608759869440746,0.0033229843322750453,464.7311359877425,0.7963939334765344,-0.7873954554057156,1.2623097085147439,2.9379541839576024,1.944579976963323,0.18603715118207556,-0.7453577266235615,-1.0875609225056644,1.2623097085147439,2.9379541839576024,1.944579976963323,Internet Content & Information,Communication Services,MOMO
2015Q1,2015,Q1,2015-04-20,2015-03-31,41590607.52,163432027.52,31284530.72,0.248339,128155444.16000001,0.7841513447804285,3072775423.36,2793462116.64,2966622832.32,265095887.52,279313306.72,0.0,0.0,10525011218.9352,9891957347.2552,17.43160968624568,11.19075388182393,0.0,0.0,0.010952215380512631,17.43160968624568,0.014888552549989668,64.39993053165298,63.26555348989525,3.76773007095395,0.0,0.0,0.0,0.05318710449112202,10.942293730532331,0.013535192713342439,253.51634085766912,0.7841513447804285,1.2001736231458837,7.325751680729177,4.627810734114364,0.0,0.5518356331870021,3.4575922762592177,2.5996742217775863,7.325751680729177,4.627810734114364,0.0,Internet Content & Information,Communication Services,MOMO
2014Q4,2014,Q4,2014-12-31,2014-12-31,-16923314.71,116447012.75,-19556813.69,-1.240618,82583130.21000001,0.7091906289369369,2968203377.36,2731785008.19,2890732986.35,236418369.17,236418369.17,0.0,-668730320.54,4024065599.424,1226670508.304,50.73868501779709,12.227192821347048,0.0,0.0,-0.00715898712064379,50.73868501779709,-0.006194965804140235,34.55705306982209,-59.44558835519049,1.4730535482696079,0.0,0.0,0.0,0.039231480443085776,12.0837247133524,-0.005701534753003365,2666.2157845656966,0.7091906289369369,-0.5680048735604291,-2.232040132365326,27.906852984647244,26.171840168636304,0.6857740877749096,0.8117560628215736,0.7842194481582989,-2.232040132365326,27.906852984647244,26.171840168636304,Internet Content & Information,Communication Services,MOMO
2014Q3,2014,Q3,2014-09-30,2014-09-30,-89900981.48,75767270.36,-90632883.84,-0.791208,48988254.599999994,0.6465622209594933,1137013391.48,951669882.08,1069309347.96,185343509.4,185343509.4,0.0,-598327104.08,19483987643.90829,18486349373.26829,5.103388074698656,5.769337979094077,0.0,0.0,-0.0952356332238968,5.103388074698656,-0.0944665615386604,257.1557290018794,-54.18179902808634,20.47347300864819,0.0,0.0,0.0,0.06663709585810339,5.607897793263647,-0.07906765404317699,-233.46609371170703,0.6465622209594933,0.471699272258416,-5.111243395464768,14.122840059987523,0.0,0.5762333248006701,-1.0554092361488452,-1.046240960702659,-5.111243395464768,14.122840059987523,0.0,Internet Content & Information,Communication Services,MOMO
2014Q2,2014,Q2,2014-06-30,2014-06-30,-43738726.04,52503889.6,-44292380.8,-1.497647,31079316.64,0.5919431279620853,1215688994.48,1042339067.04,1160715431.4,173349927.44,173349927.44,0.0,-455944026.12,19715996553.7732,18619760128.9732,5.589607136560921,6.695794157754971,0.0,0.0,-0.04249325598605839,5.589607136560921,-0.04196209028623266,375.5149704903615,-112.6918770778926,18.91514688187025,0.0,0.0,0.0,0.043188586750724074,6.508397330079666,-0.03597854898629632,-1719.6670379482646,0.5919431279620853,-11.260519680398192,0.0,0.0,0.0,0.7556065954603297,-4.7168996238451495,-4.387293803640655,0.0,0.0,0.0,Internet Content & Information,Communication Services,MOMO
2014Q1,2014,Q1,2014-03-31,2014-03-31,-7650777.33,33792484.46,-8221638.25,-0.122152,17702893.53,0.5238707308116048,,,,,,,,19689018773.55635,,,0.0,0.0,0.0,0.0,,0.0,582.6449013200597,-643.3666124470893,0.0,0.0,0.0,0.0,0.0,0.0,0.0,8622.511229861535,0.5238707308116048,-0.2560276671044651,0.0,0.0,0.0,3.9718988792761944,0.5781321249656457,0.5473622453865843,0.0,0.0,0.0,Internet Content & Information,Communication Services,MOMO
2013Q4,2013,Q4,2013-12-31,2013-12-31,-18135482.18,13952369.18,-18163836.68,-0.09725263479394398,3560590.0199999996,0.25519608706340147,381946626.0,348215330.16,355802750.64,33731295.84,33731295.84,0.0,-149857614.72,19214527227.3894,18878947497.629402,1.8673260516364782,10.548149478979518,0.0,0.0,-0.05216265657130596,1.8673260516364782,-0.05208122850785174,1377.1515775924588,-264.87477747599377,55.180015246774445,0.0,0.0,0.0,0.03652963066101283,10.382321236076177,-0.04748171850587312,-2065.15764692087,0.25519608706340147,-0.2328046242826622,0.0,0.0,0.0,2.5239501772441284,-0.23280462428266224,-0.23067898551633578,0.0,0.0,0.0,Internet Content & Information,Communication Services,MOMO
2013Q3,2013,Q3,2013-09-30,2013-09-30,-14710751.26,5010121.78,-14759199.51,-0.07888730531858025,-2336421.54,-0.4663402692778458,,,,,,,,19430349469.1242,,,0.0,0.0,0.0,0.0,,0.0,3878.218997927072,-330.20661429367743,0.0,0.0,0.0,0.0,0.0,0.0,0.0,-1116.1147999941707,-0.4663402692778458,0.0,0.0,0.0,0.0,0.0,0.0,0.0,0.0,0.0,0.0,Internet Content & Information,Communication Services,MOMO
