Year,Date,FillingDate,NetIncome,Revenue,OperatingIncome,EPSDiluted,GrossProfit,GrossProfitRatio,TotalAssets,CommonStockEquity,CurrentAssets,CurrentLiability,TotalLiability,Inventory,RetainedEarnings,EnterpriseValue,bookValuePerShare,currentRatio,debtToAssets,debtToEquity,roic,shareholdersEquityPerShare,roe,priceToSalesRatio,peRatio,pbRatio,payoutRatio,inventoryTurnover,dividendYield,assetTurnover,quickRatio,returnOnAssets,priceToFreeCashFlowsRatio,grossProfitMargin,epsdilutedGrowth,fiveYNetIncomeGrowthPerShare,fiveYRevenueGrowthPerShare,fiveYShareholdersEquityGrowthPerShare,grossProfitGrowth,netIncomeGrowth,operatingIncomeGrowth,threeYNetIncomeGrowthPerShare,threeYRevenueGrowthPerShare,threeYShareholdersEquityGrowthPerShare,Industry,Sector,Price,MarketCap,AvgVolume,Symbol
2022,2022-12-31,2023-03-14,-34184000.0,0.0,-36526000.0,-1.33,0.0,0.0,126405000.0,110903000.0,120739000.0,10705000.0,15502000.0,0.0,-151605000.0,84977557.22,4.305007718138234,11.278748248482017,0.04278311775641786,0.048763333724065175,-0.2901454586026927,4.305007718138234,-0.3082333210102522,0.0,-3.1124080628364146,0.9593478735471539,0.0,0.0,0.0,0.0,11.062867818776272,-0.27043234049286025,-3.845262106328382,0.0,0.5476190476190476,0.9416965150772827,0.0,-0.8741796451699606,0.0,0.32283433370971254,0.27621123550975923,0.4695830281440134,0.0,58.154349413161,Biotechnology,Healthcare,3.2,138461440,288129,LRMR
2021,2021-12-31,2022-03-25,-50481000.0,0.0,-50465000.0,-2.94,0.0,0.0,78667000.0,64413000.0,72204000.0,8846000.0,14254000.0,-208000.0,-116250000.0,121107624.35999998,3.752734457201943,8.162333257969705,0.07629628688014034,0.09317994814711315,-0.6583682091919344,3.752734457201943,-0.7837082576498533,0.0,-3.6687590253758837,2.875236743514508,0.0,0.0,0.0,0.0,7.94765995930364,-0.6417049080300508,-4.364075224091616,0.0,0.16713881019830026,0.8844099353241639,0.0,-0.929871801825597,0.0,-0.201785501725985,-0.1789786001308289,0.8712922049049625,0.0,-0.8919447769086781,Biotechnology,Healthcare,3.2,138461440,288129,LRMR
2020,2020-12-31,2021-03-04,-42005000.0,0.0,-42804000.0,-3.53,0.0,0.0,104686000.0,89692000.0,97952000.0,8992000.0,14994000.0,-32000.0,-65614000.0,192787348.55,7.547827155330381,10.8932384341637,0.06225283227938788,0.07265976898720064,-0.412002652612343,7.547827155330381,-0.46832493421932836,0.0,-6.056858672777051,2.836577939504081,0.0,0.0,0.0,0.0,10.30582740213523,-0.4012475402632635,-6.020168679160456,0.0,-0.4119999999999999,0.8939073461763083,0.0,-0.9004879399859174,0.0,-0.8223427331887202,-0.8438873093822693,0.8446861371181689,0.0,-0.7794033476692176,Biotechnology,Healthcare,3.2,138461440,288129,LRMR
2019,2019-12-31,2020-03-05,-23050000.0,0.0,-23214000.0,-2.5,0.0,0.0,5201000.0,-694000.0,4750000.0,5895000.0,5895000.0,3164000.0,-23132000.0,121814697.12,-0.07532248660583851,0.8057675996607294,0.018650259565468178,-0.13976945244956773,46.26341864084385,-0.07532248660583851,33.21325648414986,0.0,-5.3243686386117135,-176.83962121037464,0.0,0.0,0.0,0.0,0.19796437659033078,-4.431840030763315,-5.387002770608375,0.0,0.8905936345626086,0.9249151713306416,0.0,-1.0009930667002935,0.0,0.6243970799113544,0.6202022185137921,0.9016771729613586,0.0,-1.0014075683552686,Biotechnology,Healthcare,3.2,138461440,288129,LRMR
2018,2018-12-31,2019-03-14,-61368000.0,0.0,-61122000.0,-22.85059,0.0,0.0,121762000.0,93271000.0,121330000.0,13306000.0,28491000.0,0.0,-350945000.0,130834828.0,34.72978306685235,9.1184428077559,0.12471050081306155,0.16280515915986749,-0.5635649479973446,34.72978306685235,-0.6579537047957028,0.0,-2.599495307000391,1.71034756783995,0.0,0.0,0.0,0.0,8.988576581993085,-0.5039996057883412,-3.091885415253416,0.0,-0.004010666404210019,0.3141747140269351,0.0,-0.5421156068228214,0.0,-0.17951872068885985,-0.15326704277439196,0.3141747140269351,0.0,-0.5421156068228214,Biotechnology,Healthcare,3.2,138461440,288129,LRMR
2017,2017-12-31,2018-03-09,-52028000.0,0.0,-52999000.0,-22.75931,0.0,0.0,105510000.0,78217000.0,104925000.0,7293000.0,27293000.0,0.0,-289577000.0,105959394.39999999,34.21551086828141,14.387083504730564,0.18955549237039143,0.2556988889883273,-0.5396112689249315,34.21551086828141,-0.6651750898142348,0.0,-2.43592670100715,1.6203177621233236,0.0,0.0,0.0,0.0,14.122857534622241,-0.4931096578523363,-2.8909508519811125,0.0,0.10550629446320696,0.31691446046634525,0.0,-0.5488958741546752,0.0,0.10107467431493831,0.08975525976814083,0.31691446046634525,0.0,-0.5488958741546752,Biotechnology,Healthcare,3.2,138461440,288129,LRMR
2016,2016-12-31,2016-12-31,-57878000.0,0.0,-58225000.0,-25.44379,0.0,0.0,131621000.0,121727000.0,130899000.0,9894000.0,9894000.0,0.0,-237549000.0,58041078.39999999,53.51248933944099,13.2301394784718,0.003084614157315322,0.003335332342044082,-0.47673437973356914,53.51248933944099,-0.4754738061399689,0.0,-1.4997767441860463,0.7131045569183501,0.0,0.0,0.0,0.0,13.092884576511016,-0.4397322615692025,-1.6491702935309203,0.0,0.23634372379449417,0.23634387933282636,0.0,-0.2944806576699731,0.0,0.22087607355356326,0.21118231205885143,0.23634387933282636,0.0,-0.2944806576699731,Biotechnology,Healthcare,3.2,138461440,288129,LRMR
2015,2015-12-31,2016-03-15,-74286000.0,0.0,-73813000.0,-33.31838,0.0,0.0,189106000.0,169110000.0,188110000.0,16543000.0,19996000.0,0.0,-179671000.0,139082698.4,75.84836605997542,11.37097261681678,0.018259600435734456,0.020418662409082845,-0.42774522927858233,75.84836605997542,-0.43927621075039913,0.0,-2.265416073015104,0.9951433883271245,0.0,0.0,0.0,0.0,11.267726530858974,-0.39282730320560955,-2.7978636120301252,0.0,0.0,0.0,0.0,0.0,0.0,0.0,0.0,0.0,0.0,0.0,Biotechnology,Healthcare,3.2,138461440,288129,LRMR
TTM,,,,,,,,,,,,,,,,32182440.0,2.4202004833840243,14.165293383270912,0.04411010285349054,0.04936888771754784,-0.28074842541521206,2.4202004833840243,-0.3172118529422436,0.0,-4.590599006535949,1.3222045123822255,0.0,0.0,0.0,0.0,13.923096129837703,-0.2573439747029191,-5.000954960811933,0.0,,,,,,,,,,,Biotechnology,Healthcare,3.2,138461440,288129,LRMR
