Quarters,Year,Quarter,FillingDate,Date,NetIncome,Revenue,OperatingIncome,EPSDiluted,GrossProfit,GrossProfitRatio,TotalAssets,CommonStockEquity,CurrentAssets,CurrentLiability,TotalLiability,Inventory,RetainedEarnings,MarketCap,EnterpriseValue,bookValuePerShare,currentRatio,debtToAssets,debtToEquity,roic,shareholdersEquityPerShare,roe,priceToSalesRatio,peRatio,pbRatio,payoutRatio,inventoryTurnover,dividendYield,assetTurnover,quickRatio,returnOnAssets,priceToFreeCashFlowsRatio,grossProfitMargin,epsdilutedGrowth,fiveYNetIncomeGrowthPerShare,fiveYRevenueGrowthPerShare,fiveYShareholdersEquityGrowthPerShare,grossProfitGrowth,netIncomeGrowth,operatingIncomeGrowth,threeYNetIncomeGrowthPerShare,threeYRevenueGrowthPerShare,threeYShareholdersEquityGrowthPerShare,Industry,Sector,Symbol
2023Q1,2023,Q1,2023-05-03,2023-04-02,-50850000.0,440878000.0,-33793000.0,-0.29,64111000.0,0.1454166459,1492411000.0,502405000.0,986278000.0,683704000.0,989122000.0,381847000.0,-2116859000.0,2377071360.0,2577986360.0,2.8786498441510817,1.4425511624913705,0.2126713083728276,0.6317472955086036,-0.040277546699033065,2.8786498441510817,-0.1012131646778993,5.391676064580224,-11.686683185840709,4.73138475930773,0.0,0.986696242212195,0.0,0.29541326082426356,0.5401738179095047,-0.034072383545819485,-16.070631312789864,0.1454166458748225,-8.249999999999998,0.6477504937233854,-0.09619126361619887,-0.15411581475333905,-0.38736526259460285,-7.679364245369762,-3.170113023375289,-19.64100523302435,-0.05059333193220489,50.52453604636067,Solar,Technology,SPWR
2022Q4,2022,Q4,2023-03-10,2023-01-01,7613000.0,497312000.0,15572000.0,0.04,104648000.0,0.2104272569,1780007000.0,574851000.0,1268514000.0,1050346000.0,1204353000.0,316815000.0,-2066175000.0,3141384930.0,3312692930.0,3.2993611928990823,1.2077106020301882,0.30805159754989725,0.9538715249690789,0.020459387671034814,3.2993611928990823,0.01324343177623419,6.3167285929155135,103.15857513463811,5.464694207716435,0.0,1.2394110127361393,0.0,0.279387665329406,0.6995551941931516,0.004276949472670613,-126.0082202166065,0.21042725693327327,-0.9459459459459459,1.0081556418476108,-0.39446747136121096,2.2230629747422967,-0.007577266304399367,-0.9453901167086302,-0.8948619269461886,-0.3936457437506901,-0.27933315173260237,48.488470026994314,Solar,Technology,SPWR
2022Q3,2022,Q3,2022-11-08,2022-10-02,139407000.0,475711000.0,148110000.0,0.74,105447000.0,0.2216618914,1717494000.0,557625000.0,1190318000.0,910317000.0,1150870000.0,228253000.0,-2073788000.0,4088290640.0,4241442640.0,3.202569521818537,1.307586258413278,0.320037217015023,0.9857197937682134,0.12518049416124846,3.202569521818537,0.25000134498991256,8.594063706746322,7.331573450400626,7.331612893969962,0.0,1.6221648784462854,0.0,0.27697971579522257,0.8292594777423689,0.08116884251124021,-184.45635444865547,0.22166189135840877,4.083333333333333,3.059170533904579,-0.20120670849488834,-0.36421539218076254,0.2938440962465797,4.3422118865527075,9.025467353020861,7.54403917763433,-0.18170998034283678,3.7390455374394658,Solar,Technology,SPWR
2022Q2,2022,Q2,2022-08-03,2022-07-03,-41711000.0,417772000.0,-18455000.0,-0.24,81499000.0,0.1950800915,1536472000.0,413317000.0,1071587000.0,903091000.0,1117381000.0,222524000.0,-2213195000.0,2722333150.0,3090545150.0,2.3760541761760496,1.1865769894728218,0.3739521449138025,1.3901363844216426,-0.01957268073806176,2.3760541761760496,-0.10091769755417754,6.516313084649043,-16.31663799717101,6.5865501539980205,0.0,1.5111763225539716,0.0,0.27190342550986935,0.7523704698640558,-0.027147256832535837,-38.90270013432793,0.1950800915331808,-15.666666666666666,0.6433695977465547,-0.007523105501070678,-0.5560736106742477,0.12709344618235627,-15.651097804391217,-0.8523537087222725,-1.281268076812247,-0.21571741390920804,3.135900148488725,Solar,Technology,SPWR
2022Q1,2022,Q1,2022-05-06,2022-04-03,-2505000.0,350277000.0,-9963000.0,-0.0144,72309000.0,0.2064337653,1570775000.0,358615000.0,1159893000.0,1056207000.0,1211114000.0,245612000.0,-2150083000.0,4167959040.0,4595551040.0,2.068423541897379,1.0981682567905724,0.36277760977861245,1.5890077102184794,-0.0018258949288151353,2.068423541897379,-0.006985206976841459,11.899037162017489,-415.96397604790417,11.622377870418136,0.0,1.131736234385942,0.0,0.22299629163947732,0.5790938708037345,-0.001594754181852907,-35.05225966511644,0.2064337652771949,-1.1199999999999999,0.9850764282055112,-0.2968053936979529,-0.6528828548375981,0.416379377889211,-1.1193198056587597,-1.2617433795712485,0.9807273517972078,-0.17776901438214554,2.0234801068310566,Solar,Technology,SPWR
2021Q4,2021,Q4,2022-02-25,2022-01-02,20994000.0,384532000.0,38064000.0,0.12,51052000.0,0.1327639832,1554806000.0,388389000.0,1073466000.0,505629000.0,1164782000.0,242993000.0,-2122212000.0,3728559450.0,4189074450.0,2.244776585230524,2.1230309179259894,0.37795390550332325,1.5130320374675905,0.024935664467261656,2.244776585230524,0.05405405405405406,9.696356740141262,44.40029829951415,9.600064497192248,0.0,1.3723852127427538,0.0,0.24731831495376272,1.3873136232296803,0.013502649205109834,-390.3433260050251,0.1327639832315646,1.2448979591836735,1.0563606200661182,-0.6997868426946524,-0.6916436866337999,-0.14414082145850796,1.2490184682173484,5.375879396984924,1.099920881148068,-0.31338193905296446,2.518087496325254,Solar,Technology,SPWR
2021Q3,2021,Q3,2021-11-04,2021-10-03,-84307000.0,323636000.0,5970000.0,-0.49,59650000.0,0.1843120048,1428734000.0,366168000.0,1139413000.0,394468000.0,1061729000.0,241425000.0,-2142408000.0,3991914650.0,4303804650.0,2.117985944413917,2.888480180901873,0.4062785654992462,1.5852395621681852,0.005845819221877948,2.117985944413917,-0.2302413099997815,12.334581597844492,-11.837435355308575,10.901866492975902,0.0,1.0934493113803458,0.0,0.2265194220897662,1.9964002149730777,-0.05900818486856196,-192.36288791441788,0.18431200484494925,-2.2564102564102564,-0.662284445974056,-0.6452664788689633,-0.7704611331130644,-0.022627844865723976,-2.120999375058173,-0.9301190434385644,0.3882136576758705,-0.38355941613556777,6.337810568334492,Solar,Technology,SPWR
2021Q2,2021,Q2,2021-08-04,2021-07-04,75207000.0,308927000.0,85431000.0,0.39,61031000.0,0.1975579991,1546632000.0,443245000.0,1061347000.0,408230000.0,1102619000.0,235843000.0,-2058032000.0,4973758400.0,5436849400.0,2.5674525023169603,2.5998750704259854,0.3902369794495394,1.3616690543604553,0.07556846267886914,2.5674525023169603,0.16967365678123836,16.100109087260098,16.533562035448828,11.221239720696227,0.0,1.051106032402912,0.0,0.19974176145327396,1.7464444063395634,0.04862630541719039,290.8630643274854,0.19755799913895516,2.3448275862068964,1.85943254066849,-0.4123193706019737,-0.7276021930720117,0.22370373340818864,2.519394723019112,421.9257425742574,1.1305012885284682,-0.43847976531066524,9.38193484667642,Solar,Technology,SPWR
2021Q1,2021,Q1,2021-05-06,2021-04-04,-49498000.0,306398000.0,202000.0,-0.29,49874000.0,0.1627752139,1594771000.0,359657000.0,1101647000.0,500692000.0,1233908000.0,230694000.0,-2133239000.0,5564000000.0,6073129000.0,2.10080023364486,2.200248855583872,0.4528763063787842,2.008118846567702,0.00016059292108459223,2.10080023364486,-0.13762557103017597,18.159387463364645,-28.102145541233988,15.470295309141765,0.0,1.1119665010793518,0.0,0.19212664388805664,1.5542409305521159,-0.03103768503440306,-129.44953701549485,0.16277521393742778,-1.1394230769230769,0.5355447658780516,-0.36199207786846677,-0.7876153752099813,-0.3363494830408112,-1.120002424389357,-0.9995405843675871,0.6504506984243488,-0.3596677361040785,-0.38268501199848876,Solar,Technology,SPWR
2020Q4,2020,Q4,2021-02-22,2021-01-03,412475000.0,341810000.0,439689000.0,2.08,75151000.0,0.2198619116,1646482000.0,404167000.0,790315000.0,529731000.0,1239996000.0,210582000.0,-2085246000.0,4309457770.0,4768516770.0,2.373724796936576,1.4919175959118873,0.42018315414319746,1.7117280728015893,0.36586192929167816,2.373724796936576,1.0205558593353738,12.607758023463328,2.611950887932602,10.662567131903396,0.0,1.2662953148892118,0.0,0.2076002045573532,0.8610691086608109,0.25051898532750433,342.42811044894717,0.21986191158830928,2.7818181818181817,3.067774253975614,-0.267210274190639,-0.7761606193181143,1.0234518039849219,2.7607129832239243,1.859133589970348,1.4521628652617873,-0.5741190161298076,1.318832058066207,Solar,Technology,SPWR
2020Q3,2020,Q3,2020-10-30,2020-09-27,109680000.0,274806000.0,153784000.0,0.55,37140000.0,0.1351498876,1449309000.0,-10299000.0,861328000.0,754298000.0,1456375000.0,178139000.0,-2497409000.0,1990322099.9999998,2608077100.0,-0.06054211024436698,1.141893522188843,0.6503071463711327,-91.51335081075833,0.11680923381827236,-0.06054211024436698,-10.64957762889601,7.2426442654090515,4.536656865426695,-193.2539178561025,0.0,1.3341604028314968,0.0,0.18961173911153523,0.723813400009015,0.07567744352653574,-10.535264132966335,0.13514988755704024,3.583333333333334,1.9529298173823708,-0.4201672084972324,-1.0054011765518576,0.7196036670062043,4.66002683455465,5.543443111224577,2.658216918243511,-0.5276938592362479,-1.0120190183401256,Solar,Technology,SPWR
2020Q2,2020,Q2,2020-08-05,2020-06-28,19378000.0,352914000.0,23502000.0,0.12,21598000.0,0.0611990457,1938523000.0,31656000.0,1112778000.0,1083128000.0,1897218000.0,360416000.0,-2431732000.0,831637675.6999999,1611605675.6999998,0.18620847867390575,1.0273744192745455,0.5237363704222235,32.07211902956785,0.01826987722544994,0.18620847867390575,0.612143037654789,2.356488197407867,10.729147431365465,26.271091600328532,0.0,0.9192599662612093,0.0,0.18205303728663524,0.48378584987185264,0.009996270356348622,59.3094904935102,0.06119904565984914,9.955223880597014,1.6046984921301373,-0.26787331220426525,-0.9836880457883725,-0.4232535782952361,9.131766680654637,1.0752317880794702,1.1695301933940976,-0.1421323181652994,-0.9652100282778133,Solar,Technology,SPWR
2020Q1,2020,Q1,2020-05-08,2020-03-29,-2383000.0,449190000.0,11325000.0,-0.0134,37448000.0,0.0833678399,1997524000.0,9432000.0,1203398000.0,831430000.0,1977463000.0,391800000.0,-2451110000.0,595907895.6,1409033895.6,0.055869495681842414,1.4473834237398218,0.5099202813082596,107.99173027989822,0.04802969625612873,0.055869495681842414,-0.25265055131467345,1.326627697856141,-62.51656479227864,63.17937824427481,0.0,1.0508984175599796,0.0,0.22487339326085695,0.6630359741649928,-0.0011929769054088962,-3.198372096867687,0.08336783988957902,-1.190340909090909,0.9403442148761455,-0.2031584029268057,-0.9950684205268108,-0.6063864450961225,-1.2169321802457898,-0.6761509865599085,0.9854202851735948,-0.07390843880390466,-0.9906241350236448,Solar,Technology,SPWR
2019Q4,2019,Q4,2020-02-18,2019-12-29,10985000.0,603761000.0,34970000.0,0.0704,95139000.0,0.1575772533,2171921000.0,10163000.0,1380931000.0,898409000.0,2150422000.0,358257000.0,-2449679000.0,785152313.4,1456691313.4,0.0666692906670865,1.5370850024877312,0.5039290103093068,107.69398799567057,0.016251912608089603,0.0666692906670865,1.080881629440126,1.3004356250238092,17.86873721893491,77.25595920495917,0.0,1.4197126643722244,0.0,0.2779847885811685,0.8335368412382334,0.005057734604527513,-43.6074597833935,0.15757725325087243,1.6400000000000001,-0.9297153893497933,-0.5530083364538618,-0.9942901664943999,0.9717518807900355,1.629837738661774,1.5666055045871559,1.0334717436946335,-0.4649923426766469,-0.9908418963294152,Solar,Technology,SPWR
2019Q3,2019,Q3,2019-10-31,2019-09-29,-17441000.0,475958000.0,13625000.0,-0.11,48251000.0,0.1013765921,1889672000.0,-166677000.0,1106425000.0,842219000.0,2049928000.0,388508000.0,-2455119000.0,1024100752.0,1837108752.0,-1.1692282870230721,1.3137022555891045,0.530245989780237,-6.011573282456488,0.022164892110475055,-1.1692282870230721,0.10463951235023429,2.1516620205984562,-14.679501634080616,-6.144223570138651,0.0,1.1008962492406849,0.0,0.25187334098192704,0.5622266892577821,-0.009229644086381128,-13.151584738471023,0.10137659205223991,-1.1466666666666667,-2.0293349454743557,-0.33900207910880503,-1.110610228982785,1.436919191919192,-1.1435957812924527,0.7037639114668001,0.5829443197305997,-0.3673041457338094,-1.1267162970761333,Solar,Technology,SPWR
2019Q2,2019,Q2,2019-08-01,2019-06-30,121459000.0,436281000.0,7997000.0,0.75,19800000.0,0.0453835945,1938927000.0,-158490000.0,1011440000.0,770796000.0,2035572000.0,350575000.0,-2440102000.0,1047774475.3000001,1912309475.3000002,-1.1124369169866148,1.312201931509764,0.5321438094368689,-6.510114202788819,0.008240804257964118,-1.1124369169866148,-0.7663511893494858,2.4016046431084557,2.1566423140730615,-6.610981609565273,0.0,1.1879940098409756,0.0,0.22501156567524203,0.5615947669681731,0.062642379006533,-9.662250786610107,0.04538359451821189,2.0,145.02548070638062,-0.2176812532879739,-1.1070377333642791,1.5310446560278932,2.143197326933032,1.0680121106972156,2.6818923072095076,0.005696094897709392,-1.1180256991159236,Solar,Technology,SPWR
2019Q1,2019,Q1,2019-05-10,2019-03-31,-106245000.0,348225000.0,-117582000.0,-0.75,-37285000.0,-0.1070715773,2307731000.0,-286412000.0,1490132000.0,1299827000.0,2529187000.0,334390000.0,-2561561000.0,628315620.0000001,1413016620.0,-2.020970928591589,1.1464079450573037,0.42043678400992146,-3.387619932125749,-0.17229398412438257,-2.020970928591589,0.3709516361046325,1.8043380572905452,-1.478459268671467,-2.1937475385109564,0.0,1.1528753850294566,0.0,0.15089496999433644,0.3071801093530139,-0.04603872808399246,-3.4300823242965865,-0.10707157728480149,0.3801652892561983,-3.2207509977281026,-0.5663743786548301,-1.2156179451497797,-3.9247127195879012,0.38009440512518305,0.25044941671447696,-0.20430732442486807,-0.12406332785065245,-1.2043141206414303,Solar,Technology,SPWR
2018Q4,2018,Q4,2019-02-14,2018-12-30,-171389000.0,456837000.0,-156870000.0,-1.21,-7571000.0,-0.0165726506,2352649000.0,-208696000.0,1073771000.0,705006000.0,2502535000.0,308146000.0,-2480988000.0,459355339.20000005,1048906339.2,-1.4786872236707855,1.5230664703562806,0.3821045978384366,-4.307499904166827,-0.11742217629397794,-1.4786872236707855,0.8212375896040174,1.005512555243993,-0.6700478723838753,-2.201073998543336,0.0,1.5071037754830503,0.0,0.1941798372812944,0.7716331492214251,-0.0728493710706527,-5.472946423295049,-0.016572650639068202,-0.5124999999999998,-7.603108484706254,-0.3838887192929373,-1.160916348328543,-1.776114812916453,-0.5246639563743761,-0.9109513948105737,-0.03652818678037328,0.18154035014839637,-1.1394384188073716,Solar,Technology,SPWR
2018Q3,2018,Q3,2018-10-31,2018-09-30,-112411000.0,428263000.0,-82090000.0,-0.8,9755000.0,0.0227780593,3126117000.0,-55958000.0,1225155000.0,719155000.0,3090334000.0,382888000.0,-2322814000.0,656649917.4,2424889917.4,-0.3967892673034242,1.7036035347039233,0.6362618545627051,-35.5450337753315,-0.034683328310188395,-0.3967892673034242,2.0088459201544016,1.5332865958534825,-1.4603773594221208,-11.73469240144394,0.0,1.093029815507407,0.0,0.13699519243841482,0.7781132022999214,-0.035958666934091076,-3.4208534156442916,0.022778059276659435,0.7604790419161677,-2.1270556591029304,-0.4393723353375344,-1.044610936936894,1.031445932659607,0.7610452609113403,0.828233772809923,-0.17808742938834668,0.08998959667481811,-1.0353989789575835,Solar,Technology,SPWR
2018Q2,2018,Q2,2018-08-01,2018-06-30,-470428000.0,449097000.0,-477917000.0,-3.34,-310215000.0,-0.6907527772,3069810000.0,34851000.0,1219747000.0,696212000.0,2939169000.0,368407000.0,-2232988000.0,707857205.4,1790463205.4,0.24730000141918454,1.7519764094844674,0.43627944400467783,38.42916989469456,-0.25664402883080695,0.24730000141918454,-13.498264038334625,1.5761788776144128,-0.3761772287151275,20.310958233623136,0.0,2.061068329320561,0.0,0.1462947218231747,0.7654751713558514,-0.15324336033826197,-4.587062944866378,-0.6907527772396609,-2.2115384615384612,-124.99334574184141,-0.3314738479118909,-0.9687975478960053,-31.270784543325526,-3.0563229689413145,-5.478210185298145,-16.708776522355695,0.12388782161425928,-0.9783363983830753,Solar,Technology,SPWR
2018Q1,2018,Q1,2018-05-09,2018-04-01,-115974000.0,391888000.0,-73773000.0,-1.04,10248000.0,0.0261503287,3782723000.0,477159000.0,1204963000.0,964731000.0,3201471000.0,354611000.0,-1785927000.0,700597300.4,2047968300.4,3.4031252674521437,1.2490144921226747,0.42510197019448687,3.3700359838125236,-0.029168688829984125,3.4031252674521437,-0.24305105845221403,1.7877487965949455,-1.5102464785210479,1.4682680205130785,0.0,1.0762215498109196,0.0,0.1035994441041546,0.5287515379934925,-0.030658866641834467,-2.609184320998689,0.026150328665332952,0.8059701492537313,-0.6043587393134876,-0.47414320010306726,-0.5661206904681756,1.6727941176470589,0.8449533017644526,0.899585536658568,-2.495690841237688,-0.1629570558456918,-0.699607406352281,Solar,Technology,SPWR
2017Q4,2017,Q4,2018-02-15,2017-12-31,-747994000.0,658100000.0,-734685000.0,-5.36,-15232000.0,-0.0231454186,3629314000.0,142918000.0,1351513000.0,1096185000.0,3382217000.0,352829000.0,-2115188000.0,770747527.8,1940554527.8,1.0236725806336087,1.232924187066964,0.4422058824339806,11.229544214164767,-0.32431803777605317,1.0236725806336087,-5.2337284316881005,1.17117083695487,-0.2576048497046768,5.392935304160427,0.0,1.9083805469505057,0.0,0.18132903353085458,0.6100968358443146,-0.20609790169712514,-10.332013295262607,-0.02314541862938763,-7.0,-3.371423418146631,-0.17227335705816055,-0.8772151859186541,-1.9727934602120323,-12.788670341217026,-9.004425622310583,-6.225508134477872,-0.46801854874132787,-0.9123284507577422,Solar,Technology,SPWR
2017Q3,2017,Q3,2017-11-02,2017-10-01,-54247000.0,477191000.0,-73436000.0,-0.67,15658000.0,0.0328128569,4308641000.0,702774000.0,1505094000.0,1070216000.0,3480944000.0,408212000.0,-1546511000.0,670630315.6,2513591315.6,5.037192600184924,1.4063460086561965,0.4915621886344209,3.013721338581109,-0.02193357227356392,5.037192600184924,-0.07718982204805527,1.4053708380920849,-3.0906331944623666,0.9542617051854507,0.0,1.130620853870048,0.0,0.11075209097253635,0.5441574411146909,-0.012590280786911696,-7.223739625364887,0.03281285690635406,0.21176470588235288,0.05833299350199703,-0.3730585773030486,-0.4651459692279429,0.027765014768624877,0.42142704778157,-0.0029226188850345522,-4.27122406774126,-0.3228686226692745,-0.5234762679618183,Solar,Technology,SPWR
2017Q2,2017,Q2,2017-08-02,2017-07-02,-93760000.0,337446000.0,-73222000.0,-0.85,15235000.0,0.0451479644,4356720000.0,746376000.0,1663654000.0,1148931000.0,3489332000.0,444990000.0,-1492264000.0,858427943.2,2324422943.2,5.352360736618668,1.4480016641556368,0.41161148754108595,2.4026442436519932,-0.026371489866213,5.352360736618668,-0.1256203307716218,2.543897225630175,-2.2888970328498295,1.150128009475117,0.0,0.7240859345153824,0.0,0.07745413981160139,0.47241740365609425,-0.02152077709836758,-4.182088068478001,0.04514796441504715,0.22727272727272735,0.065568663397429,-0.5188418638888879,-0.45426100936615027,1.4925320056899005,0.30279077030614443,0.43079912935323383,-112.59034371235155,-0.38179017242675267,-0.4850004052836381,Solar,Technology,SPWR
2017Q1,2017,Q1,2017-05-10,2017-04-02,-134479000.0,399076000.0,-128640000.0,-1.1,-30932000.0,-0.0775090459,4326393000.0,827698000.0,1649694000.0,815270000.0,3392342000.0,428178000.0,-1398504000.0,549426861.0,2145651861.0,5.9588630833249345,2.02349405718351,0.458488861275432,2.396529893753519,-0.042058034115150765,5.9588630833249345,-0.16247351086990666,1.3767474390842847,-1.0213989935231522,0.6638011219067823,0.0,1.004273923461738,0.0,0.09224219806198836,0.8181473622235579,-0.031083399034715523,-3.0937590713545657,-0.07750904589601981,0.48837209302325574,-0.5220515522551322,-0.3500371387218944,-0.46594227387966647,0.03557509431609142,0.548808433399429,0.5686463866087237,-3.8679295623464083,-0.49297048237789415,-0.36424725597077035,Solar,Technology,SPWR
2016Q4,2016,Q4,2017-02-17,2017-01-01,-298053000.0,1024889000.0,-298224000.0,-2.15,-32073000.0,-0.0312941206,4567167000.0,1007832000.0,1914699000.0,1090175000.0,3479847000.0,401707000.0,-1218681000.0,599273885.4000001,1810061885.4,7.279813929298912,1.756322608755475,0.35823016762907944,1.6233826669524285,-0.10039571242318453,7.279813929298912,-0.29573678946491083,0.5847207701516945,-0.5026571493996034,0.594616846260091,0.0,2.6311764544805043,0.0,0.22440366205133291,0.6216680808127135,-0.0652599302806313,1.5351944128067387,-0.03129412063160011,-3.0566037735849054,-1.6131075466865126,0.29429412599391114,-0.3466467986296773,-1.2482276639217387,-6.351165371809101,-19.133527909522073,-12.70655002258878,0.40910923652959696,-0.20778305563093677,Solar,Technology,SPWR
2016Q3,2016,Q3,2016-11-10,2016-10-02,-40545000.0,729346000.0,16446000.0,-0.53,129208000.0,0.1771559726,5096670000.0,1275273000.0,2346186000.0,1443167000.0,3770300000.0,447114000.0,-943563000.0,788344136.0,2508284136.0,9.227134267667084,1.625720377475372,0.4127808941916977,1.649692261970574,0.005100361998375756,9.227134267667084,-0.03179319251642589,1.080891834602507,-4.860920804044888,0.6181767637203955,0.0,1.3422482856721105,0.0,0.14310245709453429,0.4386900476521428,-0.007955194273908258,-3.88810372956924,0.17715597261107896,0.27397260273972596,0.9224616595420819,-0.2649488818312542,-0.22736725427098117,2.128977575434688,0.42071951080123443,1.219866310160428,-1.4148010052962106,-0.02576547084361143,0.037404836377235434,Solar,Technology,SPWR
2016Q2,2016,Q2,2016-08-10,2016-07-03,-69992000.0,420452000.0,-74800000.0,-0.73,41294000.0,0.0982133513,5201164000.0,1301494000.0,2608632000.0,1377075000.0,3849564000.0,467914000.0,-903018000.0,1398017649.6,3037109649.6,9.425378754960748,1.8943281956320461,0.42859309954464037,1.7127877654449426,-0.021538678805423594,9.425378754960748,-0.05377819644193519,3.325035080342108,-4.993490861812778,1.0741637299903035,0.0,0.8103155708100206,0.0,0.08083805855766132,0.6644206016375288,-0.013456987705059867,-3.762450916783064,0.09821335134569463,0.0,0.6648621489059764,-0.4979311707202201,-0.3831220736287152,-0.19875041232512564,0.18050790900256414,0.05268490374873354,-19.827878422755454,-0.36123305237915726,0.18922332177899162,Solar,Technology,SPWR
2016Q1,2016,Q1,2016-05-06,2016-04-03,-85409000.0,384875000.0,-78960000.0,-0.73,51537000.0,0.1339058136,4834855000.0,1357142000.0,2373900000.0,1054545000.0,3425172000.0,386787000.0,-833026000.0,1902154951.3999999,3019987951.3999996,9.891489253150441,2.2511130392728615,0.3460312667081019,1.232745725944669,-0.025487254049594486,9.891489253150441,-0.06293298711557081,4.942266843520623,-5.56778252701706,1.4015887441402595,0.0,0.8618128323857834,0.0,0.07960424873134768,0.7483075639256741,-0.01766526607312939,-4.321282174459259,0.1339058135758363,0.37606837606837606,-5.4882305648168686,-0.4006328144898377,-0.41361921913678756,1.5383933408855834,0.46651717396328474,0.3291532854157109,-0.2074413971542763,-0.4722274387469943,0.2611091835039913,Solar,Technology,SPWR
2015Q4,2015,Q4,2016-02-19,2016-01-03,-160097000.0,374364000.0,-117702000.0,-1.17,20303000.0,0.054233313,4856993000.0,1449149000.0,2514520000.0,998602000.0,3348354000.0,382390000.0,-747617000.0,2716948611.3,3373369611.3,10.60458972726541,2.5180402202278787,0.33167620377463997,1.1116517349147672,-0.04453395738503527,10.60458972726541,-0.11047656245148015,7.257505025322948,-4.2426600924751865,1.8748580106669501,0.0,0.9259159496848767,0.0,0.0770773192384671,1.1853180746683865,-0.03296216403853166,-6.391887798250608,0.054233313032236004,-0.7205882352941174,-1.8187390367946756,-0.6889407561995927,-0.319231808336839,-0.6758987293276292,-0.7338336744750209,-1.7096551406602514,0.04409519838959793,-0.5189438052201212,0.27197172485102855,Solar,Technology,SPWR
2015Q3,2015,Q3,2015-10-29,2015-09-27,-92337000.0,380218000.0,-43438000.0,-0.68,62644000.0,0.1647581125,4394325000.0,1529734000.0,2038652000.0,1105553000.0,2797464000.0,349615000.0,-619996000.0,1708819374.9,2184558374.9,11.209059667480014,1.8440110967090677,0.2227008698719371,0.6397321364367923,-0.026796575295637767,11.209059667480014,-0.06036147460931116,4.4943147744188865,-4.626583533415641,1.1170696179205013,0.0,0.9083534745362756,0.0,0.08652477911852219,0.6775098073091024,-0.021012783533307162,-8.856051280868597,0.16475811245127794,-3.25,-4.223548434577024,-0.5150901125838031,-0.24796795058076065,-0.11620885709851723,-2.6453612317410187,-0.47497453310696097,-0.6386182204015876,-0.4893212523018889,0.19018890484673648,Solar,Technology,SPWR
2015Q2,2015,Q2,2015-07-29,2015-06-28,-25330000.0,381020000.0,-29450000.0,-0.16,70881000.0,0.1860296047,4348523000.0,1533964000.0,2172113000.0,1113960000.0,2737728000.0,310432000.0,-563670000.0,2528244127.2,2836637127.2,11.41546109424302,1.9499021508851306,0.21419594653173044,0.60720851336798,-0.010944181758236651,11.41546109424302,-0.016512773441879992,6.635463039210539,-24.953060868535335,1.6481769632142604,0.0,0.9990561540047418,0.0,0.08762055530119077,0.9920634493159539,-0.005824966316149184,-8.757855943024008,0.18602960474515773,0.3333333333333333,-0.11596469984599003,-0.294787388959304,-0.2553301168430955,-0.219526966019952,0.18920649146954324,-2.0587868716244286,0.7380275835487833,-0.43620411371111084,0.16394662500417656,Solar,Technology,SPWR
2015Q1,2015,Q1,2015-04-30,2015-03-29,-31241000.0,440871000.0,-9628000.0,-0.24,90818000.0,0.2059967655,4103141000.0,1495792000.0,2061397000.0,836709000.0,2542073000.0,302587000.0,-570179000.0,2719338464.7,3258396464.7,11.32892534442147,2.4636964583863685,0.2779897156836677,0.762559901376662,-0.0037600706081109816,11.32892534442147,-0.02088592531581931,6.168104648978953,-21.76097487836497,1.817992384435804,0.0,1.1568672811455878,0.0,0.10744719715944444,1.4522492288238802,-0.007613923089652537,-17.221793811945457,0.20599676549376122,-1.289156626506024,-2.7907318973673716,-0.08507852555260856,-0.242275577260603,-0.6499986511432524,-1.2319043907508445,-1.0645996739152315,0.6280146588148134,-0.24461132158336382,0.015344709926241873,Solar,Technology,SPWR
2014Q4,2014,Q4,2015-02-24,2014-12-28,134715000.0,1164238000.0,149041000.0,0.83,259479000.0,0.2228745325,4357182000.0,1534174000.0,2402847000.0,1129611000.0,2781153000.0,208573000.0,-560598000.0,2248397016.0,2474388016.0,11.676223238680905,2.127145539482176,0.27131434950387656,0.7705553607348319,0.047553093808209275,11.676223238680905,0.08780946620135656,1.9312176857309244,4.172506803251308,1.465542380460104,0.0,4.337852933984744,0.0,0.2671997635168786,1.458535726015416,0.030917918966891902,54.3130423943764,0.22287453252685446,7.896034297963558,51.24772467525841,0.5628620656110992,-0.18170066454177058,1.3912029784175315,7.638345623597306,5.582792279492955,2.2444440573840745,0.549150296768128,0.0479248380516525,Solar,Technology,SPWR
2014Q3,2014,Q3,2014-10-29,2014-09-28,15595000.0,662734000.0,22641000.0,0.0933,108514000.0,0.1637368839,4408538000.0,1386919000.0,2609849000.0,1437642000.0,2989766000.0,195342000.0,-695313000.0,3062288239.6,3363713239.6,10.570706685771775,1.8153678036673941,0.277677996651044,0.8826427498649885,0.017795314944286402,10.570706685771775,0.011244348083774178,4.620689808580818,49.09086629689003,2.2079791535049993,0.0,2.8371778726541144,0.0,0.15032965577250326,1.1035570747098373,0.0035374539132927967,-41.864850774467854,0.1637368838779963,20.040816326530614,-0.12303754461200361,0.025471141880689465,-0.26072071567135796,0.15262626799086515,21.305989583333332,3.233545250560957,1.0314162124474797,-0.29642169749631314,-0.1148634132763203,Solar,Technology,SPWR
2014Q2,2014,Q2,2014-07-31,2014-06-29,-768000.0,507871000.0,5348000.0,-0.0049,94145000.0,0.1853718759,4321972000.0,1348453000.0,2525400000.0,1375378000.0,2947532000.0,229721000.0,-727346000.0,3482007264.3,3610858264.3,10.392941647976446,1.8361497711901746,0.2567598772042022,0.822949706070586,0.0001788748750292424,10.392941647976446,-0.0005695415413069643,6.856086022434831,-1133.4659063476563,2.582223677280558,0.0,1.8009933789248698,0.0,0.11750909075764489,0.9877968093135123,-0.00017769666254200628,-22.682756478773232,0.18537187592912374,-1.018846153846154,-1.0222537980439967,0.19507131783279635,-0.28036529952981515,-0.42238433268502784,-1.0186177304792612,-0.9265142354622403,0.9960863468683094,-0.3545742536546869,-0.3197964284112026,Solar,Technology,SPWR
2014Q1,2014,Q1,2014-04-30,2014-03-30,41251000.0,692422000.0,72776000.0,0.26,162989000.0,0.2353896901,3826341000.0,1145334000.0,2034827000.0,1505118000.0,2635952000.0,234380000.0,-741448000.0,2581561574.4,2727980574.4,9.372925464008642,1.3519385191061433,0.23551481689687354,0.786809786490229,0.025244371579350364,9.372925464008642,0.03601656809280088,3.7283066892733046,15.645448440037818,2.253981436332109,0.0,2.2588659441931904,0.0,0.1809619163582127,0.6895944371139007,0.010780795543314096,96.74930009369261,0.23538969010227867,16.449664429530202,5.687786164220032,1.2197916085250202,-0.29917430561397584,0.2473520678360425,0.8466738293490912,0.9844031193761248,4.518550075969813,0.21073956894576895,-0.444360377704746,Solar,Technology,SPWR
2013Q4,2013,Q4,2014-02-18,2013-12-29,22338000.0,638134000.0,36674000.0,0.0149,130668000.0,0.2047657702,3898690000.0,1116153000.0,2768919000.0,1988939000.0,2744907000.0,245575000.0,-806492000.0,2403821145.6000004,2547285145.6000004,9.18916716064019,1.3921588344338363,0.2323793376749626,0.8116942748888369,0.003454431691067588,9.18916716064019,0.020013385261697995,3.7669535639849943,26.902824174053183,2.1536663392921938,0.0,2.066439987783773,0.0,0.16367908194803896,0.5851280506843096,0.005729616871308055,-226.96828869795112,0.20476577019873568,-0.9733928571428571,0.015098349260020611,0.11895738019221423,-0.2316674641035779,-0.32376960099363455,-0.7396412461974194,-0.6782530881527232,-0.8714777909191284,-0.4034696988260883,-0.4100957347972129,Solar,Technology,SPWR
2013Q3,2013,Q3,2013-10-31,2013-09-29,85797000.0,657120000.0,113984000.0,0.56,193230000.0,0.2940558802,3759092000.0,1079020000.0,2805670000.0,1898876000.0,2650248000.0,288049000.0,-828830000.0,2078302922.3999999,2256098922.3999996,8.89443922383237,1.4775425040918944,0.24510466889344554,0.853896127967971,0.05749353033445528,8.89443922383237,0.07951381809419658,3.162744890430971,6.055872939613272,1.926102317287909,0.0,1.6104551656141837,0.0,0.1748081717606273,0.6178081138526159,0.022823862783885044,437.9062204804045,0.29405588020452883,22.04526748971194,1.6618330198772204,0.15457944776223545,-0.28219789185427174,0.7914723579421663,25.350429975429975,2.5773153814769483,2.36950696101589,-0.05722324115662127,-0.4032591888738421,Solar,Technology,SPWR
2013Q2,2013,Q2,2013-08-02,2013-06-30,3256000.0,576516000.0,31863000.0,0.0243,107861000.0,0.1870910781,3673555000.0,958553000.0,2744160000.0,1946692000.0,2693709000.0,235156000.0,-937216000.0,1694943579.2,2026524579.2,7.925659194827316,1.4096528880788537,0.24829926324772597,0.9515811853908965,0.006829589681840584,7.925659194827316,0.0033967866148246367,2.9399766514719454,130.14001683046683,1.7682314688911307,0.0,1.9929536137712838,0.0,0.15693680916714192,0.6120136107817775,0.0008863348990283254,-17.400991521995792,0.1870910781313962,1.0467307692307692,-0.9252687415139504,-0.010990581438884747,-0.34992072947368474,0.8185052180803534,1.052826270361477,2.3304522109482653,1.1593825003928544,0.18556299214600183,-0.48298192619394353,Solar,Technology,SPWR
2013Q1,2013,Q1,2013-05-07,2013-03-31,-61636000.0,635433000.0,-23949000.0,-0.52,59313000.0,0.0933426498,3162717000.0,937712000.0,2355977000.0,2219963000.0,2219963000.0,281367000.0,-956781000.0,876096339.3,1651075339.3,7.843483643237727,1.0612685887107127,0.4048942728672847,1.3656282525978125,-0.01096201362417825,7.843483643237727,-0.06573020287678946,1.3787391263909805,-3.5535090665357907,0.9342914874716332,0.0,2.047574875518451,0.0,0.20091364481867963,0.38590733268977906,-0.01948830704738995,7.7439503884808145,0.09334264981516541,0.5772357723577236,-4.191244300175846,0.5334426645150495,-0.31302976443847425,0.26529001429272353,0.5779165639466404,0.6703555353677169,-4.901773923342059,0.4563443218601464,-0.47539603844554174,Solar,Technology,SPWR
2012Q4,2012,Q4,2013-02-25,2012-12-30,-146028000.0,678525000.0,-72651000.0,-1.23,46877000.0,0.0690866217,3340948000.0,993352000.0,2554410000.0,2347596000.0,2347596000.0,291386000.0,-902085000.0,438512299.2,1624305299.2,8.337126934568772,1.0880960778600748,0.4918603941156821,1.6542776377356667,-0.02942867804841059,8.337126934568772,-0.1470052911757363,0.6462728701226926,-0.7507332484181116,0.44144703911604344,0.0,2.167736267356702,0.0,0.20309355308732732,0.37997679328129713,-0.04370855218339226,6.678530295461468,0.0690866217162227,-2.0000000000000004,-22.515896581892225,1.172902994939963,-0.17409290050910567,-0.4196451784631003,-1.9731248473002687,-18.10360241914278,-59.06507924617607,0.004454353222188405,-0.4157130014791271,Solar,Technology,SPWR
2012Q3,2012,Q3,2012-11-02,2012-09-30,-49116000.0,648948000.0,-3803000.0,-0.41,80773000.0,0.1244675999,3193062000.0,1120276000.0,1941246000.0,1039929000.0,2072786000.0,407210000.0,-757312000.0,339643645.6,789959645.6,9.4178828434999,1.8667101311724166,0.25913746742155336,0.7386054865051113,-0.0019764034093654524,9.4178828434999,-0.04384276731805377,0.5233757490584762,-1.7287831134457203,0.30317854314472503,0.0,1.3952874438250533,0.0,0.20323689298861095,0.8944072143386712,-0.015382100316248166,-7.058703693081448,0.12446759986932697,0.4305555555555556,-4.804994596425594,0.8087757857336418,-0.13057725757097788,0.09895238095238096,0.4238997841794126,-0.23313878080415046,-4.046449191460303,0.1075654942810011,-0.3413452955037444,Solar,Technology,SPWR
2012Q2,2012,Q2,2012-08-09,2012-07-01,-85256000.0,595897000.0,-3084000.0,-0.72,73500000.0,0.1233434637,3185482000.0,1162057000.0,2372348000.0,2023425000.0,2023425000.0,449950000.0,-708775000.0,399605883.59999996,1682558883.6,9.807546883176071,1.1724417757020893,0.5177247901573451,1.4192100731719701,-0.0012526590279746334,9.807546883176071,-0.07336645276436526,0.6705955619847054,-1.171782289809515,0.3438780400617181,0.0,1.1610112234692744,0.0,0.18706650987197543,0.35444605063197304,-0.026763924580330386,-5.366646749305005,0.12334346371940118,-0.12499999999999993,-9.113072668139326,1.17426402261765,0.1352022108690078,0.6243811881188119,-0.19901554039800295,0.9353079375734183,-3.705192419930551,0.535471974570408,-0.32089957755166426,Solar,Technology,SPWR
2012Q1,2012,Q1,2012-05-09,2012-04-01,-71105000.0,494131000.0,-47672000.0,-0.64,45248000.0,0.0915708587,3214087000.0,1247265000.0,2394763000.0,1966822000.0,1966822000.0,515906000.0,-624594000.0,457536005.0,1540127005.0,11.157713467817686,1.2175799335171154,0.430830901590405,1.1102115428557684,-0.018464638004583683,11.157713467817686,-0.05700873511242599,0.9259407019596018,-1.6086632620772097,0.366831431171403,0.0,0.8700867987579133,0.0,0.1537391489402745,0.33520674468762296,-0.02212292324383254,-2.7007455537125686,0.09157085873988881,0.21951219512195116,-38.82256159938361,1.2896350535517398,0.2933825251806542,0.022230254834628593,0.12381550897687085,0.01302250471004741,-7.832973168619407,0.7316371988990636,-0.16572341059679058,Solar,Technology,SPWR
2011Q4,2011,Q4,2012-02-29,2012-01-01,-81153000.0,563394000.0,-48301000.0,-0.82,44264000.0,0.0785666869,3275197000.0,1097510000.0,2102668000.0,1064980000.0,2177687000.0,397262000.0,-540187000.0,401870150.00000006,718914150.0,11.14223350253807,1.9743732276662473,0.29768529954076045,0.8883545480223415,-0.024557382739611076,11.14223350253807,-0.07394283423385664,0.7133021473427124,-1.2380015218168152,0.3661653652358521,0.0,1.3067698395517315,0.0,0.1720183549264365,1.035747150181224,-0.024778051518733073,4.56847134120001,0.07856668690117395,0.7830687830687831,-6.0229576739787225,4.292765179936359,0.5717454049022802,-0.4185276653880511,0.7817030033220804,-1.1609727485111163,-5.547573871778854,0.21821860120164566,-0.06836600391555768,Solar,Technology,SPWR
2011Q3,2011,Q3,2011-11-10,2011-10-02,-371755000.0,705427000.0,300057000.0,-3.78,76124000.0,0.1079119455,3153179000.0,1173454000.0,2458387000.0,1187338000.0,1979725000.0,425233000.0,-457106000.0,459442868.36635953,1052519868.3663595,11.942458197213487,2.0705030917902065,0.30687728162594,0.8246075261578213,0.14444595906780838,11.942458197213487,-0.31680406730898697,0.6512975380391728,-0.30896885607884195,0.39153036111032863,0.0,1.4799016068837556,0.0,0.22371930042664878,0.775215650471896,-0.11789847642648894,109.70460085156627,0.10791194553086286,-1.5033112582781454,-28.26331653251163,6.574654213389419,0.727549352687276,2.945475277288276,-1.5169600541638457,4.456200974463527,-15.23980712064578,0.530276108506044,-0.036215611273973526,Solar,Technology,SPWR
2011Q2,2011,Q2,2011-08-09,2011-07-03,-147700000.0,592255000.0,-86817000.0,-1.51,19294000.0,0.0325771838,3328932000.0,1492102000.0,1636671000.0,972902000.0,1836830000.0,412614000.0,-86321000.0,1260510648.32862,1833910648.32862,15.279163594658803,1.68225679462063,0.24608192657585076,0.5490174264225904,-0.044384097099690066,15.279163594658803,-0.09898787080239822,2.12832419874652,-2.133565755464827,0.844788525401494,0.0,1.3886126016082827,0.0,0.17791141423135107,0.8080474703515873,-0.04436858427868157,-9.750237069373608,0.03257718381440427,-14.745568300312826,-18.98986216103079,6.100901704188241,1.1096018433877501,-0.7820428819954361,-14.960665658093797,-154.03035714285716,-5.198365074436515,0.25828669421439965,0.25322919894796714,Solar,Technology,SPWR
2011Q1,2011,Q1,2011-05-12,2011-04-03,-9254000.0,451418000.0,-560000.0,-0.0959,88522000.0,0.1960976301,3464621000.0,1627038000.0,1803765000.0,1046710000.0,1837583000.0,487448000.0,61551000.0,1103493064.8321278,1590346064.8321278,16.868713259307643,1.72327101107279,0.2466974021112266,0.5253184006765669,-8.329232454535057e-05,16.868713259307643,-0.005687636060128897,2.4445039073145685,-29.811245537932997,0.6782220604756175,0.0,0.744481462638066,0.0,0.13029361653121654,0.8659237037957027,-0.0026709992232916676,-5.029227881431289,0.19609763013437656,-1.0670629370629372,-23.99850212528585,5.818272128015389,2.9671619606885344,-0.6276113312636193,-1.0607812099756324,-1.004137299230167,-1.5938815579951116,0.35027239086651557,0.4774434994018609,Solar,Technology,SPWR
2010Q4,2010,Q4,2011-02-28,2011-01-02,152251000.0,937073000.0,135354000.0,1.43,237714000.0,0.2536771415,3379331000.0,1657434000.0,1793849000.0,788357000.0,1721897000.0,313398000.0,63672000.0,910009168.30208,1144522168.3020802,15.577387218045113,2.2754272493299355,0.2485500828418406,0.5067670869548954,0.05286607951766794,15.577387218045113,0.09185946469060005,0.9711187584127171,1.4942581137432267,0.5490470017521543,0.0,2.2315362574107045,0.0,0.27729541734739804,1.4137376848306034,0.04505359196835113,3.958248159224713,0.25367714148204035,10.916666666666668,359.1068561307114,3.882748463234874,-0.020307914649372358,1.1114180397033353,6.568651819447206,15.530776746458232,24.120518174024067,2.3604159567826106,0.5431544698638586,Solar,Technology,SPWR
2010Q3,2010,Q3,2010-11-12,2010-10-03,20116000.0,550645000.0,8188000.0,0.12,112585000.0,0.2044602239,2908743000.0,1428498000.0,1410327000.0,645735000.0,1480245000.0,285805000.0,-87836000.0,846053176.159504,1150184176.159504,14.905029215358931,2.184064670491765,0.2012357227847218,0.4097611617237126,0.0032131349353511454,14.905029215358931,0.014081923810883879,1.536476634055524,10.514679560542653,0.5922676658696786,0.0,1.5327233603330943,0.0,0.18930685866712874,1.1022586664808318,0.006915702074745001,-25.474321816196074,0.204460223919222,1.7058823529411766,2.1359651002547424,8.695923747038666,3.713332974210899,0.2815448885043995,2.246190063189196,5.730213749277874,0.9341832768368742,0.904896924348154,0.37597500327220923,Solar,Technology,SPWR
2010Q2,2010,Q2,2010-08-13,2010-07-04,-16142000.0,384238000.0,-1731000.0,-0.17,87851000.0,0.2286369386,3426640000.0,1464954000.0,1861851000.0,710512000.0,1961686000.0,266756000.0,-107952000.0,801686208.2549657,1421115208.2549658,15.32955924825248,2.6204356858152993,0.2925305838955945,0.6842515191603286,0.0003670864101093408,15.32955924825248,-0.011018776016175251,2.0864313479014718,-12.416153640425065,0.5472432637850511,0.0,1.111079038522095,0.0,0.11213258468937501,0.820173339788772,-0.004710737048537343,-6.438574351714003,0.22863693856411912,-2.7346938775510203,0.633321022196085,3.3183728564996917,0.0,0.22452364690631837,-2.2838622444921657,0.8758427772199111,-1.374041118849762,0.7382575020159745,0.7743631264323007,Solar,Technology,SPWR
2010Q1,2010,Q1,2010-05-14,2010-04-04,12573000.0,347274000.0,-13942000.0,0.098,71743000.0,0.2065890334,3292973000.0,1422671000.0,1774580000.0,621308000.0,1870302000.0,252181000.0,-101736000.0,1188957642.4319243,2040762642.4319243,14.951247451499674,2.8562001454994945,0.4102551098961334,0.9495934056433286,0.002218802359380506,14.951247451499674,0.008837601947323028,3.4236874699284265,23.641088889523665,0.8357221328275648,0.0,1.0925922254253888,0.0,0.10545910944304736,1.160400316751112,0.003818130303528149,-48.02510976418485,0.20658903344333293,5.803921568627451,1.0514480039573908,0.15160463284825182,0.0,-0.18681779540946444,7.391967463141841,-1.7000050208364714,6.856808996214626,0.8903965481884684,0.7331223139218761,Solar,Technology,SPWR
2009Q4,2009,Q4,2010-03-19,2010-01-03,-1967000.0,546545000.0,19917000.0,-0.0204,88225000.0,0.1614231216,2696036000.0,1375521000.0,1282342000.0,535096000.0,1320515000.0,202301000.0,100733000.0,1511971185.3262,1681619185.3262,14.268890041493776,2.396470913630451,0.29136369098928944,0.5710759777567918,-0.0021375525818358694,14.268890041493776,-0.0014300036131763892,2.7664166451549277,-192.16715624379768,1.0991989110498495,0.0,2.2655350195995076,0.0,0.20272169956187527,1.7634966435929254,-0.0007295896642329702,20.152092356536226,0.16142312160938257,-1.1854545454545455,0.8564478886990481,69.63319285961272,0.0,-0.011861027731732449,-1.1533006001091108,1.2127541384290634,-1.1243994602396872,4.246329109675074,1.0127977349124058,Solar,Technology,SPWR
2009Q3,2009,Q3,2009-11-02,2009-09-27,12831000.0,466307000.0,9001000.0,0.11,89284000.0,0.1914704261,2616231000.0,1353626000.0,1236280000.0,567650000.0,1262605000.0,239211000.0,109827000.0,1876621060.9038818,2141850060.9038818,14.298664807537921,2.1778913062626617,0.28183864498203715,0.5447257957515591,0.0017367125872016726,14.298664807537921,0.009478984593972043,4.024432532438676,36.56420117106776,1.3863659983657832,0.0,1.5761106303639882,0.0,0.17823617257038848,1.2668369593939928,0.00490438344320513,57.65348881425136,0.19147042613557164,-0.576923076923077,0.0,0.0,0.0,0.5271881360860715,-0.46915725456125107,1.6076829597623548,-0.023321763724393322,4.196989106621766,1.0683889970255926,Solar,Technology,SPWR
2009Q2,2009,Q2,2009-08-03,2009-06-28,24171000.0,297644000.0,-14812000.0,0.26,58463000.0,0.1964192122,2450348000.0,1312385000.0,1129815000.0,351726000.0,1137963000.0,262893000.0,96996000.0,1563348860.5066695,1826401860.5066695,14.441968461479208,3.2122021118711723,0.29379010654813115,0.5485341572785425,-0.006110838806995665,14.441968461479208,0.01841761373377477,5.252411809096335,16.169675029029307,1.1912273155413002,0.0,0.909803608312127,0.0,0.12147009322757421,1.9255755900900133,0.00986431315062187,-32.010910776581134,0.19641921221324804,4.611111111111112,1.5774079262881215,2.5178426552414477,0.0,0.22440730501801123,5.007793069142762,-10.263878326996197,2.1637781670348386,2.835005253461893,0.9940098880238895,Solar,Technology,SPWR
2009Q1,2009,Q1,2009-05-08,2009-03-29,-6031000.0,213787000.0,-1315000.0,-0.072,47748000.0,0.2233437955,2108081000.0,1120069000.0,805348000.0,399254000.0,988012000.0,343169000.0,72825000.0,1306418585.4631045,1624926585.4631045,13.374117899915223,2.0171319510887806,0.2218216472706694,0.4174903510408734,-0.0003422989839647355,13.374117899915223,-0.005384489705544926,6.110842031849947,-54.15431045693519,1.1663733086650059,0.0,0.48384032357235063,0.0,0.10141308611955613,0.7528691008731284,-0.0028608957625442287,-12.415359183691336,0.22334379545996716,-1.4000000000000001,0.9719607519707496,-0.19451056887710377,0.0,-0.5725718377942888,-1.389800930713547,-1.0170972397384057,-18.262174204479823,2.7188859645764607,2.1453075865778857,Solar,Technology,SPWR
2008Q4,2008,Q4,2009-02-26,2008-12-28,15472000.0,400967000.0,76913000.0,0.18,111710000.0,0.2786014809,2076135000.0,1021374000.0,847980000.0,451131000.0,1054761000.0,251388000.0,51602000.0,1977566470.2002997,2253441470.2002997,11.959882903981265,1.8796757482859745,0.23033473256796885,0.4681987205470278,0.02269177754413749,11.959882903981265,0.015148221905002477,4.931993082224472,31.953956666886956,1.9361825053313475,0.0,1.150639648670581,0.0,0.1931314678477074,1.1244982056209838,0.007452309218812842,-28.443143961343072,0.2786014809198762,-0.3793103448275862,2.2745909904945583,57.49391734972678,0.0,0.0576495204552125,-0.2762991720847561,0.43770678729648393,46.340123221041246,1.6030548284418213,-0.2478197749891234,Solar,Technology,SPWR
2008Q3,2008,Q3,2008-11-07,2008-09-28,21379000.0,377500000.0,53497000.0,0.29,105621000.0,0.2797907285,1927076000.0,997059000.0,919324000.0,578145000.0,930017000.0,190487000.0,39929000.0,3201211513.5,3369595513.5,12.391213571117877,1.5901270442536042,0.22054137978989932,0.4262536118725171,0.015715668618421372,12.391213571117877,0.0214420611017001,8.480030499337749,37.434065128163155,3.2106540470523814,0.0,1.427283751647094,0.0,0.1958926373427929,0.9446367260808275,0.01109400978477237,34.76743430355688,0.2797907284768212,-0.21621621621621626,0.0,0.0,0.0,0.13534343760077394,-0.2526915548098434,0.188584505321158,2.4379723612249804,6.917247775319921,2.918403290015493,Solar,Technology,SPWR
2008Q2,2008,Q2,2008-08-08,2008-06-29,28608000.0,382751000.0,45009000.0,0.37,93030000.0,0.2430561906,1827963000.0,968178000.0,911797000.0,543659000.0,859785000.0,200268000.0,18550000.0,3743338738.3999996,3978796738.3999996,12.191834987155593,1.6771487274192094,0.23249923548780801,0.4389688672950635,0.021175118758718917,12.191834987155593,0.029548285542534535,9.78008872191059,32.712342163031316,3.8663745079933647,0.0,1.4466664669343081,0.0,0.20938662325222118,1.0462146308623603,0.015650207361965204,-261.79024675851457,0.24305619057820882,1.6428571428571426,1.782031689387295,4.176596854256836,0.0,0.744748687171793,1.2425335110135611,2.0370445344129555,1.782031689387295,4.176596854256836,0.0,Solar,Technology,SPWR
2008Q1,2008,Q1,2008-05-09,2008-03-30,12757000.0,273701000.0,14820000.0,0.14,53320000.0,0.194811126,1691945000.0,901583000.0,757797000.0,283778000.0,790362000.0,188203000.0,-10058000.0,3853097175.0,4145575175.0,11.417501424681822,2.670386710738676,0.2511901982629459,0.4713930941466288,0.008010993576786526,11.417501424681822,0.014149556945949514,14.077760676796943,75.50946882103943,4.2737021161667865,0.0,1.1709749578912132,0.0,0.16176707871709778,1.6074466660558606,0.007539843198212708,-32.068789897712044,0.1948111260097698,1.4475524475524477,1.062902887202301,0.09370432092860972,0.0,0.13009198423127463,1.6162838392124692,-0.10964253529588465,1.062902887202301,0.09370432092860972,0.0,Solar,Technology,SPWR
2007Q4,2007,Q4,2008-03-03,2007-12-30,4876000.0,224343000.0,16645000.0,0.0572,47182000.0,0.2103118885,1653738000.0,864090000.0,802260000.0,708307000.0,789648000.0,140504000.0,-22815000.0,7309358320.0,7449144320.0,10.094509345794393,1.1326444606646553,0.2569935503689218,0.49184691409459663,0.008525380226943168,10.094509345794393,0.00564293071323589,32.581174005874935,374.76201394585723,8.45902431459686,0.0,1.2608964869327564,0.0,0.13565812722450593,0.8262871890296157,0.002948471886114971,-725.4946223325062,0.21031188849217494,-0.42800000000000005,1.4007487630566244,31.65116676401869,0.0,0.22853795078765785,-0.42165816629106867,1.4495952906548932,1.4007487630566244,31.65116676401869,0.0,Solar,Technology,SPWR
2007Q3,2007,Q3,2007-11-09,2007-09-30,8431000.0,234334000.0,6795000.0,0.1,38405000.0,0.1638900032,1536762000.0,841597000.0,791669000.0,190003000.0,695165000.0,99940000.0,-27691000.0,4472817087.2,4490640087.2,10.832340107860425,4.166613158739599,0.27655551087286123,0.5049922944116959,0.0046026625930264105,10.832340107860425,0.010017858903964724,19.087358587315542,132.63008798481792,5.314678031409333,0.0,1.9604662797678607,0.0,0.15248555078795545,3.3959463797940033,0.005486210616868455,-61.652360297178454,0.16389000315788577,2.4064697609001406,0.0,0.0,0.0,0.2891044575725027,2.577362020579981,3.9274836838288616,0.0,0.0,0.0,Solar,Technology,SPWR
2007Q2,2007,Q2,2007-08-07,2007-07-01,-5345000.0,173766000.0,1379000.0,-0.0711,29792000.0,0.1714489601,1110292000.0,649023000.0,463258000.0,218648000.0,461269000.0,100771000.0,-36122000.0,3204657032.4,3254305032.4,8.63947126712192,2.118738794775164,0.1801327938956599,0.3081554890966884,0.0006883487977436325,8.63947126712192,-0.008235455446108998,18.442370960947482,-149.89041311506082,4.93766327603182,0.0,1.4287245338440622,0.0,0.15650477532036616,1.3846227726757163,-0.00481404891686151,-75.3788641953239,0.17144896009576097,-4.555,0.8455464924796361,1.4843113586401229,0.0,-0.08120277563608327,-5.310483870967742,-0.9160119373896096,0.8455464924796361,1.4843113586401229,0.0,Solar,Technology,SPWR
2007Q1,2007,Q1,2007-05-11,2007-04-01,1240000.0,142347000.0,16419000.0,0.02,32425000.0,0.2277884325,1076336000.0,636069000.0,463782000.0,191315000.0,440267000.0,73232000.0,-30777000.0,2260247086.8,2250785086.8,8.626769923506755,2.4241800172490398,0.18581558175142335,0.31443129597575104,-0.018476123516469753,8.626769923506755,0.0019494740350496566,15.878431486438071,455.6949771774194,3.553462103639699,0.0,1.5010104872187022,0.0,0.1322514530778493,1.641648590021692,0.0011520566068588247,-34.25966421317489,0.22778843249243047,-0.8750000000000001,1.0065482060187765,-0.390813195278095,0.0,0.786993662165886,-0.8903528163409674,0.7326931194596876,1.0065482060187765,-0.390813195278095,0.0,Solar,Technology,SPWR
