Quarters,Year,Quarter,FillingDate,Date,NetIncome,Revenue,OperatingIncome,EPSDiluted,GrossProfit,GrossProfitRatio,TotalAssets,CommonStockEquity,CurrentAssets,CurrentLiability,TotalLiability,Inventory,RetainedEarnings,MarketCap,EnterpriseValue,bookValuePerShare,currentRatio,debtToAssets,debtToEquity,roic,shareholdersEquityPerShare,roe,priceToSalesRatio,peRatio,pbRatio,payoutRatio,inventoryTurnover,dividendYield,assetTurnover,quickRatio,returnOnAssets,priceToFreeCashFlowsRatio,grossProfitMargin,epsdilutedGrowth,fiveYNetIncomeGrowthPerShare,fiveYRevenueGrowthPerShare,fiveYShareholdersEquityGrowthPerShare,grossProfitGrowth,netIncomeGrowth,operatingIncomeGrowth,threeYNetIncomeGrowthPerShare,threeYRevenueGrowthPerShare,threeYShareholdersEquityGrowthPerShare,Industry,Sector,Symbol
2024Q1,2024,Q1,2023-06-01,2023-04-30,161000000.0,1269000000.0,217000000.0,0.75,1142000000.0,0.8999211978,9069000000.0,897000000.0,2833000000.0,3926000000.0,8172000000.0,0.0,-2271000000.0,42241050000.0,43016050000.0,4.1720930232558135,0.7215995924605196,0.29595324732605577,2.992196209587514,0.03969017646263589,4.1720930232558135,0.1794871794871795,33.28687943262411,65.59169254658386,47.09147157190636,0.0,0.0,0.0,0.13992722461131327,0.6271013754457463,0.01775278420994597,59.6625,0.8999211977935382,-0.4444444444444445,2.986599683901558,1.3044264548902007,8.091909291475279,-0.04355108877721943,-0.45051194539249145,-0.21660649819494585,1.4683476132190942,0.460753943143119,7.57457074549011,Software—Application,Technology,ADSK
2023Q4,2023,Q4,2023-03-14,2023-01-31,293000000.0,1318000000.0,277000000.0,1.35,1194000000.0,0.9059180577,9438000000.0,1145000000.0,3341000000.0,4000000000.0,8293000000.0,0.0,-1995000000.0,46474560000.0,47193560000.0,5.300925925925926,0.83525,0.28247510065691883,2.3283842794759826,0.06982840800762631,5.300925925925926,0.25589519650655024,35.261426403641885,39.6540614334471,40.58913537117904,0.0,0.0,0.0,0.13964823055732148,0.75825,0.03104471286289468,51.4668438538206,0.9059180576631259,0.4835164835164836,2.712997651830505,1.4140768160721215,5.536847149884259,0.029310344827586206,0.4797979797979798,0.08203125,1.2642331253863877,0.49272479418148274,9.383923103549272,Software—Application,Technology,ADSK
2023Q3,2023,Q3,2022-12-06,2022-10-31,198000000.0,1280000000.0,256000000.0,0.91,1160000000.0,0.90625,8635000000.0,906000000.0,2788000000.0,3811000000.0,7729000000.0,0.0,-2100000000.0,46288800000.0,47658800000.0,4.194444444444445,0.731566517974285,0.3514765489287782,3.349889624724062,0.04819478726519683,4.194444444444445,0.2185430463576159,36.163125,58.44545454545455,51.091390728476824,0.0,0.0,0.0,0.1482339316734221,0.6418262923117292,0.022929936305732482,100.84705882352941,0.90625,0.07058823529411772,2.6803005008347243,1.5253897406041785,7.584342963653309,0.03756708407871199,0.06451612903225806,0.05785123966942149,2.0193653173413293,0.544945918981756,6.373291221250405,Software—Application,Technology,ADSK
2023Q2,2023,Q2,2022-08-31,2022-07-31,186000000.0,1237000000.0,242000000.0,0.85,1118000000.0,0.903799515,8227000000.0,740000000.0,2329000000.0,3642000000.0,7487000000.0,0.0,-2180000000.0,47336380000.0,48941380000.0,3.410138248847926,0.6394838001098297,0.370122766500547,4.114864864864865,0.04618358518907649,3.410138248847926,0.25135135135135134,38.26708164915117,63.62416666666667,63.96808108108108,0.0,0.0,0.0,0.1503585754223897,0.5378912685337727,0.022608484259146713,193.20971428571428,0.9037995149555376,0.26865671641791034,2.3065476190476186,1.4935256119444653,1.3725050574393654,0.06172839506172839,0.273972602739726,0.1308411214953271,3.6823027718550105,0.5710607406584863,4.854175807756071,Software—Application,Technology,ADSK
2023Q1,2023,Q1,2022-06-02,2022-04-30,146000000.0,1170000000.0,214000000.0,0.67,1053000000.0,0.9,8261000000.0,681000000.0,2358000000.0,3801000000.0,7580000000.0,0.0,-2143000000.0,41073760000.0,42608760000.0,3.1382488479262673,0.6203630623520127,0.36956784892870115,4.483113069016153,0.03853430520097187,3.1382488479262673,0.2143906020558003,35.105777777777774,70.33178082191782,60.31389133627019,0.0,0.0,0.0,0.14162934269458904,0.518021573270192,0.017673405156760684,98.26258373205742,0.9,0.675,2.1415983956306537,1.4410869769414472,0.35819901920682196,-0.041332847778587034,0.6386083052749719,0.5028089887640449,7.105343337014891,0.6098143211145121,3.8094555524036213,Software—Application,Technology,ADSK
2022Q4,2022,Q4,2022-03-14,2022-01-31,89100000.0,1211600000.0,142400000.0,0.4,1098400000.0,0.906569825,8606800000.0,849100000.0,2763800000.0,4009400000.0,7757700000.0,0.0,-1950000000.0,54753968000.0,56285568000.0,3.8736313868613137,0.6893300743253354,0.35553283450295114,3.603815804969968,0.027287165009963445,3.8736313868613137,0.10493463667412554,45.1914559260482,153.63066217732884,64.48471087033329,0.0,0.0,0.0,0.14077241251103778,0.6185962986980595,0.010352279592880048,76.53615879228404,0.9065698250247607,-0.34426229508196715,1.5182947427575582,1.5524269158297204,0.16747532665626563,0.07823696868557967,-0.34820775420629113,-0.2992125984251969,0.37712519319938176,0.6432930964329309,5.026078710289236,Software—Application,Technology,ADSK
2022Q3,2022,Q3,2021-12-03,2021-10-31,136700000.0,1125800000.0,203200000.0,0.61,1018700000.0,0.9048676497,8531000000.0,1279900000.0,2654800000.0,3281500000.0,7251100000.0,0.0,-1439100000.0,69302200000.0,70602800000.0,5.817727272727272,0.8090202651226573,0.3574610244988864,2.3826080162512695,0.03119155746163742,5.817727272727272,0.1068052191577467,61.55818084917392,126.74140453547915,54.14657395108993,0.0,0.0,0.0,0.13196577189075137,0.7229620600335213,0.016023912788653148,271.66679733437866,0.9048676496713448,0.17307692307692302,1.9672908708938124,1.3234675802139038,0.21938598220561245,0.06748401970030389,0.18252595155709342,0.3720459149223498,6.739092827004219,0.6949175366923891,4.764411764705883,Software—Application,Technology,ADSK
2022Q2,2022,Q2,2021-09-01,2021-07-31,115600000.0,1059700000.0,148100000.0,0.52,954300000.0,0.9005378880815325,7420600000.0,1327800000.0,1546000000.0,3087400000.0,6092800000.0,0.0,-1339500000.0,70584374000.0,71745874000.0,6.0409463148316656,0.5007449633996243,0.28097458426542327,1.570266606416629,0.0319597691716874,6.0409463148316656,0.08706130441331526,66.607883363216,152.6478676470588,53.15888989305618,0.0,0.0,0.0,0.14280516400291082,0.41546284899915786,0.015578255127617712,393.44690078037905,0.9005378880815325,-0.25714285714285706,2.1953988906782502,0.9540440960821972,0.012494719133759607,0.06447295036252092,-0.2570694087403599,0.10687593423019431,3.923331316425177,0.7260798416323012,6.4758577936594985,Software—Application,Technology,ADSK
2022Q1,2022,Q1,2021-06-03,2021-04-30,155600000.0,989300000.0,133800000.0,0.7,896500000.0,0.9061963004144344,7298300000.0,1128400000.0,1505400000.0,3130100000.0,6169900000.0,0.0,-1409300000.0,64103436000.00001,65271436000.00001,5.138433515482696,0.48094310085939745,0.28653248016661415,1.8532435306628856,0.043138122228326414,5.138433515482696,0.13789436370081531,64.79676134640656,102.9939524421594,56.80914214817441,0.0,0.0,0.0,0.13555211487606703,0.3991246286061148,0.02132003343244317,203.56759606224202,0.9061963004144344,-0.8292682926829268,1.9190814618276002,0.9748467351354696,-0.19697438479398496,-0.05492304448661185,-0.8292549105673214,-0.27440347071583515,2.87975047305781,0.7588765688382423,9.734537842025794,Software—Application,Technology,ADSK
2021Q4,2021,Q4,2021-03-19,2021-01-31,911300000.0,1039200000.0,184400000.0,4.1,948600000.0,0.9128175519630485,7279800000.0,965500000.0,2699200000.0,3254700000.0,6314300000.0,0.0,-1487500000.0,62904504000.0,63236904000.0,4.394629039599454,0.8293237471963621,0.28910134893815764,2.1798032107716208,0.27763603207679266,4.394629039599454,0.9438632832729156,60.53166281755196,17.256804564907274,65.15225686172967,0.0,0.0,0.0,0.14275117448281546,0.7682121240052847,0.1251820104947938,99.2028134363665,0.9128175519630485,5.9491525423728815,26.054829165871354,0.6394422835227963,-0.39029813213262704,0.09197651663405088,5.8933434190620275,0.09761904761904762,6.238105144689051,0.8713650200633091,4.761184463188438,Software—Application,Technology,ADSK
2021Q3,2021,Q3,2020-12-04,2020-10-31,132200000.0,952400000.0,168000000.0,0.59,868700000.0,0.9121167576648467,5944500000.0,69300000.0,2339800000.0,2811600000.0,5875200000.0,0.0,-2281400000.0,51724584000.0,51888284000.0,0.3155737704918033,0.8321951913501209,0.2860963916225082,24.541125541125542,0.06373606903455162,0.3155737704918033,1.9076479076479076,54.30972700545989,97.81502269288957,746.3864935064935,0.0,0.0,0.0,0.16021532509041972,0.766787594252383,0.022239044494911264,152.04169312169313,0.9121167576648467,0.34090909090909083,4.096607780023454,0.6290776342569563,-0.9589759560949724,0.043859649122807015,0.34623217922606925,0.14989733059548255,2.1035058430717863,0.8482437415097998,-0.3541472506989748,Software—Application,Technology,ADSK
2021Q2,2021,Q2,2020-09-02,2020-07-31,98200000.0,913100000.0,146100000.0,0.44,832200000.0,0.9114007228123974,5747300000.0,67300000.0,2203900000.0,2619600000.0,5680000000.0,0.0,-2270900000.0,51825456000.0,52075556000.0,0.30702554744525545,0.8413116506336845,0.2940337201816505,25.10995542347697,0.05045466102723113,0.30702554744525545,1.4591381872213967,56.75770014237214,131.938533604888,770.0662109955424,0.0,0.0,0.0,0.15887460198702,0.7671400213773095,0.017086283994223374,820.0230379746836,0.9114007228123974,0.46666666666666673,1.4318231128054921,0.551421980443465,-0.9633590246201184,0.03533217218213486,0.4766917293233083,0.11868300153139356,1.682877762570965,0.8221396585431135,-0.786395855263919,Software—Application,Technology,ADSK
2021Q1,2021,Q1,2020-06-02,2020-04-30,66500000.0,885700000.0,130600000.0,0.3,803800000.0,0.9075307666252681,5543900000.0,-139100000.0,2024300000.0,2578300000.0,5683000000.0,0.0,-2361300000.0,41018896000.0,41310796000.0,-0.6345802919708029,0.785129736648179,0.3033243745377803,-12.089144500359454,0.04821187935511359,-0.6345802919708029,-0.47807332854061824,46.31240374844756,154.20637593984964,-294.8878217109993,0.0,0.0,0.0,0.15976117895344433,0.7072101772485746,0.011995165857970022,135.01940750493745,0.9075307666252681,-0.4915254237288135,2.608743837658119,0.41999198378692687,-1.064815969401082,-0.015071682391863742,-0.4954476479514416,-0.02391629297458894,1.514755888415788,0.829377026009567,-1.274639256454201,Software—Application,Technology,ADSK
2020Q4,2020,Q4,2020-03-19,2020-01-31,131800000.0,899300000.0,133800000.0,0.59,816100000.0,0.9074835983542755,6179300000.0,-139100000.0,2659300000.0,3219200000.0,6318400000.0,0.0,-2295800000.0,43307000000.0,43665200000.0,-0.6322727272727273,0.8260748011928429,0.3451685465991294,-15.333572969086989,0.05829142659041344,-0.6322727272727273,-0.9475197699496765,48.156343822973426,82.14529590288315,-311.3371675053918,0.0,0.0,0.0,0.1455342838185555,0.7753479125248509,0.02132927677892318,63.29581993569132,0.9074835983542755,0.9666666666666667,10.83595256916996,0.3974294859519056,-1.064731598610474,0.06931341719077568,0.9760119940029985,0.20976491862567812,1.763892733564014,0.8876284461152883,-1.1905609323882225,Software—Application,Technology,ADSK
2020Q3,2020,Q3,2019-12-05,2019-10-31,66700000.0,842700000.0,110600000.0,0.3,763200000.0,0.9056603773584906,5036600000.0,-171500000.0,1706800000.0,2840200000.0,5208100000.0,0.0,-2240300000.0,32374992000.000004,33222492000.000004,-0.780609922621757,0.6009435955214422,0.35811857205257513,-10.517201166180758,0.03952742961489661,-0.780609922621757,-0.3889212827988338,38.41817016731934,121.34554722638683,-188.77546355685132,0.0,0.0,0.0,0.16731525235277767,0.5439053587775509,0.01324306079498074,121.39104611923511,0.9056603773584906,0.6666666666666666,5.437933630821979,0.4082798255343783,-1.0780781976825553,0.06398996235884567,0.6592039800995025,0.4986449864498645,1.4726144895828153,0.7415702227636618,-1.1636145444077093,Software—Application,Technology,ADSK
2020Q2,2020,Q2,2019-09-04,2019-07-31,40200000.0,796800000.0,73800000.0,0.18,717300000.0,0.9002259036144579,4872700000.0,-194300000.0,1515500000.0,2707300000.0,5067000000.0,0.0,-2224300000.0,34294931999.999996,35268932000.0,-0.8847905282331512,0.5597828094411407,0.38949658300326306,-9.767884714359239,0.022079051930529083,-0.8847905282331512,-0.20689655172413793,43.04082831325301,213.27694029850744,-176.5050540401441,0.0,0.0,0.0,0.1635233033020707,0.4944778931038304,0.00825004617563158,167.7013789731051,0.9002259036144579,2.6363636363636362,0.32937900452172697,0.29452016608728243,-1.0880760651079073,0.09880514705882353,2.6611570247933884,1.9758064516129032,1.4160795966745685,0.47060522077713324,-1.1482955965319812,Software—Application,Technology,ADSK
2020Q1,2020,Q1,2019-06-04,2019-04-30,-24200000.0,735500000.0,24800000.0,-0.11,652800000.0,0.8875594833446635,4808500000.0,-245300000.0,1422300000.0,2220700000.0,5053800000.0,0.0,-2226800000.0,39134916000.0,40274216000.0,-1.117030965391621,0.6404737245012834,0.42060933763127795,-8.245006114961273,-0.03319983183236342,-1.117030965391621,0.09865470852017937,53.20858735554045,-404.2863223140496,-159.53899714635142,0.0,0.0,0.0,0.15295830300509514,0.5584725536992841,-0.005032754497244463,189.51533171912834,0.8875594833446635,-1.379310344827586,-1.883939317873165,0.2831807736352246,-1.1107904177672467,-0.011358473421172195,-1.3740340030911902,-0.38461538461538464,0.8570580245743706,0.46820961658964716,-1.1745676917848595,Software—Application,Technology,ADSK
2019Q4,2019,Q4,2019-03-25,2019-01-31,64700000.0,737300000.0,40300000.0,0.29,660300000.0,0.895564898955649,4729200000.0,-210900000.0,1620000000.0,2301200000.0,4940100000.0,0.0,-2147400000.0,32266239999.999996,33467939999.999996,-0.9621350364963503,0.7039805318964019,0.4414488708449632,-9.89900426742532,0.04209954403368725,-0.9621350364963503,-0.30678046467520154,43.76270174962701,124.67635239567232,-152.99307728781412,0.0,0.0,0.0,0.15590374693394232,0.620502346601773,0.013680960839042544,109.78645797890438,0.895564898955649,3.6363636363636362,0.23487077312676904,0.2930287211220916,-1.095936966937841,0.1218144750254842,3.729957805907173,1.7414965986394557,2.7828871850718158,0.1658179421530314,-1.1334846521985242,Software—Application,Technology,ADSK
2019Q3,2019,Q3,2018-12-06,2018-10-31,-23700000.0,660900000.0,14700000.0,-0.11,588600000.0,0.8906037221970041,3774400000.0,-338300000.0,1590000000.0,1985500000.0,4112700000.0,0.0,-2189900000.0,28292825000.0,29004925000.0,-1.5454545454545454,0.8008058423570888,0.4206761339550657,-4.693467336683417,-0.024245524296675192,-1.5454545454545454,0.0700561631687851,42.80954002118324,-298.44752109704643,-83.63235294117648,0.0,0.0,0.0,0.17510067825349723,0.6986653235960715,-0.006279143704959729,1067.6537735849056,0.8906037221970041,0.38888888888888884,-1.419352919902543,0.21322151430455932,-1.159485133026925,0.08617826167189518,0.39847715736040606,1.5951417004048583,0.44308403787305145,0.13408268722435435,-1.200906415723795,Software—Application,Technology,ADSK
2019Q2,2019,Q2,2018-08-30,2018-07-31,-39400000.0,611700000.0,-24700000.0,-0.18,541900000.0,0.8858917770148765,3833000000.0,-241600000.0,1598800000.0,1915100000.0,4074600000.0,0.0,-2103200000.0,28128360000.0,28820160000.0,-1.1031963470319635,0.834838911806172,0.414088181581007,-6.569536423841059,-0.030907319328841325,-1.1031963470319635,0.1630794701986755,45.98391368317803,-178.47944162436548,-116.42533112582781,0.0,0.0,0.0,0.15958779024262978,0.7332254190381703,-0.01027915470910514,1207.2257510729614,0.8858917770148765,0.5263157894736842,-1.6505287774842181,0.10940344989891262,-1.1199956633137491,0.09896572703305617,0.5218446601941747,0.5533453887884268,0.8265848432849567,0.040271050827648945,-1.1316574158962491,Software—Application,Technology,ADSK
2019Q1,2019,Q1,2018-06-08,2018-04-30,-82400000.0,559900000.0,-55300000.0,-0.38,493100000.0,0.8806929808894446,3911400000.0,-128600000.0,1698000000.0,1852600000.0,4040000000.0,0.0,-1995800000.0,27521740000.0,28015340000.0,-0.5882891125343093,0.9165497139155782,0.4056348110650918,-12.337480559875583,-0.048986243877687054,-0.5882891125343093,0.640746500777605,49.154741918199676,-83.50042475728155,-214.0104199066874,0.0,0.0,0.0,0.14314567673978626,0.8094569793803303,-0.02106662576059723,-819.0994047619048,0.8806929808894446,0.5189873417721519,-2.5172681616829133,0.004941717598539076,-1.0631609994651852,0.025795714582899937,0.5250720461095101,0.6959868059373282,-5.483859687779923,-0.09988062966964774,-1.0600877928285357,Software—Application,Technology,ADSK
2018Q4,2018,Q4,2018-03-22,2018-01-31,-173500000.0,553800000.0,-181900000.0,-0.79,480700000.0,0.8680028891296497,4113600000.0,-256000000.0,1877900000.0,2123200000.0,4369600000.0,0.0,-2084900000.0,25332342000.0,25840342000.0,-1.1684162482884528,0.8844668425018839,0.3855503695060288,-6.1953125,-0.11966243141894069,-1.1684162482884528,0.677734375,45.74276273022752,-36.501933717579256,-98.9544609375,0.0,0.0,0.0,0.13462660443407234,0.8295968349660889,-0.04217716841695838,373.08309278350515,0.8680028891296497,-0.4363636363636363,-3.382005090991518,-0.06666985531292015,-1.1281529371776833,0.09798994974874371,-0.44824707846410683,-0.819,-16.644712559284027,-0.13591082607108965,-1.1196215625500796,Software—Application,Technology,ADSK
2018Q3,2018,Q3,2017-12-05,2017-10-31,-119800000.0,515300000.0,-100000000.0,-0.55,437800000.0,0.8496021734911702,4152000000.0,107300000.0,1871900000.0,1750000000.0,4044700000.0,0.0,-1668000000.0,27441216000.0,28001416000.0,0.48861566484517305,1.0696571428571429,0.3818400770712909,14.775396085740914,-0.06364613513891433,0.48861566484517305,-1.1164958061509787,53.25289346012032,-57.26464106844741,255.7429263746505,0.0,0.0,0.0,0.12410886319845857,1.0066857142857142,-0.028853564547206164,-428.769,0.8496021734911702,0.16666666666666663,-5.184308513933806,-0.034407698802068724,-0.9453972781492707,0.024812734082397005,0.16805555555555557,0.07063197026022305,-12.568450709020649,-0.13846321054462066,-0.9511276639394446,Software—Application,Technology,ADSK
2018Q2,2018,Q2,2017-08-31,2017-07-31,-144000000.0,501800000.0,-107600000.0,-0.66,427200000.0,0.8513351933041052,4354000000.0,315500000.0,2083300000.0,1701700000.0,4038500000.0,0.0,-1466400000.0,24318405000.0,24729205000.0,1.4373576309794989,1.2242463418934006,0.36401010564997704,5.023454833597464,-0.06450340900916264,1.4373576309794989,-0.45641838351822506,48.462345555998404,-42.219453125,77.0789381933439,0.0,0.0,0.0,0.11525034451079468,1.1596051007815713,-0.03307303628847037,-269.3068106312292,0.8513351933041052,-0.11864406779661028,-3.3133916796547176,-0.08427172550752166,-0.8403792383673135,0.04834355828220859,-0.1111111111111111,0.10033444816053512,-5.764124098481155,-0.18437981900475148,-0.8569188974679688,Software—Application,Technology,ADSK
2018Q1,2018,Q1,2017-05-31,2017-04-30,-129600000.0,485700000.0,-119600000.0,-0.59,407500000.0,0.8389952645666049,4431400000.0,508100000.0,2139700000.0,2049600000.0,3923300000.0,0.0,-1224600000.0,20226402000.0,20377702000.0,2.310595725329695,1.0439597970335674,0.3365753486482827,2.9354457783900805,-0.06385197962162449,2.310595725329695,-0.25506790001968116,41.64381717109327,-39.01697916666667,39.80791576461327,0.0,0.0,0.0,0.10960418829263889,0.9966822794691648,-0.029245836530216184,552.6339344262295,0.8389952645666049,0.23376623376623382,-2.7038370361917017,-0.14405097488942942,-0.7423131643535406,0.029300328365748928,0.25259515570934254,0.28426092160383004,-5.7273656351987805,-0.15378566782369435,-0.7708283175384101,Software—Application,Technology,ADSK
2017Q4,2017,Q4,2017-03-21,2017-01-31,-173400000.0,478800000.0,-167100000.0,-0.77,395900000.0,0.826858813700919,4798100000.0,733600000.0,2460600000.0,2185400000.0,4064500000.0,0.0,-964200000.0,17984274000.0,18261874000.0,3.3179556761646314,1.1259266038253866,0.31068547966903565,2.032033805888768,-0.07744728357938953,3.3179556761646314,-0.23636859323882226,37.561140350877196,-25.928884083044984,24.51509541984733,0.0,0.0,0.0,0.09978950001042079,1.0763247002837009,-0.03613930514161856,3826.4412765957445,0.826858813700919,-0.203125,-3.48458088346148,-0.16617361293709462,-0.5980531681272758,-0.029894633668218575,-0.21428571428571427,-0.39366138448707255,-4.281089912219977,-0.16752751754354728,-0.6691580787198212,Software—Application,Technology,ADSK
2017Q3,2017,Q3,2016-12-01,2016-10-31,-142800000.0,489600000.0,-119900000.0,-0.64,408100000.0,0.8335375816993464,4829200000.0,1060600000.0,2332100000.0,1597600000.0,3768600000.0,0.0,-634700000.0,16067844000.0,16121244000.0,4.7710301394511925,1.4597521281922885,0.3085190093597283,1.4047708844050537,-0.05191866751026026,4.7710301394511925,-0.134640769375825,32.818308823529414,-28.12997899159664,15.14976805581746,0.0,0.0,0.0,0.10138325188437008,1.3950300450676014,-0.029570115132941274,-1085.6651351351352,0.8335375816993464,-0.4545454545454546,-3.003892868265338,-0.08827623055226343,-0.40711302617271367,-0.12349656357388317,-0.45417515274949083,-0.9062003179650239,-3.488088544009597,-0.11498209056225132,-0.5076475211103376,Software—Application,Technology,ADSK
2017Q2,2017,Q2,2016-08-30,2016-07-31,-98200000.0,550700000.0,-62900000.0,-0.44,465600000.0,0.8454694025785364,5047400000.0,1331700000.0,2486500000.0,1559600000.0,3715700000.0,0.0,-395600000.0,13333968000.0,13355868000.0,5.966397849462366,1.5943190561682483,0.29504299243174703,1.1182698806037397,-0.029995187584648253,5.966397849462366,-0.07374033190658556,24.212761939349917,-33.94594704684318,10.012741608470376,0.0,0.0,0.0,0.1091056781709395,1.5207745575788665,-0.019455561279074374,-348.14537859007834,0.8454694025785364,0.4285714285714286,-2.4175249687890137,0.03605568775804896,-0.23498313863581308,0.11015736766809728,0.4323699421965318,0.5941935483870968,-2.5908590532290017,-0.020022662258645192,-0.35102951576468533,Software—Application,Technology,ADSK
2017Q1,2017,Q1,2016-06-06,2016-04-30,-173000000.0,511900000.0,-155000000.0,-0.77,419400000.0,0.8193006446571596,5205600000.0,1435900000.0,2629000000.0,1474500000.0,3769700000.0,0.0,-308200000.0,13423608000.0,13688608000.0,6.398841354723707,1.7829772804340454,0.2859228523128938,1.036562434709938,-0.05781661935327405,6.398841354723707,-0.12048192771084337,26.22310607540535,-19.3982774566474,9.3485674489867,0.0,0.0,0.0,0.09833640694636546,1.7115632417768736,-0.033233440909789455,94.46592540464462,0.8193006446571596,-4.133333333333334,-3.5386665226237417,-0.014634604723791909,-0.16616286138193806,-0.24213950126490785,-3.650537634408602,-14.97938144329897,-4.103191243796407,-0.10495918053565943,-0.31299558878044337,Software—Application,Technology,ADSK
2016Q4,2016,Q4,2016-03-23,2016-01-31,-37200000.0,648300000.0,-9700000.0,-0.15,553400000.0,0.8536171525528304,5515300000.0,1619600000.0,2993100000.0,1591000000.0,3895700000.0,0.0,-80800000.0,10706955000.0,10841655000.0,7.207832665776591,1.881269641734758,0.2697405399524958,0.9185601383057546,-0.005664709303740287,7.207832665776591,-0.022968634230674242,16.515432670060157,-71.95534274193548,6.6108637935292665,0.0,0.0,0.0,0.11754573640599786,1.8255813953488371,-0.006744873352310845,76.86256281407036,0.8536171525528304,0.21052631578947373,-1.613302585265202,0.24767506318196225,0.022076315373279053,0.08765723270440251,0.1506849315068493,0.34459459459459457,-1.4979955376743936,0.06536314360818546,-0.2094384786606627,Software—Application,Technology,ADSK
2016Q3,2016,Q3,2015-12-09,2015-10-31,-43800000.0,599800000.0,-14800000.0,-0.19,508800000.0,0.8482827609203067,5220000000.0,1733100000.0,2747500000.0,1311200000.0,3486900000.0,0.0,9700000.0,12434307000.0,12583707000.0,7.692410119840213,2.0954087858450277,0.28484674329501913,0.8579424153251399,-0.008947412008281573,7.692410119840213,-0.02527263285442271,20.730755251750583,-70.97207191780821,7.174604465985806,0.0,0.0,0.0,0.11490421455938697,2.0184563758389262,-0.008390804597701149,181.78811403508772,0.8482827609203067,0.8173076923076924,-1.821516584852038,0.26493533410595527,0.11967797194512446,-0.014908034849951598,0.8140127388535032,-4.441860465116279,-2.491118418072955,0.09549716355483841,-0.140374408036093,Software—Application,Technology,ADSK
2016Q2,2016,Q2,2015-08-31,2015-07-31,-235500000.0,609500000.0,4300000.0,-1.04,516500000.0,0.8474159146841673,5341800000.0,1902100000.0,2899800000.0,1313800000.0,3439700000.0,0.0,164400000.0,11481660000.0,11494760000.0,8.379295154185023,2.2071852641193486,0.2782208244411996,0.7813469323379423,-0.33207409812196875,8.379295154185023,-0.12381052520897955,18.837834290401968,-12.18859872611465,6.036307239367015,0.0,0.0,0.0,0.11410011606574563,2.1190439945197137,-0.04408626305739638,191.6804674457429,0.8474159146841673,-14.000000000000002,-4.9488722025696275,0.2948075761980368,0.2521164603186429,-0.06886605372273301,-13.329842931937172,-0.8,-4.658358451194064,0.07551963710417697,-0.06946646705828097,Software—Application,Technology,ADSK
2016Q1,2016,Q1,2015-05-28,2015-04-30,19100000.0,646500000.0,21500000.0,0.08,554700000.0,0.8580046403712297,4775900000.0,2224400000.0,2341000000.0,1270300000.0,2551500000.0,0.0,464200000.0,12911776000.0,12476476000.0,9.790492957746478,1.8428717625757696,0.15649406394606252,0.3360007192950908,0.006338635158255182,9.790492957746478,0.008586585146556375,19.971811291569992,169.00230366492147,5.804610681532099,0.0,0.0,0.0,0.13536715592872547,1.6900732110525072,0.003999246215373019,174.48345945945945,0.8580046403712297,0.6,-0.4782839993892897,0.3729918226171186,0.4807627549857628,-0.03547209181011998,0.6608695652173913,0.5357142857142857,-0.7569624814794981,0.10271994479619807,0.09187475854983217,Software—Application,Technology,ADSK
2015Q4,2015,Q4,2015-03-18,2015-01-31,11500000.0,664600000.0,14000000.0,0.05,575100000.0,0.8653325308456215,4913800000.0,2219200000.0,2671300000.0,1400100000.0,2694600000.0,0.0,499400000.0,12269936000.0,11606536000.0,9.767605633802816,1.907935147489465,0.1520615409662583,0.33669790915645276,-0.007644301624200435,9.767605633802816,0.005182047584715212,18.462136623532952,266.73773913043476,5.528990627253065,0.0,0.0,0.0,0.1352517399975579,1.7750874937504464,0.002340347592494607,50.765146876292924,0.8653325308456215,0.0,-0.7686405358297489,0.46868080881694457,0.51800589761849,0.08101503759398496,0.07476635514018691,-0.0410958904109589,-0.8396450753129889,0.12632116551435557,0.18327624678444007,Software—Application,Technology,ADSK
2015Q3,2015,Q3,2014-12-05,2014-10-31,10700000.0,618000000.0,14600000.0,0.05,532000000.0,0.86084142394822,4736800000.0,2268500000.0,2458700000.0,1193300000.0,2468300000.0,0.0,538600000.0,13055826000.0,12457826000.0,9.99779638607316,2.060420682141959,0.15770140179023814,0.3292924840202777,0.004466006094946226,9.99779638607316,0.004716773198148556,21.12593203883495,305.04266355140186,5.755268238924399,0.0,0.0,0.0,0.13046782638067894,1.9082376602698399,0.0022589089680797162,121.33667286245353,0.86084142394822,-0.6153846153846154,-0.632972040247701,0.5000093557127621,0.6033345325434082,-0.031318281136198105,-0.65814696485623,-0.7074148296593187,-0.85289242489551,0.12749677973517104,0.2424074195771352,Software—Application,Technology,ADSK
2015Q2,2015,Q2,2014-09-02,2014-07-31,31300000.0,637100000.0,49900000.0,0.13,549200000.0,0.8620310783236541,4703400000.0,2283400000.0,2450000000.0,1157300000.0,2420000000.0,0.0,584000000.0,12126455000.0,11550155000.0,10.045754509458865,2.116996457271235,0.15877875579368117,0.3270561443461505,0.012014793118350641,10.045754509458865,0.013707628974336515,19.033832993250666,96.85666932907348,5.310701147411755,0.0,0.0,0.0,0.13545520261938174,1.9629309599930873,0.00665476038610367,153.30537294563842,0.8620310783236541,0.08333333333333341,2.001935767707875,0.546359715214507,0.6601495972963211,0.0688984040482678,0.10600706713780919,0.18246445497630331,-0.5563317795123012,0.1769835212672154,0.28807561593531034,Software—Application,Technology,ADSK
2015Q1,2015,Q1,2014-06-03,2014-04-30,28300000.0,592500000.0,42200000.0,0.12,513800000.0,0.8671729957805907,4648600000.0,2288700000.0,2590300000.0,1118700000.0,2359900000.0,0.0,600000000.0,10900540000.0,10037540000.0,10.082378854625551,2.3154554393492446,0.160607494729596,0.3262113863765456,0.011052162624281998,10.082378854625551,0.012365098090619128,18.397535864978902,96.29452296819788,4.762764888364574,0.0,0.0,0.0,0.12745772920879406,2.1837847501564314,0.006087854407778686,53.381684622918705,0.8671729957805907,-0.4782608695652174,1.8820083165218822,0.3921113509061979,0.7235289709337318,-0.0017485914124732854,-0.4749536178107607,-0.18375241779497098,-0.5894718106171851,0.12745061251241427,0.31384128290632185,Software—Application,Technology,ADSK
2014Q4,2014,Q4,2014-03-10,2014-01-31,53900000.0,586600000.0,51700000.0,0.23,514700000.0,0.8774292533242414,4595000000.0,2261500000.0,2835000000.0,1071500000.0,2333500000.0,0.0,624800000.0,11556875000.0,10450275000.0,10.028824833702883,2.645823611759216,0.16243743199129487,0.33004642936104356,0.016455364992966712,10.028824833702883,0.023833738669024985,19.701457551994544,53.60331632653062,5.110269732478443,0.0,0.0,0.0,0.12766050054406963,2.511245916938871,0.011730141458106637,66.30450372920252,0.8774292533242414,-0.07999999999999996,1.5150136529828295,0.2061292948205477,0.7376563055877963,0.05449702929727515,-0.0642361111111111,-0.24082232011747431,-0.11452328159645235,0.12492626874689863,0.42209521347852963,Software—Application,Technology,ADSK
2014Q3,2014,Q3,2013-12-06,2013-10-31,57600000.0,555200000.0,68100000.0,0.25,488100000.0,0.87914265129683,4321500000.0,2161900000.0,2517900000.0,948100000.0,2159600000.0,0.0,630900000.0,8901690000.0,8174490000.0,9.690273419991035,2.655732517666913,0.17267152609047784,0.34515935057125674,0.019491899543889073,9.690273419991035,0.026643230491697117,16.03330331412104,38.635807291666666,4.117530875618669,0.0,0.0,0.0,0.12847390952215665,2.4940407130049573,0.013328705310656021,113.83235294117647,0.87914265129683,-0.07407407407407414,-0.44336845536685116,-0.07647034372358,0.5593304774830229,-0.011743267867989472,-0.06645056726094004,-0.1854066985645933,0.09100396716551716,0.18242319803422163,0.410479358413964,Software—Application,Technology,ADSK
2014Q2,2014,Q2,2013-09-03,2013-07-31,61700000.0,561700000.0,83600000.0,0.27,493900000.0,0.8792949973295353,4223300000.0,2051100000.0,2436500000.0,955900000.0,2172200000.0,0.0,602800000.0,7895509000.0,7240509000.0,9.19363514119229,2.5489067894131185,0.17663912106646462,0.36370727902101313,0.022543956852272513,9.19363514119229,0.03008141972600068,14.056451842620616,31.99152755267423,3.849402271951636,0.0,0.0,0.0,0.13300026045983,2.407992467831363,0.014609428645845666,162.794,0.8792949973295353,0.1250000000000001,-0.30952991807083624,-0.08883054790719519,0.6360131745815631,-0.01789620202823623,0.10971223021582734,2.027027027027027,0.052673326005018076,0.21412173184954966,0.3738031276653836,Software—Application,Technology,ADSK
2014Q1,2014,Q1,2013-06-05,2013-04-30,55600000.0,570400000.0,-81400000.0,0.24,502900000.0,0.8816619915848527,4289700000.0,2084500000.0,2511100000.0,979800000.0,2205200000.0,0.0,587000000.0,8813244000.0,7903244000.0,9.314119749776586,2.562869973463972,0.17385831177005384,0.35778364116094985,-0.02202571951361832,9.314119749776586,0.026673063084672582,15.450988779803646,39.62789568345324,4.227989445910291,0.0,0.0,0.0,0.13296967153880224,2.4226372729128394,0.012961279343543838,44.443993948562785,0.8816619915848527,-0.25000000000000006,-0.4059593377505966,-0.03721294241745329,0.8556049739294203,-0.07707836300238576,-0.2536912751677852,-1.962174940898345,0.5417850335786645,0.2297793127706057,0.40871370629340076,Software—Application,Technology,ADSK
2013Q4,2013,Q4,2013-03-18,2013-01-31,74500000.0,606900000.0,84600000.0,0.32,544900000.0,0.8978414895369913,4308400000.0,2043200000.0,2552400000.0,1043700000.0,2265200000.0,0.0,599100000.0,8713008000.0,7846408000.0,9.1173583221776,2.4455303248059788,0.17305728344629095,0.36491777603758807,0.026248598175679323,9.1173583221776,0.03646241190289742,14.3565793376174,29.238281879194634,4.264393108848864,0.0,0.0,0.0,0.14086435799832886,2.3468429625371274,0.017291802061089965,60.54904794996526,0.8978414895369913,1.4615384615384615,-0.22074480998259016,0.022512349514901497,0.6760231226953051,0.11181391552744338,1.534013605442177,1.4593023255813953,0.5195401254608142,0.3597237741435668,0.41694947796312887,Software—Application,Technology,ADSK
2013Q3,2013,Q3,2012-12-04,2012-10-31,29400000.0,548000000.0,34400000.0,0.13,490100000.0,0.8943430656934307,3429200000.0,2017900000.0,1724600000.0,985300000.0,1411300000.0,0.0,585400000.0,7182626000.0,6465626000.0,8.948558758314856,1.7503298487770222,0.032077452467047705,0.054512116556816495,0.013856719904936457,8.948558758314856,0.014569602061549135,13.106981751824817,61.076751700680276,3.5594558699638235,0.0,0.0,0.0,0.15980403592674677,1.6466050948949558,0.008573428204829115,51.08553342816501,0.8943430656934307,-0.5357142857142857,-0.6473057775174664,0.03543388804143345,0.7414314380365016,-0.03694242483788564,-0.544891640866873,-0.6297093649085038,0.014730354391371306,0.3383632438561678,0.435069561297123,Software—Application,Technology,ADSK
2013Q2,2013,Q2,2012-09-05,2012-07-31,64600000.0,568700000.0,92900000.0,0.28,508900000.0,0.8948478987163707,3375900000.0,2051300000.0,1902700000.0,901400000.0,1324600000.0,0.0,593400000.0,7726976000.0,6796776000.0,9.004828797190518,2.110827601508764,0.0,0.0,0.03176577253808964,9.004828797190518,0.03149222444303612,13.587086337260418,29.903157894736847,3.766867839906401,0.0,0.0,0.0,0.16845878136200718,1.988129576214777,0.01913563790396635,85.4753982300885,0.8948478987163707,-0.1764705882352941,-0.28702013947728616,0.09325198777095348,0.8637656798714622,-0.03944884862212156,-0.18124207858048164,-0.011702127659574468,5.182089552238805,0.3773105253368223,0.48812743605292735,Software—Application,Technology,ADSK
2013Q1,2013,Q1,2012-06-01,2012-04-30,78900000.0,588600000.0,94000000.0,0.34,529800000.0,0.9001019367991845,3317000000.0,2045300000.0,1912100000.0,875500000.0,1271700000.0,0.0,545400000.0,8980297000.0,7905797000.0,8.966681280140289,2.1840091376356368,0.0,0.0,0.03719145959404112,8.966681280140289,0.038576247983180954,15.257045531770302,28.45467997465146,4.390699163936831,0.0,0.0,0.0,0.17744950256255654,2.070359794403198,0.023786554115164307,70.26836463223788,0.9001019367991845,0.09677419354838718,-0.03994846513791844,0.17302278064118745,0.6662085773737622,-0.009534492428491307,0.09583333333333334,0.023965141612200435,3.447168195618416,0.37627889344224325,0.5328064122844258,Software—Application,Technology,ADSK
2012Q4,2012,Q4,2012-03-15,2012-01-31,72000000.0,592400000.0,91800000.0,0.31,534900000.0,0.9029372045914922,3227800000.0,1882900000.0,1895900000.0,954100000.0,1344900000.0,0.0,511600000.0,8211600000.0,7054700000.0,8.254712845243315,1.98710826957342,0.0,0.0,0.037786112060267524,8.254712845243315,0.038238886823516914,13.861580013504389,28.512500000000003,4.361145042222104,0.0,0.0,0.0,0.18353057810273252,1.893302588827167,0.022306214759278766,40.853731343283584,0.9029372045914922,-0.03125000000000003,-0.24296142952515917,0.20717939334517566,0.7116498742782551,0.09386503067484663,-0.01098901098901099,0.017738359201773836,1.680117162900855,0.20417087273943904,0.4302626742616592,Software—Application,Technology,ADSK
2012Q3,2012,Q3,2011-12-06,2011-10-31,72800000.0,548600000.0,90200000.0,0.32,489000000.0,0.8913598250091141,3005000000.0,1827500000.0,1698600000.0,813600000.0,1177500000.0,0.0,464200000.0,7857660000.0,6754360000.0,8.047115808014091,2.087758112094395,0.0,0.0,0.0393558914179289,8.047115808014091,0.03983584131326949,14.323113379511483,26.983722527472526,4.2996771545827634,0.0,0.0,0.0,0.18256239600665558,1.9700098328416913,0.02422628951747088,77.11148184494603,0.8913598250091141,0.06666666666666674,0.27617485840963274,0.22105859998257182,0.8569648611537612,0.00020454080589077522,0.02247191011235955,-0.05052631578947368,-0.30887095245017787,-0.10352201720416718,0.29491835693562946,Software—Application,Technology,ADSK
2012Q2,2012,Q2,2011-09-01,2011-07-31,71200000.0,546300000.0,95000000.0,0.3,488900000.0,0.8949295259015193,2973700000.0,1789100000.0,1778800000.0,827100000.0,1184600000.0,0.0,418300000.0,7892507000.0,6761007000.0,7.799040976460331,2.1506468383508643,0.0,0.0,0.04013452066008114,7.799040976460331,0.03979654574925941,14.447203002013545,27.712454353932582,4.4114398300821644,0.0,0.0,0.0,0.18371052897064263,2.019465602708258,0.023943235699633452,76.92501949317739,0.8949295259015193,0.03448275862068969,-0.1757901799525108,0.2209065231285701,1.008579826898443,0.03208781929491239,0.027417027417027416,0.20865139949109415,-0.2250996596136332,-0.13814920911695097,0.38784426297516167,Software—Application,Technology,ADSK
2012Q1,2012,Q1,2011-06-03,2011-04-30,69300000.0,528300000.0,78600000.0,0.29,473700000.0,0.8966496308915389,2902200000.0,1751200000.0,1732400000.0,819500000.0,1151000000.0,0.0,382900000.0,10264436000.0,9173036000.0,7.673970201577563,2.1139719341061625,0.0,0.0,0.03680978858790997,7.673970201577563,0.03957286432160804,19.429180389929964,37.02898989898989,5.861372772955687,0.0,0.0,0.0,0.18203431879264007,1.9777913361805979,0.023878437047756874,97.75653333333334,0.8966496308915389,0.11538461538461527,0.4420150528113339,0.22284783587549942,1.0882846950529514,-0.011683705403713749,0.125,0.09776536312849161,-0.2738621772007419,-0.12546785068823021,0.5288462740856481,Software—Application,Technology,ADSK
2011Q4,2011,Q4,2011-03-18,2011-01-31,61600000.0,527700000.0,71600000.0,0.26,479300000.0,0.9082812203903733,2787600000.0,1609300000.0,1714300000.0,869800000.0,1178300000.0,0.0,342700000.0,9283176000.0,8208076000.0,7.052147239263804,1.970912853529547,0.0,0.0,0.0375434226912237,7.052147239263804,0.03827751196172249,17.591768050028424,37.67522727272727,5.768455850369725,0.0,0.0,0.0,0.18930262591476538,1.8311106001379627,0.022097861960109055,56.02399517199758,0.9082812203903733,0.13043478260869565,-0.2508842208340563,0.27761856602570606,1.05245736029629,0.11933675852405418,0.14925373134328357,0.03468208092485549,-0.3672526145141295,-0.12689849849269963,0.296380093881733,Software—Application,Technology,ADSK
2011Q3,2011,Q3,2010-12-07,2010-10-31,53600000.0,476700000.0,69200000.0,0.23,428200000.0,0.8982588630165723,2581100000.0,1556100000.0,1470800000.0,734700000.0,1025000000.0,0.0,318000000.0,7907114999.999999,7002814999.999999,6.870198675496689,2.0019055396760583,0.0,0.0,0.03324407288291895,6.870198675496689,0.03444508707666603,16.587193203272495,36.88020055970149,5.081366878735299,0.0,0.0,0.0,0.1846886986168688,1.8740982714032939,0.02076633993258688,73.69165890027958,0.8982588630165723,-0.07999999999999996,-0.42532389002836435,0.2773579271468204,1.0296455690116257,0.008953817153628653,-0.10517529215358931,-0.13283208020050125,-0.3598317297680037,-0.10326254883244931,0.3369728335247204,Software—Application,Technology,ADSK
2011Q2,2011,Q2,2010-09-01,2010-07-31,59900000.0,472800000.0,79800000.0,0.25,424400000.0,0.8976311336717429,2525000000.0,1525800000.0,1417400000.0,723100000.0,999200000.0,0.0,303600000.0,6735120000.0,5885120000.0,6.692105263157894,1.960171483888812,0.0,0.0,0.03920896007937567,6.692105263157894,0.03925809411456285,14.24517766497462,28.10984974958264,4.414156508061345,0.0,0.0,0.0,0.18724752475247525,1.8221546120868484,0.023722772277227723,63.41920903954802,0.8976311336717429,0.5625,-0.20221229752380374,0.271250749291348,1.1482796608666608,0.0025986298133711316,0.6233062330623306,0.5708661417322834,-0.33947320539339626,-0.09190060147516553,0.38509197636852965,Software—Application,Technology,ADSK
2011Q1,2011,Q1,2010-06-04,2010-04-30,36900000.0,474600000.0,50800000.0,0.16,423300000.0,0.8919089759797725,2501700000.0,1514100000.0,1394000000.0,711000000.0,987600000.0,0.0,277600000.0,7783710000.0,6845610000.0,6.6117903930131,1.960618846694796,0.0,0.0,0.026119038004780385,6.6117903930131,0.02437091341390925,16.400568900126423,52.735162601626016,5.140816326530612,0.0,0.0,0.0,0.18971099652236478,1.7973277074542897,0.014749970020386137,58.392423105776444,0.8919089759797725,-0.23809523809523805,-0.5176931432472602,0.32895410138118275,1.1182089381336824,0.028175856205975226,-0.2634730538922156,-0.0944741532976827,-0.552767133054095,-0.05788541883104054,0.22861753646088157,Software—Application,Technology,ADSK
2010Q4,2010,Q4,2010-03-19,2010-01-31,50100000.0,456100000.0,56100000.0,0.21,411700000.0,0.9026529269896952,2447200000.0,1473500000.0,1379600000.0,704000000.0,973700000.0,0.0,272700000.0,5452490000.0,4613790000.0,6.434497816593886,1.959659090909091,0.0,0.0,0.03249468607523373,6.434497816593886,0.0340006786562606,11.954593290944969,27.208033932135727,3.700366474380726,0.0,0.0,0.0,0.1863762667538411,1.8153409090909092,0.020472376593658057,46.68227739726027,0.9026529269896952,0.6153846153846153,-0.24250591200828217,0.2734361768669608,1.2608878411328215,0.10701801559559021,0.6983050847457627,1.1330798479087452,-0.47529761365489503,-0.07422246335968868,0.334220533808526,Software—Application,Technology,ADSK
2010Q3,2010,Q3,2009-12-08,2009-10-31,29500000.0,416900000.0,26300000.0,0.13,371900000.0,0.8920604461501559,2315400000.0,1431700000.0,1287100000.0,627300000.0,883700000.0,0.0,233800000.0,5723928000.0,5148628000.0,6.235627177700349,2.051809341622828,0.05320894877774898,0.0860515471118251,0.015592843591227732,6.235627177700349,0.020604875323042535,13.729738546414008,48.50786440677966,3.9979939931549904,0.0,0.0,0.0,0.18005528202470417,1.8767734736170891,0.012740779131035674,140.29235294117646,0.8920604461501559,1.5999999999999999,-0.6048105391876692,0.3781854318049869,1.1100040258336474,0.019462719298245616,1.8095238095238095,8.74074074074074,-0.48849948936681487,-0.08217929834571044,0.4389429495612736,Software—Application,Technology,ADSK
2010Q2,2010,Q2,2009-08-28,2009-07-31,10500000.0,414900000.0,2700000.0,0.05,364800000.0,0.8792480115690527,2311100000.0,1385100000.0,1267300000.0,661700000.0,926000000.0,0.0,219900000.0,4992309000.0,4446309000.0,6.051114023591087,1.9152183769079643,0.05300506252433906,0.08844126777849974,0.0014033375177706585,6.051114023591087,0.007580680095299978,12.032559652928416,118.86449999999999,3.604294996751137,0.0,0.0,0.0,0.17952490156202675,1.7535136768928516,0.004543291073514776,136.40188524590164,0.8792480115690527,1.357142857142857,-0.732952915037181,0.47821333082540324,1.0870537720721294,-0.023293172690763052,1.3271028037383177,1.1391752577319587,-0.8781866993616032,-0.07072924585943295,0.5584153993717829,Software—Application,Technology,ADSK
2010Q1,2010,Q1,2009-06-03,2009-04-30,-32100000.0,425800000.0,-19400000.0,-0.14,373500000.0,0.8771723813997182,2269500000.0,1328500000.0,1302200000.0,681800000.0,941000000.0,0.0,209400000.0,4528374000.0,3649974000.0,5.849845882870982,1.9099442651804048,0.0009253139458030404,0.001580730146782085,-0.024124455133022693,5.849845882870982,-0.024162589386526157,10.63497886331611,-35.267710280373834,3.408636808430561,0.0,0.0,0.0,0.18761841815377836,1.7417131123496628,-0.014144084600132188,332.9686764705882,0.8771723813997182,0.6983473745448278,-1.7452422801451442,0.4105959020039481,1.057323514271956,-0.1524846834581348,0.6954459203036053,0.8550074738415545,-1.6711816857100055,-0.009633431499682887,0.5918935446356932,Software—Application,Technology,ADSK
2009Q4,2009,Q4,2009-03-20,2009-01-31,-105400000.0,489800000.0,-133800000.0,-0.46411,440700000.0,0.8997550020416496,2420700000.0,1310700000.0,1388000000.0,800100000.0,1110000000.0,0.0,241500000.0,3760775999.9999995,2895275999.9999995,5.7714663143989435,1.7347831521059867,0.021522700045441403,0.039749752040894176,-0.07524374394501411,5.7714663143989435,-0.08041504539559015,7.678187015108207,-8.920246679316888,2.8692881666285186,0.0,0.0,0.0,0.20233816664601148,1.6217972753405825,-0.04354112446812906,56.047332339791346,0.8997550020416496,-2.0313555555555554,-2.8057521532298852,0.6367151455274646,1.0806293755773986,-0.2050865800865801,-2.0086124401913876,-1.9584527220630372,-2.2879747517339926,0.1916025027606153,0.6797279062379334,Software—Application,Technology,ADSK
2009Q3,2009,Q3,2008-12-04,2008-10-31,104500000.0,607100000.0,139600000.0,0.45,554400000.0,0.9131938725086477,2373700000.0,1400100000.0,1310400000.0,664300000.0,973600000.0,0.0,346900000.0,4801143000.0,4008643000.0,6.214380825565912,1.9726027397260273,0.001643004591987193,0.002785515320334262,0.07628822202977857,6.214380825565912,0.07463752589100779,7.908323175753583,11.485988038277512,3.429142918362974,0.0,0.0,0.0,0.25576104815267303,1.8434442270058709,0.04402409740068248,54.558443181818184,0.9131938725086477,0.15384615384615383,3.563985561889445,1.563021610883734,1.3174506540620927,-0.01,0.16369710467706014,0.1750841750841751,0.12637151426175847,0.6354403293782688,0.8358989459426063,Software—Application,Technology,ADSK
2009Q2,2009,Q2,2008-09-05,2008-07-31,89800000.0,619500000.0,118800000.0,0.39,560000000.0,0.903954802259887,2443500000.0,1259900000.0,1402500000.0,869000000.0,1183600000.0,0.0,242400000.0,7149738000.0,6340138000.0,5.619536128456735,1.6139240506329113,0.04910988336402701,0.09524565441701723,0.06179991147309706,5.619536128456735,0.07127549805540122,11.541142857142857,19.904615812917594,5.674845622668466,0.0,0.0,0.0,0.25352977286678946,1.4814729574223244,0.036750562717413546,37.72948812664907,0.903954802259887,-0.04878048780487796,1.7391980954195714,1.910057316598693,1.157173682082283,0.03512014787430684,-0.0507399577167019,-0.009174311926605505,0.21628707193960145,0.6939254908069994,0.8039667180268241,Software—Application,Technology,ADSK
2009Q1,2009,Q1,2008-06-02,2008-04-30,94600000.0,598800000.0,119900000.0,0.41,541000000.0,0.9034736138944556,2140000000.0,1135400000.0,1423400000.0,734500000.0,1004600000.0,0.0,152600000.0,8595600000.0,7726500000.0,5.0194518125552605,1.937916950306331,0.018691588785046728,0.035229874933943986,0.07610363127607006,5.0194518125552605,0.08331865421877753,14.354709418837675,22.71564482029598,7.570547824555224,0.0,0.0,0.0,0.27981308411214956,1.7365554799183118,0.04420560747663552,50.296079578701,0.9034736138944556,0.0,11.452281963194464,1.8077815237590733,1.0061187559163305,-0.013313879263177094,-0.019689119170984457,-0.03384367445608381,0.2517888767377723,0.6974888150281421,0.6080739197542191,Software—Application,Technology,ADSK
2008Q4,2008,Q4,2008-03-28,2008-01-31,96500000.0,599100000.0,124100000.0,0.41,548300000.0,0.915206142547154,2208900000.0,1230500000.0,1481800000.0,746500000.0,978400000.0,0.0,218400000.0,9308130000.0,8390230000.0,5.439876215738285,1.9849966510381782,0.0,0.0,0.07434946199675983,5.439876215738285,0.07842340511986998,15.536855282924387,24.114326424870466,7.5645103616416085,0.0,0.0,0.0,0.271220969713432,1.7894172806430007,0.043686902983385394,45.449853515625,0.915206142547154,0.17142857142857143,13.87127302617928,2.0283013464255886,1.1364498180424267,0.12633525061626952,0.13797169811320756,0.17518939393939395,0.47710618581448755,0.6933990531869507,0.9114079053244263,Software—Application,Technology,ADSK
2008Q3,2008,Q3,2007-12-04,2007-10-31,84800000.0,538400000.0,105600000.0,0.35,486800000.0,0.9041604754829123,1991000000.0,1178800000.0,1320300000.0,608100000.0,812200000.0,0.0,179100000.0,11217660000.0,10389360000.0,5.138622493461203,2.1711889491859893,0.0,0.0,0.06906006107906346,5.138622493461203,0.07193756362402443,20.835178306092125,33.07093160377359,9.51616898540889,0.0,0.0,0.0,0.2704168759417378,1.9269856931425753,0.04259166248116524,74.58550531914894,0.9041604754829123,-0.0789473684210527,22.33042095804244,1.8061519317633488,0.9800380336512745,0.0270042194092827,-0.07423580786026202,-0.0777292576419214,0.1369926583974325,0.781391111927782,0.7388008999667472,Software—Application,Technology,ADSK
2008Q2,2008,Q2,2007-08-31,2007-07-31,91600000.0,525900000.0,114500000.0,0.38,474000000.0,0.901312036508842,1878100000.0,1112700000.0,1264900000.0,597500000.0,765400000.0,0.0,180700000.0,9757811000.0,8982911000.0,4.831524099001303,2.1169874476987447,0.0,0.0,0.07994826939461304,4.831524099001303,0.08232227914082861,18.5544989541738,26.63158024017467,8.76948952997214,0.0,0.0,0.0,0.2800170384963527,1.8498744769874478,0.048772695809594806,77.9377875399361,0.901312036508842,0.11764705882352934,6.667222581607546,1.4487590422511005,0.858652494518327,0.0397016889668787,0.09963985594237695,0.1291913214990138,1.3155057881917243,0.8622959775176575,0.6664122600178395,Software—Application,Technology,ADSK
2008Q1,2008,Q1,2007-06-04,2007-04-30,83300000.0,508600000.0,101400000.0,0.34,455900000.0,0.8963822257176564,1989400000.0,1244200000.0,1384500000.0,585000000.0,745200000.0,0.0,320000000.0,9541624000.0,8779324000.0,5.381487889273356,2.3666666666666667,0.0,0.0,0.061050323862433926,5.381487889273356,0.06695065102073622,18.760566260322452,28.636326530612248,7.668882816267482,0.0,0.0,0.0,0.2556549713481452,2.092991452991453,0.04187192118226601,51.6321645021645,0.8963822257176564,-0.15,3.6262900262423425,1.1728623772195286,1.0251107017931111,0.02958446251129178,-0.1358921161825726,-0.15288220551378445,0.899620113896635,0.6550176170005668,0.8926073948016884,Software—Application,Technology,ADSK
2007Q4,2007,Q4,2007-06-04,2007-01-31,96400000.0,497400000.0,119700000.0,0.4,442800000.0,0.8902291917973462,1797500000.0,1115000000.0,1189700000.0,574200000.0,682500000.0,5500000.0,210300000.0,10108064000.0,9442164000.0,4.822664359861592,2.0719261581330546,0.0,0.0,0.08332488464288035,4.822664359861592,0.08645739910313902,20.321801367108968,26.213858921161826,9.065528251121076,0.0,9.927272727272728,0.0,0.2767176634214186,1.8794845001741554,0.05363004172461752,55.876528468767276,0.8902291917973462,0.6666666666666669,3.338599967796497,0.9183373759221889,1.0638234396566277,0.10561797752808989,0.6620689655172414,0.7448979591836735,0.6222727338535708,0.6326361401466689,0.7385836785782548,Software—Application,Technology,ADSK
2007Q3,2007,Q3,2007-06-04,2006-10-31,58000000.0,456800000.0,68600000.0,0.24,400500000.0,0.8767513134851138,1600300000.0,1000600000.0,968600000.0,512200000.0,599700000.0,7500000.0,113900000.0,,,,,,,,,,,,,,,,,,,,,,,,,,,,,,,Software—Application,Technology,ADSK
2007Q2,2007,Q2,2007-06-04,2006-07-31,86800000.0,449600000.0,102100000.0,0.36,393800000.0,0.8758896797153025,1475500000.0,895000000.0,835900000.0,496800000.0,580500000.0,7000000.0,55900000.0,,,,,,,,,,,,,,,,,,,,,,,,,,,,,,,Software—Application,Technology,ADSK
2007Q1,2007,Q1,2006-06-06,2006-04-30,48500000.0,436000000.0,59300000.0,0.2,386100000.0,0.8855504587155963,1439600000.0,846300000.0,786900000.0,520000000.0,593300000.0,13200000.0,42900000.0,,,,,,,,,,,,,,,,,,,,,,,,,,,,,,,Software—Application,Technology,ADSK
