Quarters,Year,Quarter,FillingDate,Date,NetIncome,Revenue,OperatingIncome,EPSDiluted,GrossProfit,GrossProfitRatio,TotalAssets,CommonStockEquity,CurrentAssets,CurrentLiability,TotalLiability,Inventory,RetainedEarnings,MarketCap,EnterpriseValue,bookValuePerShare,currentRatio,debtToAssets,debtToEquity,roic,shareholdersEquityPerShare,roe,priceToSalesRatio,peRatio,pbRatio,payoutRatio,inventoryTurnover,dividendYield,assetTurnover,quickRatio,returnOnAssets,priceToFreeCashFlowsRatio,grossProfitMargin,epsdilutedGrowth,fiveYNetIncomeGrowthPerShare,fiveYRevenueGrowthPerShare,fiveYShareholdersEquityGrowthPerShare,grossProfitGrowth,netIncomeGrowth,operatingIncomeGrowth,threeYNetIncomeGrowthPerShare,threeYRevenueGrowthPerShare,threeYShareholdersEquityGrowthPerShare,Industry,Sector,Symbol
2023Q1,2023,Q1,2023-05-03,2023-03-31,-12071000.0,445016000.0,-23493000.0,-0.2,181509000.0,0.4078707282,2191487000.0,1017585000.0,1125149000.0,992916000.0,1141298000.0,75001000.0,551922000.0,1772347863.4099998,1580734863.4099998,18.088444197020333,1.1331764217718316,0.05204183278294601,0.11207810649724594,-0.013659751966457238,18.088444197020333,-0.011862399701253457,3.9826609906385384,-36.70673232147295,1.7417197220969254,0.0,3.5133798216023786,0.0,0.2030657722359293,0.9991096930656772,-0.005508132149540472,371.6393087460683,0.40787072824347886,-1.8,-1.7166534138020613,-0.0723188500971049,0.26616458792663217,-0.2639358621864279,-1.7838311688311688,-1.4829578159690815,-1.8562768205754268,-0.030527586910297735,0.1214667975639207,Advertising Agencies,Communication Services,CRTO
2022Q4,2022,Q4,2023-02-24,2022-12-31,15400000.0,564425000.0,48644000.0,0.25,246594000.0,0.4368941843,2348894000.0,1048041000.0,1260996000.0,1079993000.0,1267788000.0,25000000.0,577653000.0,1530576012.26,1290915012.26,17.844228735606567,1.1675964566437005,0.046208556026793884,0.10356369645844007,0.014519676777209006,17.844228735606567,0.014694081624669264,2.711743831793418,24.84701318603896,1.46041615953956,0.0,12.71324,0.0,0.24029394259596218,1.096423773117048,0.006556277124467941,17.079652869640903,0.4368941843469017,1.4999999999999998,-0.6740575586598694,-0.060146849979989266,0.3343730750646498,0.3729643054001236,1.34078127374981,9.86288521661456,-0.6042309713023487,-0.06599107606819271,0.12370454900792877,Advertising Agencies,Communication Services,CRTO
2022Q3,2022,Q3,2022-11-01,2022-09-30,6579000.0,446921000.0,4478000.0,0.1,179607000.0,0.4018763943,2122570000.0,1047469000.0,1045021000.0,863472000.0,1045670000.0,25000000.0,569218000.0,1630398621.42,1431445621.42,17.365745222073755,1.2102546463579595,0.05105603113207103,0.10345890904647298,0.0029006992051485696,17.365745222073755,0.006280854135062708,3.648068946010593,61.95465197674419,1.5565125282180188,0.0,10.69256,0.0,0.21055654230484744,1.1415239868808715,0.0030995444202075785,64.02005031688067,0.40187639426207317,1.1785714285714286,-0.6391911384834552,-0.14062188875682285,0.42572170411190424,-0.02902013785646709,-0.6137497798391358,-0.5120941381564611,-0.6232120937995647,-0.08030722782343044,0.14593251647107472,Advertising Agencies,Communication Services,CRTO
2022Q2,2022,Q2,2022-08-05,2022-06-30,17033000.0,495090000.0,9178000.0,-0.56,184975000.0,0.373618938,1855807000.0,1126317000.0,1190925000.0,604038000.0,698335000.0,0.0,628198000.0,1469864393.6,1022412393.5999999,18.69705458521286,1.9716060910075195,0.06201830254978023,0.10218615185600502,0.004672950915588725,18.69705458521286,0.015122740755932833,2.968883220424569,21.573774343920622,1.305018386120426,0.0,0.0,0.0,0.2667788191336707,1.9066432906538993,0.00917821734695472,-184.5404135091023,0.373618937970874,-2.6969696969696972,2.0798507351863966,-0.013992783127332507,0.6686041966691962,0.005167804199452245,-0.19950183287902998,-0.668209095510086,0.3303553950577743,-0.011945727436764237,0.21223412751133125,Advertising Agencies,Communication Services,CRTO
2022Q1,2022,Q1,2022-05-05,2022-03-31,21278000.0,510567000.0,27662000.0,0.33,184024000.0,0.3604306585,1915340000.0,1168475000.0,1228826000.0,612515000.0,712817000.0,0.0,619641000.0,1654511264.76,1181233264.76,19.237861764946693,2.006197399247365,0.060597596249229904,0.0993303237125313,0.013260169083375094,19.237861764946693,0.018210060121098014,3.2405370201364367,19.439224372121437,1.4159577780953807,0.0,0.0,0.0,0.2665672935353514,1.9319788086822363,0.011109254753725187,25.82228496808328,0.3604306584640214,-0.7179487179487178,0.8073401844937261,0.04433856265715852,0.8731101343864551,-0.24688665076058622,-0.7160586084496517,-0.5970399289116786,0.17879854804399328,-0.0310095499797676,0.2819245743702524,Advertising Agencies,Communication Services,CRTO
2021Q4,2021,Q4,2022-02-25,2021-12-31,74938000.0,653267000.0,68647000.0,1.17,244351000.0,0.3740446096,1983591000.0,1163131000.0,1264168000.0,672548000.0,785271000.0,0.0,601588000.0,2355165406.62,1967597406.62,19.196486940118625,1.8796695551841653,0.06450876213896917,0.11001254372895229,0.05248215534850983,19.196486940118625,0.06442782455286636,3.6052110494177723,7.85704651385145,2.024849657192526,0.0,0.0,0.0,0.32933553338364613,1.8426119771376912,0.037778957456451455,42.50280456615895,0.374044609631284,2.162162162162162,1.0013248558644678,0.21279250188653026,1.0395136949488633,0.3881528865054026,2.1914313700438655,1.1328879913002952,1.1571967379294146,0.06545765702730971,0.34707253708315783,Advertising Agencies,Communication Services,CRTO
2021Q3,2021,Q3,2021-11-03,2021-09-30,23481000.0,508580000.0,32185000.0,0.37,176026000.0,0.3461127059656298,1814493000.0,1116356000.0,1095937000.0,549846000.0,663241000.0,0.0,534320000.0,2231017220.1,1857727220.1,18.3389204849643,1.9931708151009555,0.06843123671460843,0.1112261679965889,0.017840284856522025,18.3389204849643,0.021033612933508666,4.386757678438004,23.753430647118947,1.9984818642977686,0.0,0.0,0.0,0.28028766162228236,1.959706899750112,0.012940804952127124,64.83253574625131,0.3461127059656298,0.608695652173913,0.8128076491613576,0.2541555262406038,1.0328802033069606,-0.037420229781975074,0.5861253715212105,0.6313548583303766,0.5092612938613632,0.059609484862702025,0.2557898832303868,Advertising Agencies,Communication Services,CRTO
2021Q2,2021,Q2,2021-08-04,2021-06-30,14804000.0,551311000.0,19729000.0,0.23,182869000.0,0.3316984424399296,1842442000.0,1123567000.0,1088457000.0,556735000.0,684373000.0,0.0,519893000.0,2743801104.23,2395411104.23,18.52136269340173,1.9550719821818279,0.07659996895424659,0.1256097767200354,0.010979316244344504,18.52136269340173,0.013175894272437691,4.976866241069016,46.335468525905156,2.442044937444763,0.0,0.0,0.0,0.2992284153313917,1.9243661706197743,0.008034988346987314,256.5019261690193,0.3316984424399296,-0.3428571428571428,0.2651198239872664,0.4115629062026245,1.155709114387875,0.02334105585960671,-0.33928412032491295,-0.4234489611034805,0.17959861570066715,0.1224627900686668,0.2990595135010846,Advertising Agencies,Communication Services,CRTO
2021Q1,2021,Q1,2021-05-05,2021-03-31,22406000.0,541077000.0,34219000.0,0.35,178698000.0,0.3302635299596915,1782635000.0,1109626000.0,1059492000.0,557133000.0,638872000.0,0.0,510528000.0,2109558338.0199997,1695873338.0199997,18.2679522464264,1.9016859529053207,0.05967289994867149,0.09586563400641297,0.018113293796516845,18.2679522464264,0.020192389147334327,3.898813547831454,23.537873092252074,1.9011435727172936,0.0,0.0,0.0,0.3035265211330418,1.8679974081592725,0.012569034042302547,32.2518053787705,0.3302635299596915,-0.5205479452054794,0.3481513591868407,0.3899456487354576,1.1772986001258994,-0.18206285416113588,-0.5051350575347306,-0.49065983954274145,0.23200644903347575,0.0446357998849813,0.278729888343303,Advertising Agencies,Communication Services,CRTO
2020Q4,2020,Q4,2021-02-26,2021-01-01,45277000.0,661282000.0,67183000.0,0.73,218474000.0,0.3303794750197344,1853410000.0,1117142000.0,1064550000.0,600331000.0,700723000.0,0.0,491359000.0,1237501327.8600001,880885327.8600001,18.515198250027353,1.7732717450872935,0.07089365008282031,0.1176170979159319,0.0339839070955756,18.515198250027353,0.04052931498412914,1.8713670232366828,6.832946793405041,1.1077386114388326,0.0,0.0,0.0,0.3567920751479705,1.7475959095898763,0.024429025418013284,36.57999786757316,0.3303794750197344,7.111111111111112,0.25211599585706773,0.76407924207504,1.4337681124031423,0.4436353544430935,7.662138894203176,7.344677679791331,-0.06717899982038952,0.07186709576515188,0.38454748537389233,Advertising Agencies,Communication Services,CRTO
2020Q3,2020,Q3,2020-10-29,2020-09-30,5227000.0,470345000.0,8051000.0,0.09,151336000.0,0.32175530727444746,1843368000.0,1028820000.0,1051150000.0,668446000.0,781456000.0,0.0,452932000.0,732382489.62,244889489.62,17.123997334380725,1.5725279229735836,0.07554161730050646,0.13535020703330028,0.004311688281150281,17.123997334380725,0.005080577749266149,1.55711762561524,35.028816224411706,0.711866497171517,0.0,0.0,0.0,0.2551552375868519,1.5504767774809034,0.0028355705426154733,21.016485583677685,0.32175530727444746,0.0,-0.010686875299742379,0.44315616374485095,1.4146849252455203,0.036533746113066944,-0.08554933519944016,-0.1775462253549903,-0.7122049525246493,-0.09200477497794975,0.4058742857604561,Advertising Agencies,Communication Services,CRTO
2020Q2,2020,Q2,2020-07-31,2020-06-30,5716000.0,437614000.0,9789000.0,0.09,146002000.0,0.3336319221962734,1804402000.0,1002682000.0,999406000.0,643017000.0,769405000.0,0.0,452247000.0,699522169.13,278549169.13,16.326213069421094,1.554245066615657,0.08712470946053041,0.1567874959358999,0.005202404960164067,16.326213069421094,0.00570071069391891,1.5984912939942506,30.59491642451015,0.6976510689630412,0.0,0.0,0.0,0.2425257786236105,1.5316997839870485,0.0031678085038699803,179.08913700204812,0.3336319221962734,-0.64,0.4678959530875332,0.44761128187678473,1.3922364343175515,-0.15216659117568493,-0.630247752118507,-0.5887320393244265,0.01377231587370772,-0.1451363880902533,0.4570202765999666,Advertising Agencies,Communication Services,CRTO
2020Q1,2020,Q1,2020-04-30,2020-03-31,15459000.0,503376000.0,23802000.0,0.25,172206000.0,0.34210212644226184,1675889000.0,995031000.0,909172000.0,517058000.0,649281000.0,0.0,450480000.0,490443457.95,215145457.95,16.129273052320872,1.7583559291220714,0.0961925282641034,0.1620130428097215,0.012647040596592014,16.129273052320872,0.015536199374692848,0.9743083856798893,7.931358075392976,0.4928926414855417,0.0,0.0,0.0,0.30036356823154753,1.7273922848113752,0.009224357937787048,10.782531778608332,0.34210212644226184,-0.6153846153846154,0.24434855461896476,0.7625151135487991,1.4928281178276628,-0.2669714460846912,-0.6321387778412336,-0.5957334782682542,0.29279988691349,0.01372903819392155,0.5704398536451535,Advertising Agencies,Communication Services,CRTO
2019Q4,2019,Q4,2020-03-02,2019-12-31,42024000.0,652640000.0,58877000.0,0.65,234924000.0,0.35995954890904636,1790384000.0,1007267000.0,1000461000.0,610339000.0,752396000.0,0.0,451725000.0,1099252661.9299998,844330661.9299998,15.879822459881009,1.6391890408445142,0.09151165336598183,0.16265895735688748,0.031891729064033765,15.879822459881009,0.04172081483856813,1.684317023060186,6.539433787419093,1.091322024775953,0.0,0.0,0.0,0.3645251521461318,1.6178894024468369,0.023472059625197723,23.904072150872,0.35995954890904636,1.3214285714285714,0.9448642378923208,1.3685607667567217,1.2533902175632345,0.23902449315415286,1.2379380125678987,1.0046646237657473,0.07206418765687178,0.15738375089647885,0.6871376247806166,Advertising Agencies,Communication Services,CRTO
2019Q3,2019,Q3,2019-10-31,2019-09-30,18778000.0,522606000.0,29370000.0,0.28,189604000.0,0.3628048663811743,1701888000.0,983034000.0,859264000.0,528417000.0,687483000.0,0.0,414594000.0,1212393106.0500002,988423106.0500002,15.15424771744148,1.6261096823152927,0.1088250225631769,0.18840447024212795,0.015668737283454012,15.15424771744148,0.01910208599092198,2.3198989411717434,16.14113731560869,1.2333175719761476,0.0,0.0,0.0,0.3070742610559567,1.5988281981843884,0.011033628534897713,75.53851128037384,0.3628048663811743,0.7500000000000001,0.17087901130787417,0.9065979509587028,1.221347378161703,-0.05323446433475645,0.36806061489144687,0.2061106320068991,0.36043957751423605,0.20937586352177565,0.6798573398065775,Advertising Agencies,Communication Services,CRTO
2019Q2,2019,Q2,2019-08-02,2019-06-30,13726000.0,537185000.0,24351000.0,0.16,200265000.0,0.37280452730437375,1749569000.0,996081000.0,890028000.0,553567000.0,724606000.0,0.0,401209000.0,1118551164.32,892632164.3199999,15.42363324120991,1.6078053785720607,0.11210418108688483,0.19690567333379513,0.011049645959006869,15.42363324120991,0.01378000383502948,2.082245714828225,20.37285378697363,1.1229520132599657,0.0,0.0,0.0,0.3070384763333141,1.5802134159008756,0.007845360771710061,46.312982954620736,0.37280452730437375,-0.44827586206896547,3.034429256668284,1.1308066423586065,1.2169247328330608,-0.04476052831160654,-0.2821129707112971,-0.2707753121911778,0.10183014844233226,0.29194947234416824,0.7951630938525369,Advertising Agencies,Communication Services,CRTO
2019Q1,2019,Q1,2019-05-09,2019-03-31,19120000.0,558123000.0,33393000.0,0.29,209649000.0,0.37563225310549825,1745916000.0,965503000.0,872310000.0,564897000.0,754120000.0,0.0,403200000.0,1288665643.3100002,1109273643.3100002,15.007015349867464,1.5441930121774412,0.12393437026752718,0.22411012705294545,0.016267053749161663,15.007015349867464,0.019803149239308423,2.308927679579591,16.849707679262554,1.33470910324463,0.0,0.0,0.0,0.31967345508031314,1.5084785367952034,0.010951271424283872,23.896039966436735,0.37563225310549825,-0.49122807017543857,2.532433154248847,1.360146907483203,1.160525515431553,-0.10041578881875642,-0.4963915081915398,-0.46295373035912446,0.0861496485700395,0.35361799943463407,0.7886379968902201,Advertising Agencies,Communication Services,CRTO
2018Q4,2018,Q4,2019-03-01,2018-12-31,37966000.0,670096000.0,62179000.0,0.57,233051000.0,0.34778748119672404,1597135000.0,943670000.0,933851000.0,605344000.0,629244000.0,0.0,387869000.0,1504519081.6,1153276081.6,14.250522085236144,1.5426782127187186,0.008254155096469616,0.01396992592749584,0.045306138400992166,14.250522085236144,0.04023228459101169,2.245229163582531,9.907016024864353,1.5943275526402239,0.0,0.0,0.0,0.4195612769114696,1.5128538483903367,0.023771315511838385,27.090879458369344,0.34778748119672404,1.2799999999999998,5.737000812189596,1.4968324460653304,0.8972223014427595,0.2229732211732726,1.2146648777926852,1.4122827436374923,-0.04335148013471917,0.6287673457236257,0.873189029239437,Advertising Agencies,Communication Services,CRTO
2018Q3,2018,Q3,2018-11-05,2018-09-30,17143000.0,528869000.0,25776000.0,0.25,190561000.0,0.3603179615367889,1515943000.0,979536000.0,911375000.0,498212000.0,517027000.0,0.0,355003000.0,1497124110.96,1041652110.96,14.603494366262424,1.8292915465705362,0.0021227711068292146,0.0032852289247153753,0.019005455846381553,14.603494366262424,0.017501143398507047,2.8308033009308544,21.83287801084991,1.5284013154799823,0.0,0.0,0.0,0.3488712966120758,1.7856334251282586,0.0113084726800414,-144.35677475267573,0.3603179615367889,0.24999999999999994,2.1699357846074925,1.4214109397476307,6.89617861386011,-0.048455796070206975,0.24894361066588955,0.058519157324134534,1.9062885305403787,0.45350168830237797,1.0592643769759738,Advertising Agencies,Communication Services,CRTO
2018Q2,2018,Q2,2018-08-02,2018-06-30,13726000.0,537185000.0,24351000.0,0.2,200265000.0,0.37280452730437375,1456542000.0,945952000.0,933302000.0,477089000.0,491674000.0,0.0,333725000.0,2179518627.15,1701480627.15,14.257516688735036,1.9562429651490603,0.0015426949583328183,0.0023753847975372957,0.01617884528199379,14.257516688735036,0.014510249991542911,4.057296140342713,39.696900538212155,2.3040478027954907,0.0,0.0,0.0,0.3688084517988496,1.910530320338553,0.009423689807777599,101.55717940217139,0.37280452730437375,-0.3103448275862068,2.347287225041248,1.959443489189028,7.714469192933235,-0.04798463578929354,-0.30708263920440204,-0.30027872762276947,2.2628686785632994,0.6448911968999318,1.0891158740029778,Advertising Agencies,Communication Services,CRTO
2018Q1,2018,Q1,2018-05-04,2018-03-31,19809000.0,564164000.0,34801000.0,0.29,210359000.0,0.37286852759126776,1499360000.0,945168000.0,966247000.0,520121000.0,535689000.0,0.0,320020000.0,1709584090.0,1228327090.0,14.286013342578546,1.8577350270417845,0.001745411375520222,0.002768819934657119,0.023132624751047343,14.286013342578546,0.02095817886344015,3.030296314546834,21.575850497248727,1.8087621354087315,0.0,0.0,0.0,0.37626987514672927,1.8172175320742674,0.013211636965105111,22.16956830147574,0.37286852759126776,-0.6282051282051282,13.119095305711697,2.310683018420244,0.0,-0.14215164527744814,-0.6264496784778141,-0.5064807986839867,0.48678120206519576,0.8419149515090221,1.207946733651247,Advertising Agencies,Communication Services,CRTO
2017Q4,2017,Q4,2018-03-01,2017-12-31,53029000.0,674031000.0,70516000.0,0.78,245217000.0,0.36380670918696617,1531300000.0,881525000.0,991767000.0,621005000.0,633602000.0,0.0,300210000.0,1715885443.99,1304554443.99,13.372743402171857,1.5970354506002367,0.0018154509240514596,0.003153625818893395,0.06114524184808014,13.372743402171857,0.0601559796942798,2.545707013460805,8.089373003403798,1.9464966325288564,0.0,0.0,0.0,0.44016913733429114,1.563810275279587,0.03463005289623196,55.21932947126215,0.36380670918696617,1.6896551724137934,7.066479751161259,2.726453800176423,6.385448452661742,0.19942185222503742,1.6817538181450389,1.1360070275346075,1.3615121345189254,1.3538325034910401,0.8976288456982628,Advertising Agencies,Communication Services,CRTO
2017Q3,2017,Q3,2017-11-08,2017-09-30,19774000.0,563973000.0,33013000.0,0.29,204446000.0,0.36251026201608944,1358194000.0,796743000.0,810240000.0,505703000.0,544927000.0,0.0,247821000.0,2714611529.0,2364122529.0,12.180319042622028,1.6022052469532513,0.005517621194026774,0.009405793336119678,0.030342109420652727,12.180319042622028,0.02481854249111696,4.813371436221238,34.320465371194494,3.4071357125195956,0.0,0.0,0.0,0.4152374403067603,1.5578036910993212,0.014559039430302298,66.65221785994893,0.36251026201608944,2.2222222222222223,5.441605169545611,3.125577226971186,0.0,0.09321227287796635,2.312227805695142,1.4889173703256937,0.22273341411405415,1.0404107714668047,0.7854215052431215,Advertising Agencies,Communication Services,CRTO
2017Q2,2017,Q2,2017-08-08,2017-06-30,5970000.0,542022000.0,13264000.0,0.09,187014000.0,0.3450302755238717,1298145000.0,728652000.0,759893000.0,518528000.0,555466000.0,0.0,228141000.0,3189622664.25,2888916664.25,11.205206496864388,1.4654811312021723,0.005761297851934876,0.010264159022413993,0.01210645325577834,11.205206496864388,0.008193211574249437,5.884673803369605,133.56878828517588,4.377429368546302,0.0,0.0,0.0,0.4175357914562703,1.4243261694643299,0.004598869925932773,104.63611403897254,0.3450302755238717,-0.5,1.5978819504998423,2.046688146687949,5.848838332030989,0.02294619268237984,-0.5201736055296576,-0.36994109823294696,0.7426898863209829,1.1352304232276507,0.610586755462275,Advertising Agencies,Communication Services,CRTO
2017Q1,2017,Q1,2017-05-10,2017-03-31,12442000.0,516667000.0,21052000.0,0.18,182819000.0,0.35384299752064674,1237389000.0,659258000.0,715816000.0,526257000.0,565750000.0,0.0,222239000.0,3208817808.06,2987020808.06,10.270544914460213,1.360202334600775,0.06628150080532476,0.12440652976528158,0.02202615755796616,10.270544914460213,0.01887273267825343,6.210611105528319,64.47552258599904,4.867317208225004,0.0,0.0,0.0,0.417546139492108,1.3222816988657633,0.010055043321057484,153.01215049639978,0.35384299752064674,-0.7,8.140512575792988,2.125064537944148,0.0,-0.0888116907066458,-0.684237240819227,-0.5987420184885162,1.3039531290327813,1.1898643751861389,0.47862675073981575,Advertising Agencies,Communication Services,CRTO
2016Q4,2016,Q4,2017-03-01,2016-12-31,39403000.0,566825000.0,52465000.0,0.6,200638000.0,0.35396815595642395,1211186000.0,600132000.0,742584000.0,519791000.0,601309000.0,0.0,198355000.0,2619280970.2799997,2431884970.2799997,9.412286363980478,1.4286203493327125,0.06846264735556719,0.1381712689874894,0.05805497952425494,9.412286363980478,0.06565722207780955,4.620969382578397,16.618537740019793,4.364508092019756,0.0,0.0,0.0,0.4679917039992206,1.3976906102645101,0.032532575508633685,63.12433051236323,0.35396815595642395,1.8571428571428572,5.660312856792575,2.239868147749225,4.19818212855106,0.30094342681147673,1.9103331117512372,1.294253979359804,6.261707729705731,1.193507334384419,0.2530909036525615,Advertising Agencies,Communication Services,CRTO
2016Q3,2016,Q3,2016-11-07,2016-09-30,13539000.0,423867000.0,22868000.0,0.21,154225000.0,0.36385234047472437,953965000.0,574001000.0,745288000.0,364304000.0,370251000.0,0.0,158945000.0,2233991403.61,1835109403.6100001,9.02115159325754,2.045785937019632,0.008675370689700356,0.014418093348269429,0.025933339492923587,9.02115159325754,0.0235870669214862,5.270500896767147,41.251041502511264,3.891964306002951,0.0,0.0,0.0,0.44432133254364675,2.0006368307786904,0.014192344582872538,80.24682652430045,0.36385234047472437,0.1052631578947368,3.5341416585794927,2.1876082247404143,0.0,0.05667577918919104,0.10975409836065574,0.2787563607895767,1.639144525867065,1.0457989019893463,3.8777794202211426,Advertising Agencies,Communication Services,CRTO
2016Q2,2016,Q2,2016-08-05,2016-06-30,12200000.0,407201000.0,17883000.0,0.19,145953000.0,0.35842986633136953,915416000.0,543402000.0,711811000.0,358289000.0,363710000.0,0.0,145407000.0,2904292367.2000003,2535354367.2000003,8.5917726885248,1.9866950980912057,0.00925153154412857,0.015585146907814105,0.02429822452810164,8.5917726885248,0.02245115034541647,7.132331126888196,59.514187852459024,5.344647916643663,0.0,0.0,0.0,0.44482617738820385,1.9320771779206172,0.013327274157323009,-461.73169589825125,0.35842986633136953,-0.2692307692307693,2.2562115583652775,1.3533242346684515,4.251457181599655,0.012437569367369589,-0.2878407565232619,-0.3564488268317259,2.2562115583652775,1.3533242346684515,4.251457181599655,Advertising Agencies,Communication Services,CRTO
2016Q1,2016,Q1,2016-05-04,2016-03-31,17131000.0,401253000.0,27788000.0,0.26,144160000.0,0.3592745724019509,893713000.0,525310000.0,709317000.0,356378000.0,361889000.0,0.0,133206000.0,2593306738.46,2215963738.46,8.39019151776889,1.990350133846646,0.009809636874477601,0.016689193047914566,0.03641565854378603,8.39019151776889,0.03261122004149931,6.463021431515777,37.84523288862297,4.93671686901068,0.0,0.0,0.0,0.4489729924483587,1.932672611665142,0.01916834599026757,490.04284551398337,0.3592745724019509,-0.5094339622641509,11.902717749472174,1.4881965753549327,0.0,0.03910267646694974,-0.5415385714323482,-0.15685343265785495,11.902717749472174,1.4881965753549327,0.0,Advertising Agencies,Communication Services,CRTO
2015Q4,2015,Q4,2016-02-29,2015-12-31,37366284.124537,387360599.248366,32957496.44999,0.53,138735086.786763,0.3581548744399002,841719000.0,474325000.0,663414000.0,357840000.0,362696000.0,0.0,116076000.0,2469005352.0,2124736352.0,7.607626279458952,1.8539403085177732,0.01101080051656194,0.019539345385547885,0.07744597241231303,7.607626279458952,0.07877780872721657,6.373919693409332,16.518938194196163,5.205303013756391,0.0,0.0,0.0,0.46020180042076514,1.8197099262240106,0.04439282483172769,53.55543333248783,0.3581548744399002,5.728962470164035,5.519501170635618,1.2642198360657366,3.2015112415103877,0.1763283628453658,5.844298781945271,0.7916757903107391,5.519501170635618,1.2642198360657366,3.2015112415103877,Advertising Agencies,Communication Services,CRTO
2015Q3,2015,Q3,2015-09-30,2015-09-30,5459475.881314,336771572.918659,18394788.068367,0.078764,117939081.61083797,0.3502049789675211,748109099.501536,440261946.822995,576553058.859271,297359152.94859,304218379.035253,0.0,22187841.076592,2330562409.4,2014541795.7153041,7.091607337814308,1.938911424592841,0.0,0.0,0.02205826109293397,7.091607337814308,0.012400517284563213,6.9203062158779804,106.72097743744744,5.293581301354192,0.0,0.0,0.0,0.4501637169539167,1.7771576254767771,0.0072977001415323525,-360.52928287309624,0.3502049789675211,0.40449358059914414,0.8738880737567564,1.5957027497488756,0.0,0.07766542708704612,0.39511593759287494,1.2082166616392205,0.8738880737567564,1.5957027497488756,0.0,Advertising Agencies,Communication Services,CRTO
2015Q2,2015,Q2,2015-06-30,2015-06-30,3913277.552211,303796630.700554,8330155.454362,0.05608,109439422.14944202,0.3602390911876642,728940756.858611,421214024.540703,566687229.412952,295393570.963907,304922721.460777,0.0,16672648.556495,2942162224.8900003,2620277480.9522715,6.824665336258277,1.9184142280543854,0.0,0.0,0.014697590059407286,6.824665336258277,0.009290473071209076,9.684644026845803,187.96023190507404,6.984957891889214,0.0,0.0,0.0,0.4167645008762762,1.7829910353233331,0.005368443889837318,-475.55710595854003,0.3602390911876642,-0.7057619862115282,1.4129149401239414,0.7991727931711143,3.1713670846966213,0.07936265041237173,-0.6823454738011473,-0.4793342729645581,1.4129149401239414,0.7991727931711143,3.1713670846966213,Advertising Agencies,Communication Services,CRTO
2015Q1,2015,Q1,2015-03-31,2015-03-31,12319287.872389,283208256.175346,15999047.031177,0.190594,101392633.98416701,0.3580144002630722,681273079.713676,395813434.694563,547879102.909804,276101058.011977,283008999.05786,0.0,12319287.872389,2416379636.0,2097939689.2796211,6.470270828931633,1.9843426419830579,0.0,0.0,0.026426265369306878,6.470270828931633,0.031123976077000556,8.532165229335401,49.036512114790916,6.104844919841201,0.0,0.0,0.0,0.41570445774016523,1.8615625980545973,0.018082745728873546,89.30788262043028,0.3580144002630722,-0.43004697924360724,8.4964176881573,0.7974136187492843,0.0,0.07838882617962858,-0.3863077779244404,-0.3003561464372854,8.4964176881573,0.7974136187492843,0.0,Advertising Agencies,Communication Services,CRTO
2014Q4,2014,Q4,2014-12-31,2014-12-31,20074049.220836,255985899.802974,22867415.971293,0.334403,94022333.61724198,0.3672949708933525,687605185.077095,415274332.409164,574349433.338197,262922564.327059,270588306.824262,0.0,41774891.774892,2381892516.46,2042891349.088046,7.047080588222794,2.1844813312551703,0.019458528381367343,0.03221914759666649,0.045530886910065044,7.047080588222794,0.04833924867058077,9.304780139426757,29.663827290854933,5.735708495735187,0.0,0.0,0.0,0.3722861685143817,2.1666288959702467,0.0291941504463572,68.46144468592836,0.3672949708933525,0.4640919777761238,3.568896285767801,0.5831431483122128,2.8919351744698782,0.08568800534917927,0.3905209378532959,0.9808038226705506,3.568896285767801,0.5831431483122128,2.8919351744698782,Advertising Agencies,Communication Services,CRTO
2014Q3,2014,Q3,2014-09-30,2014-09-30,14436351.639427,246737640.848645,11544513.247386,0.228403,86601614.049335,0.35098663402743074,631470155.314181,398356765.810578,523236219.67313,219750532.940818,231787381.991676,0.0,21702111.460765,1964895073.55,1639142611.870983,6.822097194893723,2.3810464196418812,1.2056690559211017e-05,1.911211485138991e-05,0.02268283871154931,6.822097194893723,0.0362397551101005,7.963499475766308,34.02686361877767,4.932500818837163,0.0,0.0,0.0,0.3907352370847731,2.256223257747674,0.022861494748305806,108.10489455202834,0.35098663402743074,3.1853514622883528,4.268200815639729,1.0219346440743413,0.0,0.08101585602658204,3.7429659456151745,0.6856369163484534,4.268200815639729,1.0219346440743413,0.0,Advertising Agencies,Communication Services,CRTO
2014Q2,2014,Q2,2014-06-30,2014-06-30,3043739.256187,225540942.454092,6848754.399847,0.054572,80111326.366341,0.3551963802875717,631800321.973314,401965947.229119,525053889.601353,214589756.882862,228635160.577369,0.0,7809217.168272,1951122704.8500001,1619742585.337871,6.957220068314941,2.446779833428694,0.0,0.0,0.006921301306291906,6.957220068314941,0.007572132110116483,8.650858170671802,160.25705067245485,4.8539502370778385,0.0,0.0,0.0,0.35698136675469816,2.3061097336130687,0.004817565218517823,2034.3299007118246,0.3551963802875717,-0.2785584918630937,1.3430799450853754,0.4268662124448954,3.252387093587651,0.053573993903931014,-0.3660547656334838,-0.19965777497125134,1.3430799450853754,0.4268662124448954,3.252387093587651,Advertising Agencies,Communication Services,CRTO
2014Q1,2014,Q1,2014-03-31,2014-03-31,4801265.300509,209764819.144547,8557282.354559,0.075643,76037683.94993798,0.362490165224232,605022692.889561,396402145.509559,508212075.3679,199434740.750928,207793976.069316,0.0,4802640.627149,2314152248.2999997,1981617521.3023376,6.946002369645654,2.548262521636593,0.0,0.0,0.01174141922947152,6.946002369645654,0.012112107249917044,11.032127588112566,120.49699940839906,5.83789032051088,0.0,0.0,0.0,0.3467057047773195,2.3985407802274397,0.007935678044700066,219.777964960668,0.362490165224232,-0.004015905619634483,2.9673170693495186,0.42705848515322636,0.0,0.07982026048504766,0.15866503176444471,-0.12142005062223958,2.9673170693495186,0.42705848515322636,0.0,Advertising Agencies,Communication Services,CRTO
2013Q4,2013,Q4,2013-12-31,2013-12-31,4143790.62877,197340937.214531,9739901.713691,0.075948,70416982.09643,0.35682906491864436,540072910.049988,365739180.866635,474282636.913475,163894335.662404,174039603.413516,0.0,1470628.849181,1665271461.6000001,1356913042.422448,7.511255836703589,2.8938317788506187,0.02821712561683474,0.04166713861232969,0.02223688029674553,7.511255836703589,0.011329906243435845,8.438550485800468,100.46788139090309,4.553166706542259,0.0,0.0,0.0,0.365396844652448,2.87635753945185,0.007672650398973834,240.51418015281746,0.35682906491864436,0.12565584704313026,1.641765412525275,0.4770263572692608,3.1482881356804855,0.2403183258194334,0.08972282514629072,0.26209983615407817,1.641765412525275,0.4770263572692608,3.1482881356804855,Advertising Agencies,Communication Services,CRTO
2013Q3,2013,Q3,2013-09-30,2013-09-30,3802609.739971,153576585.207875,7717219.695845,0.06747,56773314.26181102,0.36967428455949175,239743883.843632,87226577.786174,185674767.565817,141438730.4843,152576679.665889,0.0,-2674511.179781,1669127731.3600001,1615371675.9266403,1.8494382004770011,1.312757594260416,1.1257014526219307e-05,3.094011540399763e-05,0.057614887034188836,1.8494382004770011,0.04359462260794713,10.868373776515064,109.73567138740417,19.135540723054344,0.0,0.0,0.0,0.6405860401762832,1.13807052358418,0.015861133468794447,-616.6203827911826,0.36967428455949175,1.4393922619551556,0.7180346184678329,0.5581239297962115,0.0,0.27136232007337024,1.5238999732087248,2.9359542255267015,0.7180346184678329,0.5581239297962115,0.0,Advertising Agencies,Communication Services,CRTO
2013Q2,2013,Q2,2013-06-30,2013-06-30,-7258274.354704,129319317.235637,-3986261.448793,-0.153553,44655495.42048299,0.3453118712273646,217769046.62781,77335293.505412,177644931.307244,128555630.724396,140811042.880933,0.0,-6243495.004163,1672843645.97,1628004709.6669192,1.6360740250590118,1.3818525902462264,0.0802217628714458,0.22589707787291766,-0.04006291859159174,1.6360740250590118,-0.09385461702807217,12.935759960144674,-57.61850421394757,21.63105058692165,0.0,0.0,0.0,0.5938369995101149,1.3192393713377801,-0.03333014708517849,-523.5401221655413,0.3453118712273646,-8.995886273692982,0.0,0.0,0.0,0.08512784390684078,-8.257159126893326,-3.961742949699249,0.0,0.0,0.0,Advertising Agencies,Communication Services,CRTO
2013Q1,2013,Q1,2013-03-31,2013-03-31,1000153.672779,121478332.138101,1345917.426493,0.019204,41152289.72441399,0.3387623866751032,,,,,,,,1669127731.3600001,,,0.0,0.0,0.0,0.0,,0.0,13.740127164920859,417.21781781848756,0.0,0.0,0.0,0.0,0.0,0.0,0.0,621.8456406795689,0.3387623866751032,1.1448201970872225,0.0,0.0,0.0,-0.04402176577362936,1.1701615807181138,-0.3735318941539941,0.0,0.0,0.0,Advertising Agencies,Communication Services,CRTO
2012Q4,2012,Q4,2012-12-31,2012-12-31,-5877670.321104,121622147.474052,2148421.306581,-0.13260581318249265,43047308.245168,0.35394300412556123,181355304.573227,80257624.249478,150624223.027482,95102758.74838,101421694.395218,0.0,1297378.792287,1568639772.81,1519461049.29319,1.810688069639464,1.5838049811572659,0.04430832057171746,0.10012193916223808,5.563354215516819,1.810688069639464,-0.07323503998615097,12.897649033410367,-66.72030273532606,19.545056154838804,0.0,0.0,0.0,0.6706291153724916,1.563071018342117,-0.03240969617588845,4774.521019565334,0.35394300412556123,-4.442518514602613,0.0,0.0,0.0,0.2812685979675653,-3.825671865912421,-0.22392764481516841,0.0,0.0,0.0,Advertising Agencies,Communication Services,CRTO
2012Q3,2012,Q3,2012-09-30,2012-09-30,2080096.557569,92631065.34328,2768326.035875,0.03852,33597411.435395,0.3627013390258105,,,,,,,,1568639772.81,,,0.0,0.0,0.0,0.0,,0.0,16.93427325915774,188.5296823243704,0.0,0.0,0.0,0.0,0.0,0.0,0.0,-222.44580143155548,0.3627013390258105,0.0,0.0,0.0,0.0,0.0,0.0,0.0,0.0,0.0,0.0,Advertising Agencies,Communication Services,CRTO
