Quarters,Year,Quarter,FillingDate,Date,NetIncome,Revenue,OperatingIncome,EPSDiluted,GrossProfit,GrossProfitRatio,TotalAssets,CommonStockEquity,CurrentAssets,CurrentLiability,TotalLiability,Inventory,RetainedEarnings,MarketCap,EnterpriseValue,bookValuePerShare,currentRatio,debtToAssets,debtToEquity,roic,shareholdersEquityPerShare,roe,priceToSalesRatio,peRatio,pbRatio,payoutRatio,inventoryTurnover,dividendYield,assetTurnover,quickRatio,returnOnAssets,priceToFreeCashFlowsRatio,grossProfitMargin,epsdilutedGrowth,fiveYNetIncomeGrowthPerShare,fiveYRevenueGrowthPerShare,fiveYShareholdersEquityGrowthPerShare,grossProfitGrowth,netIncomeGrowth,operatingIncomeGrowth,threeYNetIncomeGrowthPerShare,threeYRevenueGrowthPerShare,threeYShareholdersEquityGrowthPerShare,Industry,Sector,Symbol
2023Q1,2023,Q1,2023-05-09,2023-03-31,125106000.0,690036000.0,169827000.0,3.38,600500000.0,0.870244451,14795692000.0,1921101000.0,3073716000.0,106310000.0,12874591000.0,0.0,2151771000.0,6322930400.0,7904466400.0,52.3318169436121,28.91276455648575,0.14170516661201113,1.091366877639437,0.032064648731924245,52.3318169436121,0.06512203158501297,9.163189166942015,12.635146196025772,3.2913055586353868,0.19111793199366936,0.0,0.003781474488474521,0.046637629385634684,64.74889474179287,0.008455569364379847,37.617457833834074,0.8702444510141499,-0.04519774011299439,1.3201989274031998,0.8285136880595637,0.6413065886790162,-0.00988793019586247,-0.13094278807413376,-0.02574090434503253,0.934241754086951,0.47282204267787153,0.40673176162541436,Insurance—Life,Financial Services,PRI
2022Q4,2022,Q4,2023-02-28,2022-12-31,143956000.0,686939000.0,174314000.0,3.54,606497000.0,0.8828978992,15348877000.0,1721499000.0,2984696000.0,740233000.0,13627378000.0,0.0,1973403000.0,5243652680.0,6837781680.0,46.559717639422296,4.032103405279148,0.17735949020895797,1.5813363818393156,0.030550757475398423,46.559717639422296,0.08362247088148178,7.633359992663104,9.106346175220205,3.0459806714961783,0.1416335546972686,0.0,0.003888320078438147,0.04475500064271803,10.301706354620775,0.009378927200993271,25.63732169049342,0.8828978992312272,1.5839416058394158,0.03574392102312699,0.8795128679286041,0.4701663574774534,0.011674767889133908,1.7786978593626344,1.2147204187683434,0.725844068648942,0.44839855692223823,0.1684650931378639,Insurance—Life,Financial Services,PRI
2022Q3,2022,Q3,2022-11-09,2022-09-30,51807000.0,673289000.0,78707000.0,1.37,599498000.0,0.8904021898,15042143000.0,1619972000.0,2896014000.0,138654000.0,13422171000.0,0.0,1887952000.0,4621721100.0,6257629100.0,43.27079438004167,20.886624258946732,0.14106154954117908,1.309817700552849,0.012525649902455605,43.27079438004167,0.03198018237352251,6.86439419031055,22.302589900978635,2.8529635697407114,0.39706989402976434,0.0,0.004450939283203394,0.044760178120896735,53.98681610339406,0.00344412361988581,29.399139345826494,0.8904021898471534,-0.5089605734767024,-0.05888933096351275,0.9073187627304791,0.5313427451910896,0.017906382863119574,-0.520070034368718,-0.4627435186828489,-0.39650955959549056,0.44948587591519007,0.12936248261985525,Insurance—Life,Financial Services,PRI
2022Q2,2022,Q2,2022-08-09,2022-06-30,107947000.0,668682000.0,146498000.0,2.79,588952000.0,0.8807654461,15329005000.0,1775524000.0,2954584000.0,735105000.0,13551248000.0,0.0,1948244000.0,4594420340.0,6252511340.0,46.25446777470953,4.019267995728502,0.1761994989237723,1.5212202144268396,0.0248821391982747,46.25446777470953,0.06079726323046042,6.870859900520726,10.64045397278294,2.5876419242995303,0.1961888704642093,0.0,0.004609504231822202,0.04362200938678016,10.28953278783303,0.007042009575963998,28.10060208319317,0.880765446056571,0.395,1.0491081476909871,0.9362888697161184,0.6757536983822264,-0.1479602908455411,0.37051190899395664,0.3020771302361547,0.2259848593081367,0.4657202502056697,0.2390317868590105,Insurance—Life,Financial Services,PRI
2022Q1,2022,Q1,2022-05-06,2022-03-31,78764000.0,691226000.0,112511000.0,2.0,691226000.0,1.0,15934813000.0,1926185000.0,7903116000.0,580850000.0,14004012000.0,0.0,1980467000.0,5366217220.0,7046630220.0,49.111062950970144,13.60612206249462,0.12803363302725926,1.0591879803861,0.02140985692397667,49.111062950970144,0.040891191656045496,7.763332426731633,17.032582207607536,2.785930333794521,0.2748082880503783,0.0,0.004033567616183827,0.04337835655805939,13.60612206249462,0.004942888253536455,25.971054626058088,1.0,1.2988505747126435,0.7857139620496729,1.0140067596128755,0.8242238059690978,-0.04539189663220521,1.282485220818361,0.49100185528756957,0.08633335722705132,0.5247366526771147,0.3823790673848357,Insurance—Life,Financial Services,PRI
2021Q4,2021,Q4,2022-03-01,2021-12-31,34508000.0,724094000.0,75460000.0,0.87,724094000.0,1.0,16115952000.0,2082512000.0,7938156000.0,600382000.0,14033440000.0,0.0,2004506000.0,6064587360.0,7711693360.0,52.63121714516781,13.221842093866904,0.12655826971934392,0.9793974776615934,0.009405561305583902,52.63121714516781,0.01657037270373472,8.375414462763121,43.936097136895796,2.9121500188234215,0.5414686449518952,0.0,0.003081001046046437,0.04493026536688618,13.221842093866904,0.0021412324881583166,27.745516998430773,1.0,-0.6914893617021276,-0.28781711421709427,1.1579197093641296,1.0013560539934319,0.044508459564450355,-0.6931422067297431,0.0,-0.5648686858396996,0.621488117553329,0.554971175722828,Insurance—Life,Financial Services,PRI
2021Q3,2021,Q3,2021-11-09,2021-09-30,112456000.0,693239000.0,0.0,2.82,693239000.0,1.0,15816135000.0,2098942000.0,0.0,0.0,13709562000.0,0.0,1988324000.0,6077756430.0,7697441430.0,53.055837820075325,0.0,0.12299231133269917,0.9267826362043353,0.0,53.055837820075325,0.05357746902963493,8.767187694287252,13.511409862524008,2.8956285738243364,0.1660293803798819,0.0,0.003072021759187214,0.04383112561950186,0.0,0.00711020739264049,40.250575702989444,1.0,-0.12422360248447216,1.3024074924521063,1.1472344523839155,1.0428070471745687,0.05888777215336818,-0.12254802515566236,0.0,0.450771233747977,0.5706602240331939,0.5971354028276323,Insurance—Life,Financial Services,PRI
2021Q2,2021,Q2,2021-08-06,2021-06-30,128162000.0,654686000.0,0.0,3.22,654686000.0,1.0,15519871000.0,2018763000.0,0.0,0.0,13501108000.0,0.0,1894539000.0,6053777339.999999,7197180339.999999,51.06784548835091,0.0,0.12358311483387974,0.9500837889341146,0.0,51.06784548835091,0.06348541161097167,9.246840989420882,11.808838306206207,2.9987558420676423,0.14559697882367628,0.0,0.0030823730295967576,0.04218372691370953,0.0,0.008257929463460103,39.460139751654005,1.0,0.3089430894308944,1.6044080097827882,1.0811776296864037,1.0156041292012044,0.026618640732243917,0.309485859081249,0.0,0.6478046804270267,0.5599995193578982,0.6067256582896831,Insurance—Life,Financial Services,PRI
2021Q1,2021,Q1,2021-05-06,2021-03-31,97872000.0,637711000.0,0.0,2.46,637711000.0,1.0,15113860000.0,1877193000.0,0.0,0.0,13236667000.0,0.0,1785038000.0,5832385920.0,7180121920.0,47.5768704379562,0.0,0.11828083626552052,0.9523155051185467,0.0,47.5768704379562,0.05213742007348206,9.14581357386026,14.897994114762138,3.106971909654468,0.1902484878208272,0.0,0.003192518508788938,0.042193787688916004,0.0,0.006475645533305191,53.37298144148761,1.0,-0.02380952380952383,1.6657957285848655,1.1619165605424466,0.969593948421391,0.06582175662847134,-0.02210143479477239,0.0,0.68879477164257,0.5722503665451006,0.49217503765799014,Insurance—Life,Financial Services,PRI
2020Q4,2020,Q4,2021-03-01,2020-12-31,100084000.0,598328000.0,0.0,2.52,598328000.0,1.0,14905285000.0,1835885000.0,0.0,0.0,13069400000.0,0.0,1705786000.0,5279654530.0,6505078530.0,46.57124375332944,0.0,0.11895062724396079,0.9657429523091043,0.0,46.57124375332944,0.05451539720625202,8.824013801794333,13.188058355980976,2.8758089586221365,0.15836697174373526,0.0,0.0030020903659391516,0.04014200332298242,0.0,0.006714665301602754,22.534506214467417,1.0,-0.10320284697508898,1.5978461943326632,1.1027698089271332,0.9941484641249,0.052540103894550376,-0.10719797325625997,0.0,-0.3246077443724428,0.5354485084720687,0.4705303052365435,Insurance—Life,Financial Services,PRI
2020Q3,2020,Q3,2020-11-05,2020-09-30,112101000.0,568461000.0,0.0,2.81,568461000.0,1.0,14300530000.0,1720446000.0,0.0,0.0,12580084000.0,0.0,1629114000.0,4478986320.0,5899464320.0,43.45877538648075,0.0,0.12246783860458318,1.0179656902919358,0.0,43.45877538648075,0.06515810435201105,7.879144426794451,9.988729627746407,2.6033867497148995,0.141675810206867,0.0,0.0035458916070098645,0.03975104419206841,0.0,0.007838940235082196,53.03713818827709,1.0,0.11952191235059773,1.8736779173665044,1.021069267201927,0.8980785894563307,0.08110457099930583,0.10433454832036253,0.0,0.925798383263954,0.5229004499031932,0.5379953466644053,Insurance—Life,Financial Services,PRI
2020Q2,2020,Q2,2020-08-06,2020-06-30,101510000.0,525815000.0,0.0,2.51,525815000.0,1.0,13964549000.0,1642680000.0,0.0,0.0,12321869000.0,0.0,1569689000.0,4679391200.0,6025916200.0,40.931924648659425,0.0,0.12222922487507473,1.0390800399347409,0.0,40.931924648659425,0.06179535880390581,8.899310974392135,11.524458674022263,2.8486322351279614,0.1584474436016156,0.0,0.0034371992664344888,0.03765356117122007,0.0,0.00726912125840942,26.67049221439482,1.0,0.43428571428571416,1.663847633443318,0.9338273817718865,0.7699419039268632,0.0016744898425712848,0.4007368667982172,0.0,0.8430842426538447,0.45634927117722085,0.482923216109244,Insurance—Life,Financial Services,PRI
2020Q1,2020,Q1,2020-05-01,2020-03-31,72469000.0,524936000.0,0.0,1.75,524936000.0,1.0,13270911000.0,1530114000.0,0.0,0.0,11740797000.0,0.0,1565803000.0,3639270880.0,5032275880.0,37.20099195254188,0.0,0.12554450858724017,1.08886658118284,0.0,37.20099195254188,0.04736183055641606,6.932789673407806,12.554578095461508,2.3784312018581626,0.22809753135823593,0.0,0.00454211861250625,0.03955538545921979,0.0,0.005460740411867731,29.927968355523394,1.0,-0.21875000000000008,1.1370953267177677,0.9466312161666031,0.5800699030899605,-0.01320214527811354,-0.22540269568284574,0.0,0.5666998192834686,0.4584670101112504,0.3818258259496937,Insurance—Life,Financial Services,PRI
2019Q4,2019,Q4,2020-02-28,2019-12-31,93557000.0,531959000.0,0.0,2.24,531959000.0,1.0,13688531000.0,1652491000.0,0.0,0.0,12036040000.0,0.0,1593281000.0,5414453760.0,6768829760.0,39.846905066190835,0.0,0.11770817482168101,0.9750443421477031,0.0,39.846905066190835,0.05661573951083546,10.17832908175254,14.46832882627703,3.2765405439424478,0.15137295979990809,0.0,0.0026155916418796783,0.0388616572516072,0.0,0.006834699793571713,34.110448110978815,1.0,-0.013215859030836918,1.6507366404637496,0.984002330892039,0.7095952022905074,0.021715038614970046,-0.02770647350425574,0.0,0.8422460001717595,0.5125790644722091,0.5152194650403293,Insurance—Life,Financial Services,PRI
2019Q3,2019,Q3,2019-11-07,2019-09-30,96223000.0,520653000.0,0.0,2.27,520653000.0,1.0,13451734000.0,1607811000.0,0.0,0.0,11843923000.0,0.0,1553285000.0,5339037988.56,6669528988.56,38.31435437775798,0.0,0.11658251642502,0.9753864104673995,0.0,38.31435437775798,0.059847208409446136,10.25450345731226,13.871522371366515,3.320687561261865,0.14885214553692985,0.0,0.0026826930302219255,0.038705270264785194,0.0,0.007153204189140225,40.39798419019227,1.0,-0.004385964912280609,2.016156061116986,1.0013600248605938,0.6194033161230676,0.03119615291680366,-0.012550540812347351,0.0,0.8572579592089152,0.5203326836243465,0.47521623155317216,Insurance—Life,Financial Services,PRI
2019Q2,2019,Q2,2019-08-08,2019-06-30,97446000.0,504902000.0,0.0,2.28,504902000.0,1.0,13317706000.0,1585925000.0,0.0,0.0,11731781000.0,0.0,1537535000.0,5234284965.509999,6505936965.509999,37.33113893063732,0.0,0.11388049863842917,0.956304364960512,0.0,37.33113893063732,0.06144426754102495,10.366932524549316,13.428680924589003,3.3004618538140202,0.14897481682162428,0.0,0.0027734447198912763,0.03791208485905906,0.0,0.007317025920229805,47.865072154999766,1.0,0.24590163934426215,1.5570760407657613,0.9714218465224556,0.573978879502465,0.020030829092481217,0.23092275626855302,0.0,0.8426385735404116,0.4935149750876202,0.4734280848707532,Insurance—Life,Financial Services,PRI
2019Q1,2019,Q1,2019-05-08,2019-03-31,79165000.0,494987000.0,0.0,1.83,494987000.0,1.0,13076629000.0,1521386000.0,0.0,0.0,11555243000.0,0.0,1506943000.0,5354712960.0,6540974960.0,35.5264804782365,0.0,0.11209983857460512,0.9635214205993745,0.0,35.5264804782365,0.05203478933025544,10.817886045492104,16.90997587317628,3.51962812856172,0.18477862691846145,0.0,0.002731799091617415,0.037852798301458275,0.0,0.006053930259855196,89.50328380162803,1.0,-0.08040201005025122,1.2640674819298146,0.9676570570648011,0.564745468068457,0.015722567075360384,-0.0852629876132372,0.0,0.986677829420362,0.546089524477936,0.47073021647977004,Insurance—Life,Financial Services,PRI
2018Q4,2018,Q4,2019-02-26,2018-12-31,86544000.0,487325000.0,0.0,1.99,487325000.0,1.0,12595048000.0,1461513000.0,0.0,0.0,11133535000.0,0.0,1489520000.0,4219107833.58,5300315833.58,33.84706930062688,0.0,0.1066566796728365,0.9191474862009438,0.0,33.84706930062688,0.05921534738315704,8.657688059467501,12.18775372521492,2.886808282635871,0.12547374745794046,0.0,0.0025737668787635406,0.038691793790702506,0.0,0.00687127194751461,22.17280489365839,1.0,0.025773195876288683,1.9676398403361581,0.899631996733329,0.525594273306685,0.005247730418477622,0.016502425445448034,0.0,1.0508399542875562,0.5635692549062044,0.44930810992456593,Insurance—Life,Financial Services,PRI
2018Q3,2018,Q3,2018-11-07,2018-09-30,85139000.0,484781000.0,0.0,1.94,484781000.0,1.0,12707529000.0,1443456000.0,0.0,0.0,11264073000.0,0.0,1452841000.0,5229476361.9,6268804361.9,33.21937371505456,0.0,0.09952414824313996,0.8761652589341137,0.0,33.21937371505456,0.05898274696284473,10.787296453243835,15.355701740389245,3.622885880761173,0.12822560753591186,0.0,0.0020875895107848965,0.038149116165699874,0.0,0.0066998863429703764,44.93217708229512,1.0,-0.0051282051282051325,1.4932074377519866,0.9193149860162687,0.52709208524151,0.03626647285786048,-0.018004613610149944,0.0,0.9884221886127912,0.5702816859972585,0.45086881631984776,Insurance—Life,Financial Services,PRI
2018Q2,2018,Q2,2018-08-08,2018-06-30,86700000.0,467815000.0,0.0,1.95,467815000.0,1.0,12496641000.0,1400584000.0,0.0,0.0,11096057000.0,0.0,1409104000.0,4388970811.2,5446237811.2,31.783799072899154,0.0,0.0973499198704676,0.8685998126495804,0.0,31.783799072899154,0.06190274913893062,9.381851396812841,12.655625176470588,3.133671961981573,0.12786620530565168,0.0,0.0025258769030111062,0.037435259602960506,0.0,0.006937864342906226,38.648234543245096,1.0,0.3356164383561644,1.5565699260878587,0.9209692387205591,0.5669404569032992,0.017159394072486046,0.3193334855055923,0.0,1.072082770623134,0.5669182053110056,0.3743667889547539,Insurance—Life,Financial Services,PRI
2018Q1,2018,Q1,2018-05-09,2018-03-31,65715000.0,459923000.0,0.0,1.46,459923000.0,1.0,12492739000.0,1426501000.0,0.0,0.0,11066238000.0,0.0,1416564000.0,4321884000.0,5300377000.0,31.884242288779614,0.0,0.09358059909840429,0.8195423627463283,0.0,31.884242288779614,0.04606726528758129,9.396972971562631,16.441771285094728,3.0297097583527806,0.17161987369702503,0.0,0.0026095101117938383,0.036815225228030456,0.0,0.0052602555772597185,97.51763352061192,1.0,-0.6075268817204301,1.140114456475776,0.8863184306795011,0.37981468193105583,0.038339191901404474,-0.6098657104522625,0.0,0.7815968124888548,0.5679627573242493,0.35424699662844605,Insurance—Life,Financial Services,PRI
2017Q4,2017,Q4,2018-02-26,2017-12-31,168442000.0,442941000.0,0.0,3.72,442941000.0,1.0,12460703000.0,1419101000.0,0.0,0.0,11041602000.0,0.0,1375090000.0,4550397921.15,5380104921.15,31.669693298730202,0.0,0.08905348277701507,0.7819520950235396,0.0,31.669693298730202,0.11869627320395096,10.273146809958888,6.7536569281265955,3.206535631466682,0.05354365300815711,0.0,0.001982024463856267,0.03554703133523045,0.0,0.013517856897801031,25.288699002712043,1.0,1.5479452054794522,4.35946525788752,0.863891566233529,0.42568943030344075,0.036604259302597704,1.5278307195918062,0.0,3.4168814468886817,0.528920691115771,0.35875937244269207,Insurance—Life,Financial Services,PRI
2017Q3,2017,Q3,2017-11-08,2017-09-30,66635000.0,427300000.0,0.0,1.46,427300000.0,1.0,12206839000.0,1280530000.0,0.0,0.0,10926309000.0,0.0,1228546000.0,3695653623.5499997,4579486623.549999,28.25676649850331,0.0,0.086939051133549,0.828759185649692,0.0,28.25676649850331,0.05203704716016025,8.648850043412121,13.865287099684851,2.886034394781848,0.13689502513694005,0.0,0.002468304914148723,0.035004967297430564,0.0,0.005458825171692688,41.92079701842147,1.0,0.07352941176470577,0.9367123264551359,0.8934416993595375,0.26894529497671904,0.03288405012376237,0.055905050152914894,0.0,0.9341204063872427,0.520953468996327,0.19430699312932345,Insurance—Life,Financial Services,PRI
2017Q2,2017,Q2,2017-08-09,2017-06-30,63107000.0,413696000.0,0.0,1.36,413696000.0,1.0,11945298000.0,1269253000.0,0.0,0.0,10676045000.0,0.0,1224375000.0,3483271562.25,4336855562.25,27.602187492925495,0.0,0.08439161584750753,0.7942333010046067,0.0,27.602187492925495,0.049719795816909634,8.41988214111328,13.79906968422679,2.7443477086522545,0.13941401112396407,0.0,0.002525786417386585,0.0346325390961364,0.0,0.005282999218604676,54.20337616124364,1.0,0.2252252252252252,0.8285718457296368,0.8419979315584009,0.3301214526524413,0.02105813942008668,0.21196466295371616,0.0,0.5299029061062416,0.4923149987271567,0.16378073068316426,Insurance—Life,Financial Services,PRI
2017Q1,2017,Q1,2017-05-10,2017-03-31,52070000.0,405164000.0,0.0,1.11,405164000.0,1.0,11669997000.0,1246498000.0,0.0,0.0,10423499000.0,0.0,1182039000.0,3805942200.0,4527626200.0,26.921621563249175,0.0,0.07775888888403314,0.727996354587011,0.0,26.921621563249175,0.04177303132455888,9.393584326346861,18.27320049932783,3.0533079074334655,0.17057806798540426,0.0,0.002333719098519152,0.03471843223267324,0.0,0.004461869184713587,77.02309513690729,1.0,-0.08264462809917344,0.7542021270470322,0.9886762776529848,0.2639428821398625,0.028692718026318797,-0.08446741920737068,0.0,0.37733818568026384,0.4896468547018016,0.18574890524138027,Insurance—Life,Financial Services,PRI
2016Q4,2016,Q4,2017-02-27,2016-12-31,56874000.0,393863000.0,0.0,1.21,393863000.0,1.0,11438943000.0,1221374000.0,0.0,0.0,10217569000.0,0.0,1138851000.0,3211602600.0000005,3875036600.0000005,26.297777969167168,0.0,0.07652892404481777,0.7167419643778237,0.0,26.297777969167168,0.0465655892462096,8.154110947207533,14.11718271969617,2.62949972735624,0.14788831451981574,0.0,0.002618941708416851,0.03443176524264523,0.0,0.00497196288153547,25.688710606302994,1.0,-0.008196721311475417,0.9366288728447559,1.002331702163164,0.20399601367315723,0.02668484409294469,-0.020038940675775798,0.0,0.8131761510393369,0.4274074688973684,0.1853238788301557,Insurance—Life,Financial Services,PRI
2016Q3,2016,Q3,2016-11-09,2016-09-30,58037000.0,383626000.0,0.0,1.22,383626000.0,1.0,11368683000.0,1220893000.0,0.0,0.0,10147790000.0,0.0,1090388000.0,2492834240.0,3123585240.0,25.97202603812117,0.0,0.07266224240749786,0.6766145763797483,0.0,25.97202603812117,0.04753651630404958,6.498084697074755,10.738124989231007,2.041812214502008,0.14663059772214276,0.0,0.0034137849454442667,0.03374410210927686,0.0,0.0051049888540299695,41.37072225172597,1.0,-0.008130081300813016,1.239836786900711,1.1795964523026172,0.21723550849080497,0.011554566453259642,-0.02172740451066986,0.0,0.570996290758606,0.4039415689235524,0.19393206328050466,Insurance—Life,Financial Services,PRI
2016Q2,2016,Q2,2016-08-09,2016-06-30,59326000.0,379244000.0,0.0,1.23,379244000.0,1.0,11204608000.0,1207466000.0,0.0,0.0,9997142000.0,0.0,1040860000.0,2727923828.76,3317800828.76,25.336247702860877,0.0,0.07166408677572655,0.6650025756418815,0.0,25.336247702860877,0.0491326463850742,7.193057316028732,11.495481866129522,2.2592137822182985,0.1373933856993561,0.0,0.0029879866563961585,0.03384714574575032,0.0,0.005294785859532078,41.29088833530107,1.0,0.3369565217391304,1.0771411329957685,1.124890696214537,0.20308368758188716,0.04485869044142362,0.31321940853550556,0.0,0.6175376032566801,0.4399112533017812,0.2490763442305742,Insurance—Life,Financial Services,PRI
2016Q1,2016,Q1,2016-05-05,2016-03-31,45176000.0,362962000.0,0.0,0.92,362962000.0,1.0,11012788000.0,1172758000.0,0.0,0.0,9840030000.0,0.0,989685000.0,2161931500.0,2762936500.0,24.1556745623069,0.0,0.07052909762723118,0.6623037318867149,0.0,24.1556745623069,0.03852116122848874,5.95635769033673,11.96393826367983,1.8434591791315857,0.18361519390826989,0.0,0.003836846819614775,0.03295823001405276,0.0,0.004102140166504613,79.61155913978494,1.0,-0.051546391752577254,0.28882349450707645,0.9659408617329606,0.17762482616040917,0.02495157090978917,-0.05779297974847227,0.0,0.35577308720933837,0.3718220666723995,0.0453550726136866,Insurance—Life,Financial Services,PRI
2015Q4,2015,Q4,2016-02-25,2015-12-31,47947000.0,354126000.0,0.0,0.97,354126000.0,1.0,10612119000.0,1145772000.0,0.0,0.0,9466347000.0,0.0,952804000.0,2317158822.95,2904669822.95,23.3539501151267,0.0,0.0697132212708885,0.6456825616265714,0.0,23.3539501151267,0.041846894495589,6.543317415129078,12.081875940882641,2.022355951227644,0.16459841074519782,0.0,0.003405895151352901,0.033369961267867426,0.0,0.00451813629304383,19.868968316012413,1.0,-0.01020408163265307,0.3428248295847851,0.8774781840946412,0.18558462696010358,-0.004772022123296911,-0.028429584599797365,0.0,0.39336244669866693,0.36101893472929986,0.05133572090213277,Insurance—Life,Financial Services,PRI
2015Q3,2015,Q3,2015-11-05,2015-09-30,49350000.0,355824000.0,0.0,0.98,355824000.0,1.0,10562865000.0,1146681000.0,0.0,0.0,9416184000.0,0.0,912749000.0,2257183571.1,2827194571.1,22.89619388148133,0.0,0.06916418982917986,0.637118780201294,0.0,22.89619388148133,0.043037252732015266,6.343539421455551,11.434567229483283,1.9684494389459666,0.16295845997973657,0.0,0.003562847126377439,0.03368631521845636,0.0,0.004672027901521036,41.251207483826164,1.0,0.04255319148936174,0.798288778307063,1.1281671895698906,0.18487394216627456,0.014127860414345036,0.0035995363309133063,0.0,0.29788987297249353,0.4267315141614148,0.028214516346709212,Insurance—Life,Financial Services,PRI
2015Q2,2015,Q2,2015-08-06,2015-06-30,49173000.0,350867000.0,0.0,0.94,350867000.0,1.0,10781181000.0,1197626000.0,0.0,0.0,9583555000.0,0.0,871440000.0,2366133363.5099998,2914758363.5099998,23.126140218414083,0.0,0.06516521705738916,0.5866255408616713,0.0,23.126140218414083,0.041058727849929776,6.743675989791003,12.029637013757549,1.9756863691252526,0.16993065300063043,0.0,0.0035315000113114656,0.032544393791366644,0.0,0.00456100310346334,151.84068302059936,1.0,0.14634146341463414,2.0996744250216923,1.0775048241600658,0.26098203841084167,0.01659621196097804,0.1329923273657289,0.0,0.2651669386467043,0.38719327816998655,0.1144252689916331,Insurance—Life,Financial Services,PRI
2015Q1,2015,Q1,2015-05-07,2015-03-31,43401000.0,345139000.0,0.0,0.82,345139000.0,1.0,10724214000.0,1239421000.0,0.0,0.0,9484793000.0,0.0,830624000.0,2679528700.0,3111866700.0,23.543889975875235,0.0,0.05711793889976459,0.49421867146030285,0.0,23.543889975875235,0.03501715720485614,7.763621903059347,15.434717518029538,2.161919718965549,0.19623971797884843,0.0,0.003178544047690178,0.03218315113816267,0.0,0.00404700987876594,41.3718205258851,1.0,-0.023809523809523832,-0.5816255351416053,-0.2145545328684511,-0.0199009429460514,-0.0007122486500571825,-0.04539755856153085,0.0,0.2860016682794481,0.48996826962395035,0.10536180307632433,Insurance—Life,Financial Services,PRI
2014Q4,2014,Q4,2015-02-26,2014-12-31,45465000.0,345385000.0,0.0,0.84,345385000.0,1.0,10738114000.0,1245126000.0,0.0,0.0,9492988000.0,0.0,795740000.0,2898623351.48,3300639351.48,23.307801175859726,0.0,0.05536651967002772,0.47748741894394625,0.0,23.307801175859726,0.03651437685824567,8.392441337869334,15.938762517760914,2.3279759249104104,0.1421533047399098,0.0,0.0022296791325785996,0.03216440056419591,0.0,0.004233983733083854,28.035005769055932,1.0,0.11999999999999995,-0.5091764673138567,-0.1875037446670331,-0.6571906909004829,0.018273105985783654,0.09304002884962134,0.0,0.34594540263012064,0.5265531525153297,0.06710535529364942,Insurance—Life,Financial Services,PRI
2014Q3,2014,Q3,2014-11-05,2014-09-30,41595000.0,339187000.0,0.0,0.75,339187000.0,1.0,10742654000.0,1294482000.0,0.0,0.0,9448172000.0,0.0,756738000.0,2638254784.2799997,3037604784.2799997,23.6595504012456,0.0,0.052533480087881446,0.435965119638589,0.0,23.6595504012456,0.03213254413734606,7.778171876516493,15.856802405818005,2.038077612728489,0.15975477821853587,0.0,0.0025187104898261262,0.03157385502688628,0.0,0.003871948216893144,43.614726141180356,1.0,-0.15730337078651688,-0.5395489330996754,-0.15673694133676294,-0.6401630156203205,0.024331833418898923,-0.1557914391832924,0.0,0.37922395774829165,0.6557299448299724,0.10885630643728428,Insurance—Life,Financial Services,PRI
2014Q2,2014,Q2,2014-08-07,2014-06-30,49271000.0,331130000.0,0.0,0.89,331130000.0,1.0,10593549000.0,1302731000.0,0.0,0.0,9290818000.0,0.0,721788000.0,2628235943.85,2852120943.85,23.717687331635418,0.0,0.03535226957462508,0.28747761433480895,0.0,23.717687331635418,0.03782131537516187,7.93717254205297,13.335612956150678,2.017481693342678,0.1352925656065434,0.0,0.002536301969234633,0.03125770221103428,0.0,0.004651038098752364,87.52617369954709,1.0,0.09876543209876537,-0.4907844388401087,-0.17429625379523112,-0.6120905755700837,0.020972595643916035,0.09296805678793256,0.0,0.496795681210657,0.609780312021424,0.12622686162940186,Insurance—Life,Financial Services,PRI
2014Q1,2014,Q1,2014-05-06,2014-03-31,45080000.0,324328000.0,0.0,0.81,324328000.0,1.0,10388124000.0,1253533000.0,0.0,0.0,9134591000.0,0.0,679182000.0,2601000244.43,2817056244.43,22.70431913894013,0.0,0.036050205022581557,0.2987508107086132,0.0,22.70431913894013,0.03596235599701005,8.019659864180705,14.424358054736025,2.074935597571025,0.1494676131322094,0.0,0.0025905418557454264,0.03122103663760656,0.0,0.004339570840702325,71.75371029352533,1.0,0.20895522388059704,-0.45594178446634137,-0.18838553820007542,0.0,-0.008898667644542233,0.2118279569892473,0.0,0.13091905740849213,0.5447410213864091,0.10686910481921082,Insurance—Life,Financial Services,PRI
2013Q4,2013,Q4,2014-02-27,2013-12-31,37200000.0,327240000.0,0.0,0.67,327240000.0,1.0,10329950000.0,1222027000.0,0.0,0.0,9107923000.0,0.0,640840000.0,2363509189.6499996,2588801189.6499996,22.186153876459077,0.0,0.03625196636963393,0.30644249267814866,0.0,22.186153876459077,0.03044122593035997,7.222555890630729,15.88379831754032,1.9340891728660659,0.165,0.0,0.002596985883058464,0.03167875933571798,0.0,0.0036011790957361845,25.691155033859797,1.0,-0.141025641025641,1.2450462933264639,-0.053724274073991676,-0.5953387144960048,0.024363216332714575,-0.13868951146098635,0.0,-0.07201717179740146,0.5453346597949559,0.12630038334559865,Insurance—Life,Financial Services,PRI
2013Q3,2013,Q3,2013-11-07,2013-09-30,43190000.0,319457000.0,0.0,0.78,319457000.0,1.0,10199680000.0,1195505000.0,0.0,0.0,9004175000.0,0.0,609778000.0,2216976433.1600003,2443977433.1600003,21.753353341361144,0.0,0.03671379886427809,0.31323081041066325,0.0,21.753353341361144,0.036126992358877626,6.939827373198898,12.832695260245428,1.8544267344427672,0.14183838851586014,0.0,0.0027632228779573514,0.0313202963230219,0.0,0.004234446570872812,62.45707778791977,1.0,0.054054054054054106,-0.4404347860543704,-0.18599137964384913,0.0,0.022894139420506103,-0.0068981375028742235,0.0,0.4341996795674784,0.7411534776051233,0.12573214842321637,Insurance—Life,Financial Services,PRI
2013Q2,2013,Q2,2013-08-07,2013-06-30,43490000.0,312307000.0,0.0,0.74,312307000.0,1.0,10005425000.0,1146264000.0,0.0,0.0,8859161000.0,0.0,572714000.0,2136107672.9999998,2392477673.0,20.283986499214265,0.0,0.03742539672227817,0.32667605368396807,0.0,20.283986499214265,0.037940648925552926,6.839768794807672,12.279303707748905,1.8635390041037665,0.14681535985283972,0.0,0.0029890815339999955,0.031213766531656577,0.0,0.004346641946743892,-111.86152456011729,1.0,0.1384615384615384,-0.5631314653852499,-0.24306512993546137,-0.6682497151583856,0.012520870819757168,0.11957780924185867,0.0,1.5122653228018508,0.6946029457327442,0.1060100129684,Insurance—Life,Financial Services,PRI
2013Q1,2013,Q1,2013-05-08,2013-03-31,38845000.0,308445000.0,0.0,0.65,308445000.0,1.0,10433316000.0,1307853000.0,0.0,0.0,9125463000.0,0.0,535609000.0,1826993995.5600002,1998926995.5600002,23.107626485143278,0.0,0.035889356749091085,0.286305112271792,0.0,23.107626485143278,0.02970135022819843,5.923240757866071,11.758231404041704,1.3969413959825763,0.1649890590809628,0.0,0.003507948036816371,0.029563467645377556,0.0,0.0037231691247538177,32.81003511888514,1.0,-0.02985074626865674,-0.5426799040635182,-0.24704891693595693,0.0,0.012952338415965794,-0.035410096595565044,0.0,-0.6517127339787758,-0.3471148771378011,-0.038061979050602754,Insurance—Life,Financial Services,PRI
2012Q4,2012,Q4,2013-02-27,2012-12-31,40271000.0,304501000.0,0.0,0.67,304501000.0,1.0,10337877000.0,1275416000.0,0.0,0.0,9062461000.0,0.0,503173000.0,1723054160.0,1985271160.0,22.21359899679532,0.0,0.03621952553701306,0.2935771544343179,0.0,22.21359899679532,0.0315747959881325,5.658615768092716,10.696618906905714,1.3509742389933952,0.13212982046634053,0.0,0.0030881211534290946,0.02945488711076752,0.0,0.0038954806678392477,136.91332220897894,1.0,-0.06944444444444435,1.254485744317829,-0.15529340226934601,-0.5948381330190208,0.01809835232439951,-0.11684466764622031,0.0,-0.5954989442226021,-0.33352220765560686,-0.6732841306115078,Insurance—Life,Financial Services,PRI
2012Q3,2012,Q3,2012-11-08,2012-09-30,45599000.0,299088000.0,0.0,0.72,299088000.0,1.0,10434439000.0,1337411000.0,0.0,0.0,9097028000.0,0.0,468223000.0,1726725000.0,1915323000.0,22.267915417915418,0.0,0.03588319410367917,0.27995956366442326,0.0,22.267915417915418,0.03409497903038034,5.773300834536992,9.466901686440492,1.2910952579274433,0.09456347726923836,0.0,0.0024972129319955406,0.028663543866613243,0.0,0.004370048068707863,18.255994671403197,1.0,0.0,-0.45941663478261346,-0.30264256015692786,0.0,-0.00478163214374844,-0.012581203984408835,0.0,-0.5401651590328094,-0.32262827274579686,-0.6613283263412053,Insurance—Life,Financial Services,PRI
2012Q2,2012,Q2,2012-08-08,2012-06-30,46180000.0,300525000.0,0.0,0.72,300525000.0,1.0,9951077000.0,1276866000.0,0.0,0.0,8674211000.0,0.0,426936000.0,1644720395.67,2136658395.67,20.751629437960734,0.0,0.06029498113621269,0.46990052205948,0.0,20.751629437960734,0.036166676847844643,5.472823877115049,8.90385662445864,1.288091620945346,0.0669337375487224,0.0,0.0018793467924016576,0.03020024867660053,0.0,0.004640703714783837,56.84582987142709,1.0,0.180327868852459,-0.5739569278218972,-0.3310469768421068,-0.6606012838138212,0.048583221970614196,0.10594884567487307,0.0,-0.5739569278218972,-0.3310469768421068,-0.6606012838138212,Insurance—Life,Financial Services,PRI
2012Q1,2012,Q1,2012-05-08,2012-03-31,41756000.0,286601000.0,0.0,0.61,286601000.0,1.0,10073916000.0,1387315000.0,0.0,0.0,8686601000.0,0.0,383847000.0,1642003812.3500001,2086467812.3500001,21.299713732056244,0.0,0.05955975809208653,0.43249009777880293,0.0,21.299713732056244,0.03009842753808616,5.729232669634789,9.830945327318231,1.183583982260698,0.0482086406743941,0.0,0.0012259411244112998,0.028449810381583486,0.0,0.004144962098155276,-101.83600920057059,1.0,-0.035300440694427615,-0.5728245086847508,-0.39204839729992413,0.0,0.03895524822823585,0.013864270972441422,0.0,-0.5728245086847508,-0.39204839729992413,0.0,Insurance—Life,Financial Services,PRI
2011Q4,2011,Q4,2012-02-28,2011-12-31,41185000.0,275855000.0,0.0,0.6323212176432436,275855000.0,1.0,9998544000.0,1422641000.0,0.0,0.0,8575903000.0,0.0,566021000.0,1513691733.3999999,1677613733.3999999,21.842080597042653,0.0,0.030004368636073413,0.2108754070774004,0.0,21.842080597042653,0.02894967880160912,5.487273144949339,9.18836793371373,1.0640012015680695,0.04882845696248634,0.0,0.0013285399897659243,0.027589517033680105,0.0,0.004119099740922279,19.358404632128195,1.0,0.19305890121366703,1.2294255245236918,-0.325425933493512,-0.6016143914939888,0.00023205978440195656,0.014383882170389892,0.0,1.2294255245236918,-0.325425933493512,-0.6016143914939888,Insurance—Life,Financial Services,PRI
2011Q3,2011,Q3,2011-11-08,2011-09-30,40601000.0,275791000.0,0.0,0.53,275791000.0,1.0,10007507000.0,1571633000.0,0.0,0.0,8435874000.0,0.0,526847000.0,1588066480.0,1734039480.0,21.33689483830677,0.0,0.0299774958938325,0.1908842586023582,0.0,21.33689483830677,0.02583363927838115,5.758224452574595,9.778493633161744,1.010456308820189,0.056008472697716805,0.0,0.0014319299781454995,0.02755841190018653,0.0,0.004057054369284978,91.75332100762652,1.0,-0.08620689655172403,-0.6075272623937406,-0.47567333467955175,0.0,0.0025300350787909633,-0.07773209458692047,0.0,-0.6075272623937406,-0.47567333467955175,0.0,Insurance—Life,Financial Services,PRI
2011Q2,2011,Q2,2011-08-09,2011-06-30,44023000.0,275095000.0,0.0,0.58,275095000.0,1.0,10170366000.0,1546962000.0,0.0,0.0,8623404000.0,0.0,488520000.0,1613850290.0,1799799290.0,21.059422519297005,0.0,0.02949746351311251,0.19392848693115927,0.0,21.059422519297005,0.02845771260056808,5.866519893127829,9.164813222633622,1.0432384829103751,0.05156395520523363,0.0,0.0014065740881082595,0.027048682417132285,0.0,0.004328556120792506,-113.82778177458033,1.0,-0.14705882352941188,-0.6597962116325582,-0.4870705399745379,-0.6555672416934747,-0.004548546780917091,-0.16093925705681666,0.0,-0.6597962116325582,-0.4870705399745379,-0.6555672416934747,Insurance—Life,Financial Services,PRI
2011Q1,2011,Q1,2011-05-12,2011-03-31,52467000.0,276352000.0,0.0,0.68,276352000.0,1.0,10174625000.0,1490642000.0,0.0,0.0,8683983000.0,0.0,446767000.0,1853837210.0,2038560210.0,20.512198813832203,0.0,0.029485116159072202,0.2012555663935405,0.0,20.512198813832203,0.0351975860065663,6.7082460412806855,8.833348628661826,1.2436501923332364,0.014428116720986525,0.0,0.00040834221900206655,0.02716090273597307,0.0,0.005156651965060138,695.3627944486121,1.0,-0.06566053432660854,-0.5189238239734227,-0.4745951259380045,0.0,-0.010863068074033509,-0.007978974834086484,0.0,-0.5189238239734227,-0.4745951259380045,0.0,Insurance—Life,Financial Services,PRI
2010Q4,2010,Q4,2011-03-17,2010-12-31,52889000.0,279387000.0,0.0,0.7277868750946045,279387000.0,1.0,9884306000.0,1431492000.0,0.0,0.0,8452814000.0,0.0,395057000.0,1762271750.0,1936233750.0,19.69825652598698,0.0,0.030351144531543237,0.20957155191925628,0.0,19.69825652598698,0.03694676603152515,6.3076368979229525,8.33004854506608,1.2310734185032122,24.34606439902437,0.0,0.7306699434976474,0.0282657173907809,0.0,0.005350805610429301,45.16097970375686,1.0,0.3995901444127009,1.2640633919930304,-0.38765644067572663,-0.64071637416834,0.15814803760632742,0.33574946331607525,0.0,1.2640633919930304,-0.38765644067572663,-0.64071637416834,Insurance—Life,Financial Services,PRI
2010Q3,2010,Q3,2010-11-12,2010-09-30,39595000.0,241236000.0,0.0,0.52,241236000.0,1.0,9454696000.0,1396314000.0,0.0,0.0,8058382000.0,0.0,342920000.0,1469748060.0,1694989060.0,19.32373821946055,0.0,0.03173026398733497,0.21485138729540776,0.0,19.32373821946055,0.028356802266538902,6.092573496493061,9.279884202550827,1.0525913655524475,0.0,0.0,0.0,0.025514939877495795,0.0,0.0041878660085950935,-36.46293688597797,1.0,0.7931034482758622,-0.6098414872646035,-0.532488875434587,0.0,0.02960746738142288,0.7991185023627771,0.0,-0.6098414872646035,-0.532488875434587,0.0,Insurance—Life,Financial Services,PRI
2010Q2,2010,Q2,2010-08-16,2010-06-30,22008000.0,234299000.0,0.0,0.29,234299000.0,1.0,9117247000.0,1317596000.0,0.0,0.0,7799651000.0,0.0,304075000.0,1540326526.72,1629820526.72,18.33978559088669,0.0,0.03290466957843744,0.22768739431510113,0.0,18.33978559088669,0.01670314724695582,6.574191638547326,17.497347858960378,1.1690431108776893,0.0,0.0,0.0,0.02569843725852771,0.0,0.0024138865602741704,-19.281557803870516,1.0,-0.8482056865290398,-0.8261057338770555,-0.5533261216318487,-0.7000476659779635,-0.6139680562557872,-0.846405091914074,0.0,-0.8261057338770555,-0.5533261216318487,-0.7000476659779635,Insurance—Life,Financial Services,PRI
2010Q1,2010,Q1,2010-05-17,2010-03-31,143286000.0,606942000.0,0.0,1.91048,606942000.0,1.0,9973491000.0,1746699000.0,0.0,0.0,8226792000.0,0.0,300531000.0,1428803081.25,499650081.25,24.021949420750524,0.0,0.0,0.0,0.0,24.021949420750524,0.08203245092600385,2.3541015142303547,2.492921641419957,0.8180018888486223,4.276237734321566,0.0,0.4288379609763667,0.060855521903012695,0.0,0.014366684644323637,12.715730710185555,1.0,0.10179976213703884,0.3130543104857964,0.1532673309558082,0.0,0.04898012796360884,0.13645989482951437,0.0,0.3130543104857964,0.1532673309558082,0.0,Insurance—Life,Financial Services,PRI
2009Q4,2009,Q4,2009-12-31,2009-12-31,126081000.0,578602000.0,0.0,1.7339629809816384,578602000.0,1.0,13227781000.0,4943773000.0,0.0,0.0,8284008000.0,0.0,3648801000.0,1428803081.25,803543081.25,67.99057247623779,0.0,0.0,0.0,0.0,67.99057247623779,0.025502991338801358,2.469405707636683,2.833105466426345,0.28901065668872744,0.09499448767062443,0.0,0.008382540713393357,0.043741425716074374,0.0,0.009531530647506184,7.174579113272541,1.0,0.05019925199362736,1.6291349322407593,0.26741897094474165,0.24010464425653064,0.04937828269638141,0.018169925139908425,0.0,1.6291349322407593,0.26741897094474165,0.24010464425653064,Insurance—Life,Financial Services,PRI
2009Q3,2009,Q3,2009-09-30,2009-09-30,123831000.0,551376000.0,0.0,1.65108,551376000.0,1.0,12971585000.0,4931306000.0,0.0,0.0,8040279000.0,0.0,3683697000.0,1473750000.0,893634000.0,65.75074666666667,0.0,0.0,0.0,0.0,65.75074666666667,0.025111197723280607,2.6728584486811178,2.975325241660004,0.29885592173756803,0.04280026810733984,0.0,0.00359626802374894,0.04250644774713345,0.0,0.009546327607613102,7.64738237690244,1.0,-0.06273841961852858,0.17560331896633574,0.029504792988457252,0.0,0.006919448416416021,-0.0627384196185286,0.0,0.17560331896633574,0.029504792988457252,0.0,Insurance—Life,Financial Services,PRI
2009Q2,2009,Q2,2009-06-30,2009-06-30,132120000.0,547587000.0,0.0,1.7616,547587000.0,1.0,12128134000.0,4585675000.0,0.0,0.0,7542459000.0,0.0,3565166000.0,1473750000.0,1025335000.0,61.14233333333333,0.0,0.0,0.0,0.0,61.14233333333333,0.028811461780435813,2.6913531548411487,2.7886580381471386,0.32138125793912564,0.1070996064184075,0.0,0.009601357082273113,0.045150144284355695,0.0,0.010893679110075796,11.404968271165455,1.0,0.17380527199552223,0.0,0.0,0.0,0.008752182979758159,0.17380527199552226,0.0,0.0,0.0,0.0,Insurance—Life,Financial Services,PRI
2009Q1,2009,Q1,2009-03-31,2009-03-31,112557000.0,542836000.0,0.0,1.50076,542836000.0,1.0,,,,,,,,1473750000.0,,,0.0,0.0,0.0,0.0,,0.0,2.7149083701154675,3.2733415069698015,0.0,0.1199392307897332,0.0,0.00916030534351145,0.0,0.0,0.0,6.915540080804479,1.0,1.544521740813128,0.0,0.0,0.0,0.15280930850894386,1.5445217408131278,0.0,0.0,0.0,0.0,Insurance—Life,Financial Services,PRI
2008Q4,2008,Q4,2008-12-31,2008-12-31,-206708000.0,470881000.0,0.0,-2.7561066666666667,470881000.0,1.0,11161133000.0,4111986000.0,0.0,0.0,7049147000.0,0.0,3340841000.0,1473750000.0,1171396000.0,54.82648,0.0,0.0,0.0,0.0,54.82648,-0.050269626404370056,3.1297716408179563,-1.7824056156510633,0.35840345759932063,-0.8137082260967161,0.0,0.11413061916878711,0.0421893547904142,0.0,-0.018520341976034152,9.53106204648636,1.0,-2.962405301232271,0.0,0.0,0.0,-0.12079189803836632,-2.9624053012322706,0.0,0.0,0.0,0.0,Insurance—Life,Financial Services,PRI
2008Q3,2008,Q3,2008-09-30,2008-09-30,105334000.0,535574000.0,0.0,1.4044533333333333,535574000.0,1.0,,,,,,,,1473750000.0,,,0.0,0.0,0.0,0.0,,0.0,2.751720583896903,3.4978022290998156,0.0,0.4737311789165891,0.0,0.03385920271416455,0.0,0.0,0.0,10.832892299550146,1.0,0.0,0.0,0.0,0.0,0.0,0.0,0.0,0.0,0.0,0.0,Insurance—Life,Financial Services,PRI
