Quarters,Year,Quarter,FillingDate,Date,NetIncome,Revenue,OperatingIncome,EPSDiluted,GrossProfit,GrossProfitRatio,TotalAssets,CommonStockEquity,CurrentAssets,CurrentLiability,TotalLiability,Inventory,RetainedEarnings,MarketCap,EnterpriseValue,bookValuePerShare,currentRatio,debtToAssets,debtToEquity,roic,shareholdersEquityPerShare,roe,priceToSalesRatio,peRatio,pbRatio,payoutRatio,inventoryTurnover,dividendYield,assetTurnover,quickRatio,returnOnAssets,priceToFreeCashFlowsRatio,grossProfitMargin,epsdilutedGrowth,fiveYNetIncomeGrowthPerShare,fiveYRevenueGrowthPerShare,fiveYShareholdersEquityGrowthPerShare,grossProfitGrowth,netIncomeGrowth,operatingIncomeGrowth,threeYNetIncomeGrowthPerShare,threeYRevenueGrowthPerShare,threeYShareholdersEquityGrowthPerShare,Industry,Sector,Symbol
2023Q1,2023,Q1,2023-05-05,2023-03-31,18847000.0,1106094000.0,21159000.0,0.75,167264000.0,0.1512204207,2431593000.0,1205859000.0,917030000.0,688043000.0,1225734000.0,41061000.0,1157061000.0,2244709713.96,2490561713.96,49.64806277039434,1.3328091412891345,0.1847229367743697,0.37249048188884437,0.00913666590433747,49.64806277039434,0.01562952219123463,2.029402305735317,29.775424655913408,1.8615026416521334,0.15466652517642066,22.864275102895693,0.0012986088944469834,0.4548845139791075,1.255854648619345,0.007750885941849643,-127.35941639489361,0.15122042068757266,-0.49324324324324326,0.9990194510192086,0.6682679325516393,0.9131008409361216,0.4983517271033395,-0.49521921954093795,-0.5870125307413046,9.358733153441491,0.6485488538087777,0.6603965604328427,Trucking,Industrials,ARCB
2022Q4,2022,Q4,2023-02-24,2022-12-31,37337000.0,1244218000.0,51234000.0,1.48,111632000.0,0.0897206117,2494286000.0,1151401000.0,989783000.0,768470000.0,1342885000.0,40240000.0,1088693000.0,1710399563.0000002,1990703563.0000002,47.14929060116931,1.2879917238148528,0.17587237389778076,0.3809932421458727,0.02050613748002601,47.14929060116931,0.03242745142656642,1.374678362634201,11.452443708653615,1.485494248311405,0.07868870021694298,28.145775347912526,0.0017177272863931384,0.4988273197219565,1.2201582364958945,0.014969013176516246,38.131748144019625,0.0897206116613005,-0.5771428571428572,0.07192301902910155,0.8379035550311529,0.8555082935600835,-0.28365258125581544,-0.5797370612998357,-0.5574157099541296,8.023438545909286,0.8102947954644459,0.5750802341349204,Trucking,Industrials,ARCB
2022Q3,2022,Q3,2022-11-04,2022-09-30,88842000.0,1351831000.0,115761000.0,3.5,155835000.0,0.1152769836,2440114000.0,1126292000.0,998028000.0,757372000.0,1313822000.0,32280000.0,1054294000.0,1789538232.44,2058146232.44,45.77449963072888,1.3177513824118134,0.17381933794896468,0.376579963277729,0.05196989742085296,45.77449963072888,0.07888007728013695,1.3237884265414834,5.035732627698611,1.5888759153398941,0.03337385470835866,37.05068153655514,0.0016568520002823751,0.5540032146039079,1.262078608662586,0.03640895466359358,13.348885434323694,0.11527698358744547,-0.125,5.268062651645548,0.8950055940024212,0.9152032292874325,-0.1242272676182983,-0.13291886669074088,-0.15715783495697,4.665260248299765,0.7808452737362862,0.5302394138390437,Trucking,Industrials,ARCB
2022Q2,2022,Q2,2022-08-05,2022-06-30,102461000.0,1392929000.0,137346000.0,4.0,177940000.0,0.1277452045,2293706000.0,1063212000.0,935557000.0,748169000.0,1230494000.0,32353000.0,968417000.0,1731620063.94,1958754063.94,43.20706949408068,1.250462128209001,0.15441909294390824,0.33313393754020837,0.06841306092670413,43.20706949408068,0.09636930358197612,1.2431502710762716,4.225071158635969,1.628668660568165,0.02878168278662125,37.554137174296045,0.0017030294701541307,0.6072831478838178,1.1928508131184266,0.044670502671222904,10.71321667433832,0.12774520452944838,0.49253731343283574,5.800585352967998,1.0248212913981454,0.8491740905626273,-0.125498830328884,0.4727967916744527,0.44684392381594473,3.365106476864482,0.8749831618323615,0.48571949081369253,Trucking,Industrials,ARCB
2022Q1,2022,Q1,2022-05-06,2022-03-31,69569000.0,1335074000.0,94928000.0,2.68,203476000.0,0.1524080313,2209699000.0,983172000.0,860579000.0,740111000.0,1226527000.0,42688000.0,868905000.0,1989210142.5,2314370142.5,39.78732277150552,1.1627701790677345,0.17616335980601883,0.3959307221930649,0.0476196971307899,39.78732277150552,0.07075974498866933,1.489962460882318,7.148335258879674,2.0232575200473573,0.02843220399890756,26.50857383808096,0.000994364525768046,0.604188172235223,1.0923375007262424,0.031483473540966436,-56.45711933076006,0.15240803131511813,0.08502024291497974,10.762461283972247,1.131334209086023,0.7271555666304943,-0.4287013847553374,0.06231676032250183,0.07470932536313102,13.727789066538659,0.9407810899020576,0.40958961836959407,Trucking,Industrials,ARCB
2021Q4,2021,Q4,2022-02-25,2021-12-31,65488000.0,1185224000.0,88329000.0,2.47,356164000.0,0.3005035335,2112676000.0,929067000.0,776053000.0,702694000.0,1183609000.0,-9654000.0,801314000.0,3021618170.1,3282105170.1,36.85067857078545,1.1043967929141276,0.1595639842550396,0.36284466028822465,0.0487071489316829,36.85067857078545,0.07048791960106214,2.549406837947932,11.53500706274432,3.252314601745622,0.03044832641094552,-85.87735653615081,0.0006599113083616416,0.5610060416268278,1.038931597537477,0.030997654159937445,46.83662724524909,0.30050353350927755,0.0378151260504203,41.0938541833464,0.7534325982356411,0.5794542073570105,1.8636992249059274,0.028214347396021414,0.008771028197485181,3.364697950313057,0.5608402956896629,0.3199895482908903,Trucking,Industrials,ARCB
2021Q3,2021,Q3,2021-11-05,2021-09-30,63691000.0,1016657000.0,87561000.0,2.38,124372000.0,0.1223342779324787,1962428000.0,961043000.0,953126000.0,615676000.0,1001385000.0,0.0,737820000.0,2095994464.85,2042226464.85,37.49269734623269,1.5480967262001442,0.18061248616509754,0.36880659866415966,0.04541221392627669,37.49269734623269,0.06627278904273794,2.0616535024595315,8.227200329913174,2.1809580475067194,0.03218665117520529,0.0,0.000978056017980328,0.518060790000958,1.4887489523710522,0.03245520345205022,30.15819373884892,0.1223342779324787,0.04845814977973563,3.939641652788136,0.4291398670254825,0.6205627250774677,0.22214906893332678,0.044440071497679604,0.17849499993270435,0.5659155626034305,0.2336905434300027,0.36644621401931193,Trucking,Industrials,ARCB
2021Q2,2021,Q2,2021-08-06,2021-06-30,60981000.0,948973000.0,74299000.0,2.27,101765000.0,0.10723698145258084,1841473000.0,898134000.0,843531000.0,560260000.0,943339000.0,0.0,676179000.0,1488869881.07,1478730881.07,35.10207179585149,1.505606325634527,0.19141198377603147,0.39245814099009724,0.04517378327059474,35.10207179585149,0.06789744069370494,1.568927547011348,6.103826934086027,1.6577369090469793,0.03374821665764746,0.0,0.0013822564524718479,0.5153336486606103,1.4319048299004034,0.033115337558574036,14.345437107441201,0.10723698145258084,1.6091954022988504,5.008093590004194,0.41372443447444324,0.5542187713469777,0.046222331883745076,1.6103762681392064,1.3080674722748595,48.6197355205574,0.2000850065937964,0.3478853745582991,Trucking,Industrials,ARCB
2021Q1,2021,Q1,2021-05-07,2021-03-31,23361000.0,829213000.0,32191000.0,0.87,97269000.0,0.11730279192439096,1768015000.0,851909000.0,768719000.0,500742000.0,916106000.0,0.0,617256000.0,1791262790.7700002,1872662790.7700002,33.467359808345115,1.5351598228229308,0.21659431622469266,0.44951045240747545,0.017757781548276147,33.467359808345115,0.027421942954000956,2.1601962231296423,19.169371931531188,2.102645694281901,0.08719660973417234,0.0,0.0011371865761384827,0.46900789868864234,1.4447959228504899,0.013213123191828123,247.37781946830552,0.11730279192439096,-0.02247191011235957,4.883067696758002,0.35357809690811615,0.49711587322136724,0.47325931872226346,-0.023124529564271974,0.06409493587200846,1.364224355929043,0.19333488260498047,0.2896058903518071,Trucking,Industrials,ARCB
2020Q4,2020,Q4,2021-02-26,2020-12-31,23914000.0,816414000.0,30252000.0,0.89,66023000.0,0.0808695098320215,1779008000.0,828593000.0,758168000.0,506547000.0,950415000.0,0.0,595932000.0,1084989248.8300002,1184580248.8300002,32.58655636277159,1.496737716342215,0.22683709123286686,0.4870243895374448,0.017726005500625468,32.58655636277159,0.028860972757433385,1.3289694307422462,11.342615714957766,1.3094356925897273,0.08509659613615456,0.0,0.0018755946219692458,0.4589153056085189,1.4134364629540792,0.013442322912544519,40.262329257458816,0.0808695098320215,-0.19819819819819826,3.890326523634177,0.2848656437336155,0.435617177530719,-0.09747929026437378,-0.18670929125289076,-0.23955557789955256,-0.34063627605202673,0.15820471579853793,0.2824079603052661,Trucking,Industrials,ARCB
2020Q3,2020,Q3,2020-11-06,2020-09-30,29404000.0,794980000.0,39782000.0,1.11,73154000.0,0.0920199250295605,1746231000.0,802639000.0,730240000.0,497516000.0,943592000.0,0.0,574053000.0,791101119.64,932360119.64,31.512997164439206,1.4677718907532622,0.23416375038583098,0.5094494536148879,0.022474067851831675,31.512997164439206,0.0366341530875026,0.9951207824599361,6.726135216637193,0.9856250688541174,0.0693783158753911,0.0,0.0025786842533206456,0.4552547744256058,1.397830421534182,0.0168385511424319,12.720917198218334,0.0920199250295605,0.8196721311475412,0.5676379983662417,0.14439542730831326,0.3967951051405072,0.4540069963428208,0.8516372795969773,0.9477111383108935,1.0040948037429938,0.07656719947362293,0.31850253789215777,Trucking,Industrials,ARCB
2020Q2,2020,Q2,2020-08-06,2020-06-30,15880000.0,627370000.0,20425000.0,0.61,50312000.0,0.080195100180117,1870760000.0,775091000.0,902043000.0,439652000.0,1095669000.0,0.0,546689000.0,675038949.09,886666949.09,30.43922493316822,2.0517204516299254,0.33030319228548827,0.7972199393361553,0.010583933475140615,30.43922493316822,0.020487916902660462,1.075982194064109,10.627187485673804,0.8709157364619122,0.12903022670025188,0.0,0.0030353804069560672,0.3353556843208108,1.974725464685706,0.008488528726293057,14.57526771796865,0.080195100180117,7.714285714285714,-0.18724968663380864,-0.07899450609430701,0.3675417916115253,0.3021040917208002,7.3491062039957935,1.612226627445965,0.01855423224769248,-0.11869259312287066,0.3027364906322543,Trucking,Industrials,ARCB
2020Q1,2020,Q1,2020-05-11,2020-03-31,1902000.0,701399000.0,7819000.0,0.07,38639000.0,0.0550884731800302,1834356000.0,759206000.0,869531000.0,422853000.0,1075150000.0,0.0,532858000.0,444839405.03999996,703854405.04,29.901328365466963,2.0563434574190085,0.33318505241076435,0.8050252500638825,0.004307363937368875,29.901328365466963,0.0025052489047768327,0.63421733569623,58.46995334384858,0.5859271463081166,1.0688748685594112,0.0,0.004570188650030211,0.38236798091537305,1.965848651895576,0.0010368761570818314,34.089922985669396,0.0550884731800302,1.3181818181818183,1.6194500590339254,0.17345126116153287,0.3961594560962875,-0.1377917615031017,1.342764462065237,1.6963220233324428,1.2597584664003414,0.089750294142486,0.29800755966040043,Trucking,Industrials,ARCB
2019Q4,2019,Q4,2020-02-28,2019-12-31,-5549000.0,717418000.0,-11229000.0,-0.22,44814000.0,0.06246567551971096,1651207000.0,763043000.0,664402000.0,444277000.0,888164000.0,0.0,533187000.0,703534846.8000001,897686846.8000001,29.934532590376303,1.4954679175379324,0.23986150737006323,0.5190546273276866,-0.004206419624805561,29.934532590376303,-0.007272198290266735,0.9806484459547992,-31.69646994052983,0.9220120580360478,-0.36799423319517033,0.0,0.002902485938383799,0.4344809584746189,1.395167879498601,-0.0033605719936991548,85.87023639692421,0.06246567551971096,-1.3548387096774193,-1.3902560068041478,0.10374472180608753,0.39153928977919544,-0.30160362803310115,-1.341057160417947,-1.3598115867726224,-4.527741089267504,0.0497500932496921,0.28302178626958335,Trucking,Industrials,ARCB
2019Q3,2019,Q3,2019-11-08,2019-09-30,16270000.0,787563000.0,31208000.0,0.62,64167000.0,0.08147538673096628,1670632000.0,763626000.0,657988000.0,465725000.0,907006000.0,0.0,540778000.0,777327051.9,963183051.9,29.913292793766463,1.4128251650652208,0.22128990705313917,0.48412966556927084,0.0180582112771507,29.913292793766463,0.021306241537087527,0.9870030104258326,11.944177195759066,1.0179420971784616,0.12556853103872156,0.0,0.002628237361618059,0.47141620656134925,1.3294368994578345,0.009738829377145895,29.09920457829521,0.08147538673096628,-0.3260869565217392,-0.15354856024448393,0.13006851215591847,0.4142744848521738,-0.030519588438817292,-0.3325402034788316,-0.1134090909090909,0.26702323168090586,0.11164273096436414,0.29295491434620186,Trucking,Industrials,ARCB
2019Q2,2019,Q2,2019-08-08,2019-06-30,24376000.0,771490000.0,35200000.0,0.92,66187000.0,0.08579113144694034,1633927000.0,743159000.0,651450000.0,471474000.0,890768000.0,0.0,526551000.0,710664693.66,883452693.66,29.08157950490184,1.3817304877893586,0.21697358572322997,0.47704327068635377,0.021852474973298005,29.08157950490184,0.03280051778959819,0.9211586587771714,7.288569634681654,0.956275431852403,0.08409911388250739,0.0,0.0028846233931254955,0.47216919727747936,1.2995096230120855,0.014918659156743232,13.016552075388757,0.08579113144694034,4.111111111111112,0.44154068609218033,0.19199134789208905,0.4203044839912491,0.6036391830009934,3.9869067103109654,3.0973111395646606,1.4046353360955137,0.1507628828941966,0.2876486900775986,Trucking,Industrials,ARCB
2019Q1,2019,Q1,2019-05-09,2019-03-31,4888000.0,711839000.0,8591000.0,0.18,41273000.0,0.05798080745786618,1559657000.0,721755000.0,606542000.0,431835000.0,837902000.0,0.0,504225000.0,838965316.1500001,1049146316.1500001,28.226174663180085,1.4045688746859333,0.2234978588240876,0.4829616698187058,0.0055725555482581506,28.226174663180085,0.006772381209690269,1.1785885799316982,42.909437200797875,1.1623962648682726,0.4198036006546645,0.0,0.002445869883413773,0.45640740239680905,1.3116167054546297,0.0031340224164672103,-38.895007702828,0.05798080745786618,-0.6842105263157895,1.9525500749527092,0.24652507373835908,0.42048026237907915,-0.41817387259117245,-0.6805019935943526,-0.7688229912275981,1.80881408725345,0.1567325891037471,0.26265873288363345,Trucking,Industrials,ARCB
2018Q4,2018,Q4,2019-02-28,2018-12-31,15299000.0,774279000.0,37162000.0,0.57,70937000.0,0.0916168461239424,1539231000.0,717682000.0,649226000.0,451318000.0,821549000.0,0.0,501389000.0,880733297.0999999,982222297.0999999,27.917401784354542,1.4385112049596958,0.1894939745886095,0.4064125894198266,0.02725064886674928,27.917401784354542,0.02131724078352251,1.1374882918172906,14.392007600169945,1.2271915654844345,0.13517223347931237,0.0,0.002348043393850699,0.5030297596657032,1.3586628496979956,0.009939378819683336,11.847526831138433,0.0916168461239424,-0.625,0.48323108277746,0.34237801257020645,0.38312716024725635,-0.1897914429951801,-0.6248038061604866,-0.33704397466773706,2.0945279687444267,0.20528704483561167,0.22991521741259888,Trucking,Industrials,ARCB
2018Q3,2018,Q3,2018-11-08,2018-09-30,40776000.0,826158000.0,56055000.0,1.52,87554000.0,0.10597730700422922,1517682000.0,705091000.0,631574000.0,454894000.0,812591000.0,0.0,488158000.0,1268686019.33,1381776019.33,27.438106938691995,1.3883981762784297,0.19142745318189186,0.4120404316605942,0.042521179464448486,27.438106938691995,0.0578308331832345,1.5356457473388867,7.778386914667942,1.7993223843872634,0.05051991367471061,0.0,0.0016237272016979406,0.5443551415909261,1.3069396386850562,0.026867288404290226,33.28574102925357,0.10597730700422922,29.4,1.9207811180209073,0.32724241239641716,0.4132346808692662,0.21897363071868126,32.070559610705594,16.761406844106464,1.1546836160476575,0.17875227663195245,0.21617798733327148,Trucking,Industrials,ARCB
2018Q2,2018,Q2,2018-08-08,2018-06-30,1233000.0,793350000.0,3156000.0,0.05,71826000.0,0.09053507279258839,1432296000.0,668515000.0,590066000.0,449987000.0,763781000.0,0.0,449442000.0,1173133852.5,1263458852.5,26.042327083899405,1.31129565965239,0.1742879963359529,0.3734127132525074,0.005774199591892744,26.042327083899405,0.0018443864385989843,1.4787090848931745,237.86168947688563,1.7548354973336426,1.6690997566909975,0.0,0.001754275520746683,0.5539008696526416,1.2355468046854687,0.0008608555773387624,17.675664494500527,0.09053507279258839,-0.8648648648648649,-0.7469961322628322,0.376483214317542,0.3907012279559054,0.6957691944470678,-0.8761301989150091,-0.7519842829076621,-0.9374024319145554,0.1552900594016978,0.17000254494792472,Trucking,Industrials,ARCB
2018Q1,2018,Q1,2018-05-10,2018-03-31,9954000.0,700001000.0,12725000.0,0.37,42356000.0,0.060508484987878586,1358083000.0,665474000.0,532136000.0,398636000.0,692609000.0,0.0,450267000.0,821854015.55,949684015.55,25.951618287983433,1.3348919816574518,0.18591058131204058,0.37940174973026747,0.015347073212591822,25.951618287983433,0.014957759431623174,1.1740754878207316,20.64130037045409,1.234990421188506,0.20675105485232068,0.0,0.0025040943538162897,0.5154331509929806,1.2240464985600898,0.0073294489364788456,36.634305765801905,0.060508484987878586,-0.7299270072992701,1.7429815937252062,0.3441417230283095,0.48652063717754557,-0.14742351046698873,-0.7277947932618682,-0.23711031175059952,12.573746947016707,0.1595809604932448,0.2117387171204887,Trucking,Industrials,ARCB
2017Q4,2017,Q4,2018-02-28,2017-12-31,36568000.0,710721000.0,16680000.0,1.37,49680000.0,0.069900847167876,1365641000.0,651462000.0,522349000.0,402590000.0,714179000.0,0.0,438379000.0,916543056.0,1064690056.0,25.41044454762636,1.2974713728607268,0.1969177843957526,0.41279307158360734,0.04136824512509428,25.41044454762636,0.05613220725076827,1.289596136880717,6.266018486108073,1.4069017931974543,0.05625136731568584,0.0,0.002244302639722361,0.5204303327155526,1.1816935343649868,0.02677716910959762,31.011438199966165,0.069900847167876,1.4464285714285714,5.610445178723493,0.32297049804406647,0.4188530588050979,-0.1269046238203195,1.4728157965918312,-0.3149616000657111,1.5570297794738146,0.08716440530147658,0.1812321389025273,Trucking,Industrials,ARCB
2017Q3,2017,Q3,2017-11-08,2017-09-30,14788000.0,744280000.0,24349000.0,0.56,56901000.0,0.07645106680281614,1344432000.0,613565000.0,519027000.0,413301000.0,730867000.0,0.0,403868000.0,858712845.7500001,1012696845.7500001,23.900596516725628,1.2558087205208794,0.195635033977174,0.4286717788661348,0.017067013218368756,23.900596516725628,0.024101765909072388,1.153749725573709,14.517055141837979,1.3995466588706984,0.13950500405734378,0.0,0.0024024329089873753,0.5536018184631131,1.1695205189438207,0.010999440655979626,31.97113986931755,0.07645106680281614,-0.06666666666666654,1.263648752374433,0.28577128252463907,0.30067587775156535,-0.05611770950832725,-0.06268618875578373,-0.015565618177407616,-0.23495217577250832,0.06199009398200916,0.12999943066768263,Trucking,Industrials,ARCB
2017Q2,2017,Q2,2017-08-08,2017-06-30,15777000.0,720368000.0,24734000.0,0.6,60284000.0,0.08368500544166314,1312261000.0,602080000.0,501684000.0,405013000.0,710181000.0,0.0,391143000.0,530816494.6,685565494.6,23.365603982118607,1.2386861656292514,0.19608751612674613,0.42738174328992823,0.018813826738569284,23.365603982118607,0.026204158915758703,0.7368685097061503,8.411239376941117,0.8816378132474091,0.13171071813399252,0.0,0.0039147238662315675,0.5489517710272576,1.1323710596943801,0.012022760716046578,16.16765639010721,0.08368500544166314,3.068965517241379,0.3208560702038742,0.3987546343407491,0.2908828256970102,2.2884573423521712,3.130012150668287,3.018607687913164,-0.07471515186874289,0.10378319106091488,0.14114407373826235,Trucking,Industrials,ARCB
2017Q1,2017,Q1,2017-05-09,2017-03-31,-7407000.0,651088000.0,-12253000.0,-0.29,18332000.0,0.028155948197478683,1244483000.0,591676000.0,464063000.0,381574000.0,652807000.0,0.0,377444000.0,667796350.0,812613350.0,23.03632836567615,1.2161808718623386,0.18246131124330345,0.3837742277868293,-0.008764922257145704,23.03632836567615,-0.012518675761734464,1.0256621992726023,-22.539366477656273,1.1286520832347433,-0.27892534089374915,0.0,0.003093757550486761,0.5231795050635485,1.0924617505385588,-0.005951869169767686,-51.5593228844966,0.028155948197478683,-5.833333333333333,0.5958045338520068,0.46367570258525165,0.30471693473476286,-0.5110553970074414,-5.676136363636363,-11.118084227910817,-0.437030700674989,0.13507880692142182,0.15930161106144045,Trucking,Industrials,ARCB
2016Q4,2016,Q4,2017-02-28,2016-12-31,1584000.0,688214000.0,1211000.0,0.06,37493000.0,0.054478694127117436,1309992000.0,598897000.0,521989000.0,387468000.0,711095000.0,0.0,387161000.0,709755592.0,839148592.0,23.33127380277125,1.3471796380604333,0.18601105960952433,0.40686962866736687,0.002077221334206112,23.33127380277125,0.002644862138230781,1.0313007175093793,112.0195063131313,1.1851046039636197,1.3061868686868687,0.0,0.0029150879870771065,0.5253574067627894,1.148727120691257,0.0012091676895736767,-238.33297246474143,0.054478694127117436,-0.8775510204081632,0.11881386462629094,0.47328653692994477,0.2755425334938533,-0.31362929061784894,-0.8775888717156105,-0.9405498281786941,-0.8462042549337131,0.19493483591880115,0.15591410436565087,Trucking,Industrials,ARCB
2016Q3,2016,Q3,2016-11-08,2016-09-30,12940000.0,713923000.0,20370000.0,0.49,54625000.0,0.0765138537349266,1320868000.0,595153000.0,532874000.0,399044000.0,725715000.0,0.0,387646000.0,489280941.0,596499941.0,23.135603926988033,1.335376549954391,0.17989231323644755,0.399248596579367,0.015398709185579356,23.135603926988033,0.021742308280391764,0.6853413337292678,9.452877530911902,0.8221095096555003,0.16027820710973725,0.0,0.004238873469628975,0.5404953409424712,1.1401850422509798,0.009796588304054606,37.002264312183314,0.0765138537349266,0.25641025641025633,0.04262160815933778,0.3809772347854813,0.20326169904611946,0.1868033980055185,0.2647835011240348,0.22312957847964454,-0.07408331835456027,0.14572859577465527,0.19162877765332198,Trucking,Industrials,ARCB
2016Q2,2016,Q2,2016-08-05,2016-06-30,10231000.0,676627000.0,16654000.0,0.39,46027000.0,0.0680241846689535,1283174000.0,582491000.0,547879000.0,384970000.0,700683000.0,0.0,376780000.0,419104172.5,492318172.5,22.585026280071215,1.4231732342779957,0.17569713850187113,0.3870446066977859,0.012874091372079462,22.585026280071215,0.017564219876358606,0.6194020819447051,10.241036372299874,0.7195032584194434,0.2039878799726322,0.0,0.0049796688674102856,0.5273072864630985,1.2012312647738785,0.00797319771130026,16.675453487446784,0.0680241846689535,2.625,0.9026769693866274,0.3372097480770369,0.20452362729590629,1.357095303938137,2.6763886613141077,2.797517539125742,1.089512224590294,0.16847161090811563,0.20607592708295155,Trucking,Industrials,ARCB
2016Q1,2016,Q1,2016-05-09,2016-03-31,-6103000.0,621455000.0,-9265000.0,-0.24,19527000.0,0.03142142230732716,1245231000.0,577251000.0,533760000.0,362430000.0,667980000.0,0.0,368636000.0,557508249.98,626110249.98,22.35455545356879,1.472725767734459,0.163335156288271,0.352342395249207,-0.00743285384273236,22.35455545356879,-0.010572523910742468,0.8971015600164132,-22.837467228412255,0.9657986733327443,-0.3421268228739964,0.0,0.0037452360571792525,0.49906804440300634,1.2086361504290484,-0.004901098671652087,-144.32002329277765,0.03142142230732716,-2.263157894736842,0.5332010084060537,0.3997716110491677,0.20491923640248658,-0.5156273254948653,-2.2235364875701684,-2.266921919868727,0.5476320999093871,0.18501563294971637,0.2804792228331602,Trucking,Industrials,ARCB
2015Q4,2015,Q4,2016-02-26,2015-12-31,4988000.0,648134000.0,7313000.0,0.19,40314000.0,0.062200100596481595,1262909000.0,588728000.0,552083000.0,364597000.0,674181000.0,0.0,376827000.0,554786205.51,602322205.51,22.698639214404572,1.5142280380804012,0.1682694477591022,0.36096295742685924,0.006629701496261784,22.698639214404572,0.008472503431126089,0.8559745446312028,27.80604478297915,0.9423472393193462,0.42040898155573375,0.0,0.0037798344284214573,0.5132072065366546,1.2874077406012665,0.003949611571380044,-800.557295108225,0.062200100596481595,-0.7361111111111112,2.565298177108334,0.4331225503206752,0.19689701633676956,-0.380280391071758,-0.7395844210086666,-0.781296728273222,1.6216272650526407,0.19255322700079597,0.2674329101054512,Trucking,Industrials,ARCB
2015Q3,2015,Q3,2015-11-06,2015-09-30,19154000.0,709380000.0,33438000.0,0.72,65052000.0,0.09170261354986044,1244286000.0,586795000.0,580482000.0,381937000.0,657491000.0,0.0,373936000.0,670260794.88,670217794.88,22.560930410240257,1.519837041187421,0.153986302184546,0.32652459547201323,0.025675814937466037,22.560930410240257,0.032641723259400644,0.9448543726634526,8.748313601336534,1.1422401262451112,0.08238488044272736,0.0,0.002354307475618527,0.5701100872307492,1.3378855675150614,0.01539356707380779,28.627719424251485,0.09170261354986044,-0.027027027027027053,25.776142664192587,0.542613188684623,0.19373617666826537,0.04512957280336745,-0.040717183352531675,-0.0008366700531883105,1.8938866669861432,0.2095637187636495,0.22777094469989442,Trucking,Industrials,ARCB
2015Q2,2015,Q2,2015-08-07,2015-06-30,19967000.0,696115000.0,33466000.0,0.74,62243000.0,0.08941482370010702,1192048000.0,579204000.0,561905000.0,364495000.0,612844000.0,0.0,356360000.0,827495593.2,796324593.2,22.25835080132968,1.5415986501872454,0.1349316470477699,0.27770008494416476,0.02743730574892231,22.25835080132968,0.03447317352780713,1.188734035611932,10.360790218861121,1.428677276400025,0.07903040016026444,0.0,0.0019069587958743465,0.583965578567306,1.3662025542188507,0.016750164422909143,18.779828727049907,0.08941482370010702,23.666666666666668,3.5957812367671096,0.6376997895294366,0.18127377986878584,1.056939854593523,25.801342281879194,25.1453125,0.6553220815431992,0.33846413273886444,0.22971025271868428,Trucking,Industrials,ARCB
2015Q1,2015,Q1,2015-05-08,2015-03-31,745000.0,613276000.0,1280000.0,0.03,30260000.0,0.04934156888578715,1141699000.0,557931000.0,529023000.0,329498000.0,583768000.0,0.0,337971000.0,987073829.82,990826829.82,21.416843351884864,1.6055423705151473,0.14870381773129346,0.3042939001417738,0.0014368632869424182,21.416843351884864,0.0013352905646038667,1.6095099593331552,331.2328287986577,1.7691682839275826,2.1261744966442953,0.0,0.001604743183484921,0.5371608453716785,1.362697193913165,0.0006525362639364667,-128.174760397351,0.04934156888578715,-0.9433962264150942,1.0335408744976617,0.641105848562151,0.11576560723428492,0.0,-0.9487761276127613,-0.9290819435979832,1.0400821516144103,0.3592733505119311,0.21299357111962391,Trucking,Industrials,ARCB
2014Q4,2014,Q4,2015-03-02,2014-12-31,14544000.0,664848000.0,18049000.0,0.53,0.0,0.0,1127622000.0,560883000.0,514989000.0,340782000.0,566739000.0,0.0,338810000.0,1209016880.72,1195799880.72,21.511812717214912,1.5111977745303449,0.12754717449641811,0.2564260282447498,0.018966462017282262,21.511812717214912,0.02593054166376945,1.8184861513007484,20.78205584295929,2.155559859578557,0.11303630363036303,0.0,0.0013597825028058804,0.5896018346573586,1.2840731024525944,0.012897939203030803,105.72025889471844,0.0,-0.26388888888888884,1.1577469146920893,0.7214254691592228,0.07746624556175921,0.0,-0.2586400244673259,-0.45208099329103546,9.113580758963446,0.40121411135267776,0.17607089631353154,Trucking,Industrials,ARCB
2014Q3,2014,Q3,2014-11-07,2014-09-30,19618000.0,711295000.0,32941000.0,0.72,0.0,0.0,1140567000.0,551082000.0,524513000.0,395515000.0,589485000.0,0.0,325910000.0,971839489.4,954194489.4,21.150981025365194,1.3261519790652694,0.12426889433062678,0.25719765842469905,0.028651059072555947,21.150981025365194,0.035599057853459196,1.3662959663711962,12.38453829901111,1.7635115815795108,0.04195126924253237,0.0,0.0008468476625786308,0.6236328071915109,1.1440349923517439,0.017200217085011228,19.353569439410535,0.0,0.1428571428571428,4.384173325941955,0.7139990515158036,-0.09330327388030314,0.0,0.1400511390051139,0.22220985455624814,0.5606634206587733,0.3584603837406446,0.10004326860839599,Trucking,Industrials,ARCB
2014Q2,2014,Q2,2014-08-08,2014-06-30,17208000.0,658646000.0,26952000.0,0.63,0.0,0.0,1085063000.0,532470000.0,477224000.0,360693000.0,552593000.0,0.0,307115000.0,1131482118.55,1138709118.55,20.47559508027366,1.3230753022653614,0.12568578967304203,0.2561214716322046,0.025334010559989257,20.47559508027366,0.03231731365147332,1.717891125961442,16.438315297390748,2.124968765470355,0.04741980474198047,0.0,0.000721177990020477,0.6070117587642376,1.1337480904813788,0.01585898698969553,26.599951067306108,0.0,4.15,2.073101004130802,0.7491385678952853,-0.1312596626849234,0.0,4.31369150779896,4.097219030108021,2.1738571917557654,0.29095848510358646,0.092021667422017,Trucking,Industrials,ARCB
2014Q1,2014,Q1,2014-05-09,2014-03-31,-5193000.0,577904000.0,-8702000.0,-0.2,0.0,0.0,1021645000.0,514197000.0,432946000.0,327693000.0,507448000.0,0.0,290723000.0,956152515.476928,980513515.476928,19.870867206493752,1.321193922360258,0.11754474401577847,0.2335466756904455,-0.007955851819424799,19.870867206493752,-0.010099242119265573,1.6545179051830892,-46.03083552267129,1.8595062115821914,-0.15771230502599654,0.0,0.0008565579096881667,0.5656602831707687,1.1001089434318096,-0.005082978921249553,-221.17800496806106,0.0,-1.5263157894736843,0.7232599565657919,0.6462179583568634,-0.17830158450760306,0.0,-1.501933114247052,-1.6444971115390312,0.6036391049198827,0.2989401287748849,0.07104747356008466,Trucking,Industrials,ARCB
2013Q4,2013,Q4,2014-02-28,2013-12-31,10346000.0,578550000.0,13502000.0,0.38,0.0,0.0,1017326000.0,520461000.0,418485000.0,309617000.0,496865000.0,0.0,296735000.0,868455134.8,889555134.8,20.184262580284994,1.3516215194902088,0.12430037175890521,0.24296537108448088,0.015540493476780545,20.184262580284994,0.01987853076407262,1.5010891622158844,20.985287425091823,1.6686267266903765,0.07877440556736903,0.0,0.0009384480180288065,0.5686967599373259,1.1338912269029155,0.010169798078492047,70.87693910062842,0.0,-0.2692307692307693,1.9154670276003334,0.4360313424350307,-0.19105332113602821,0.0,-0.2600486339579459,-0.3414301043800605,4.265748031261537,0.2867642552160341,0.06431418337932893,Trucking,Industrials,ARCB
2013Q3,2013,Q3,2013-11-12,2013-09-30,13982000.0,623414000.0,20502000.0,0.52,0.0,0.0,1038123000.0,499683000.0,434650000.0,326672000.0,538440000.0,0.0,287204000.0,660663912.7,688943912.7,19.41511010882856,1.3305395013958956,0.13090067361959998,0.2719544191017105,0.021473230923536837,19.41511010882856,0.027981740423428453,1.0597514856900871,11.812757700972679,1.322166078693892,0.05757402374481476,0.0,0.0012184712749181766,0.6005203622306798,1.0979269726208551,0.013468538891826884,20.665120822646234,0.0,1.888888888888889,-0.12000081843691762,0.22200619652015152,-0.27891618991968153,0.0,1.866338663386634,1.4357847213971724,19.277558813981962,0.3700276536833368,0.02728561674862163,Trucking,Industrials,ARCB
2013Q2,2013,Q2,2013-08-09,2013-06-30,4878000.0,576899000.0,8417000.0,0.18,0.0,0.0,1024600000.0,481153000.0,405293000.0,318048000.0,543447000.0,0.0,274027000.0,579150156.274327,640245156.274327,18.72604018778153,1.2743139400342087,0.14605504587155962,0.31101957173705663,0.008275762583467463,18.72604018778153,0.01013814732527907,1.003902167059272,29.68174232648252,1.2036715063074053,0.16523165231652318,0.0,0.001391694349501687,0.5630480187390201,1.0413994114095986,0.004760882295529963,27.594347068530926,0.0,1.346153846153846,-0.7065831050689729,0.12453430901999464,-0.28949145066354337,0.0,1.3641657334826427,1.3604710920770877,1.6422415362924425,0.3745305917629153,-0.00618961072021453,Trucking,Industrials,ARCB
2013Q1,2013,Q1,2013-05-08,2013-03-31,-13395000.0,520687000.0,-23350000.0,-0.52,0.0,0.0,1011395000.0,447593000.0,378751000.0,304487000.0,563802000.0,0.0,269955000.0,288687629.58,370383629.58,17.457960312786327,1.243898754298213,0.1550007662683719,0.35024453018702256,-0.02220864464651034,17.457960312786327,-0.02992674148165856,0.554436023138661,-5.3879736763717805,0.6449779812910389,-0.060246360582306833,0.0,0.002795409007216803,0.5148206190459712,0.9885775090562159,-0.013244083666618878,-50.25898843662952,0.0,-0.6774193548387097,-2.5210070629040926,0.12881500136743854,-0.32090714150671373,0.0,-0.6893681422625804,-1.1198365864729913,0.38723200324490137,0.4157696793009237,-0.0904825996332571,Trucking,Industrials,ARCB
2012Q4,2012,Q4,2013-02-28,2012-12-31,-7929000.0,537043000.0,-11015000.0,-0.31,0.0,0.0,1034462000.0,458999000.0,386050000.0,299708000.0,575463000.0,0.0,284157000.0,244759900.95000002,323687900.95000005,17.909144565700153,1.2880870714161785,0.1639789571777407,0.36956507530517496,-0.011280772140492744,17.909144565700153,-0.017274547439101173,0.4557547551127191,-7.717237386492623,0.5332471333270878,-0.10177828225501324,0.0,0.0032971087047663715,0.5191519843164852,1.024083441216117,-0.007664853808066415,8.373012484605912,0.0,-2.291666666666667,-1.570481154688995,0.09443604905910753,-0.29557926387400707,-1.0,-2.216477447069653,-1.9004332543121065,0.9125109305389315,0.41459881321326736,-0.10298127777090454,Trucking,Industrials,ARCB
2012Q3,2012,Q3,2012-11-07,2012-09-30,6518000.0,577546000.0,12233000.0,0.24,351616000.0,0.6088103804718585,1080030000.0,470658000.0,408039000.0,317105000.0,609372000.0,0.0,292893000.0,198247058.1,326313058.1,18.375520700854224,1.2867630595544062,0.1846309824727091,0.42367706487513224,0.010104913521936062,18.375520700854224,0.013848696930680027,0.3432576073594138,7.603830089751458,0.42121255370141375,0.1238109849647131,0.0,0.004070678312880346,0.5347499606492412,1.059097144478958,0.006035017545808913,10.7334628099621,0.6088103804718585,-0.4545454545454546,-0.6660953865066499,0.16640702981766956,-0.26205836545930683,1.3864421504150293,-0.4495397348196943,0.6987918344674351,2.143752729792925,0.4156872521139556,-0.21228124406009333,Trucking,Industrials,ARCB
2012Q2,2012,Q2,2012-08-08,2012-06-30,11841000.0,510543000.0,7201000.0,0.44,147339000.0,0.28859273361891163,1067031000.0,462367000.0,398540000.0,319549000.0,604664000.0,0.0,287182000.0,321860133.0,463647133.0,18.10048403851247,1.247195265827776,0.18312963728326542,0.42261882876589374,0.0213067202677292,18.10048403851247,0.02560952663144212,0.6304270805789131,6.795459272865467,0.696113980885314,0.06823747994257241,0.0,0.002510407214676693,0.47847063487377595,0.9683835655877502,0.011097147130683176,-37.71061898066784,0.28859273361891163,1.619718309859155,-0.41485039229487164,0.08041478642973084,-0.24933665685742676,0.7585577198510456,1.65196564255038,1.313264018793231,1.7517277029914478,0.3802776431830205,-0.23203108151261015,Trucking,Industrials,ARCB
2012Q1,2012,Q1,2012-05-09,2012-03-31,-18162000.0,440867000.0,-22987000.0,-0.71,83784000.0,0.1900437093273028,887187000.0,449449000.0,430513000.0,267972000.0,437738000.0,0.0,276149000.0,478819942.214393,416020942.214393,17.65618867387448,1.6065596405594615,0.0853450287256238,0.1684662775976807,-0.03527544748698902,17.65618867387448,-0.040409479162263125,1.0860870562196603,-6.590958350049458,1.065348776422671,-0.043882832287193044,0.0,0.0016645087844798679,0.496926803481115,1.2740958010538415,-0.02047144514065242,549.7358693621045,0.1900437093273028,-13.90909090909091,-4.691283576001843,0.017473396924213732,-0.2430536570196329,1.156124685082214,-13.935897435897436,-15.059327217125382,0.016109848259708327,0.27664011420281925,-0.2698827833635632,Trucking,Industrials,ARCB
2011Q4,2011,Q4,2012-02-29,2011-12-31,1404000.0,463240000.0,1635000.0,0.055,-536648000.0,-1.1584664536741214,916220000.0,465615000.0,445086000.0,263671000.0,450605000.0,0.0,295108000.0,490529546.89,441082546.89,18.291255046481506,1.6880354684436285,0.10024666564798848,0.19726168615701814,0.0021291798497054693,18.291255046481506,0.0030153667729776747,1.0589101694370089,87.34500478810541,1.053508900894516,0.5676638176638177,0.0,0.0016247747053221347,0.5055990919211543,1.2608819324081906,0.0015323830521053895,82.9437854058167,-1.1584664536741214,-0.8804347826086957,-0.9033384615935117,0.006395524042054345,-0.21617933587693305,-2.4923595024430125,-0.8855279249898084,-0.9225778956340562,1.125843036134023,0.16471835826492304,-0.26692144618859015,Trucking,Industrials,ARCB
2011Q3,2011,Q3,2011-11-08,2011-09-30,12265000.0,510887000.0,21118000.0,0.46,359597000.0,0.7038679786332398,908372000.0,488797000.0,445401000.0,272790000.0,419575000.0,0.0,294501000.0,410563475.04999995,355174475.04999995,19.22740825651534,1.6327614648630815,0.089952134147684,0.1671655104266188,0.023803474383359474,19.22740825651534,0.025092216196089583,0.8036287379596662,8.368599165307785,0.8399467980572712,0.06506318793314309,0.0,0.001943670220305926,0.5624204621014298,1.244825690091279,0.013502177521984385,16.942329676474227,0.7038679786332398,1.3,-0.6170965983440754,-0.008209445488323648,-0.2132846965026478,0.037690167832490705,1.3150245375613439,1.346965992442765,-0.21850274762474514,0.013838177994619812,-0.2858875007217565,Trucking,Industrials,ARCB
2011Q2,2011,Q2,2011-08-09,2011-06-30,5298000.0,498550000.0,8998000.0,0.2,346536000.0,0.6950877544880153,887515000.0,476467000.0,434617000.0,272093000.0,411048000.0,0.0,283034000.0,603011074.47,557543074.47,18.750172905095635,1.597310478402605,0.07815755226672225,0.14558405933674315,0.010424497182775064,18.750172905095635,0.011119342997521339,1.2095297853174205,28.45465621319366,1.2655883292442078,0.1504341260853152,0.0,0.0013217004359339524,0.5617369847270187,1.21461412090719,0.005969476572226949,27.223976274040634,0.6950877544880153,1.392156862745098,-0.8369743918887079,0.03261338385771465,-0.19355291427442436,0.30413478799191634,1.4136477201748907,1.4091487813750454,-0.6777707415792428,-0.017367008076627617,-0.2885758004887894,Trucking,Industrials,ARCB
2011Q1,2011,Q1,2011-05-05,2011-03-31,-12808000.0,434931000.0,-21992000.0,-0.51,265721000.0,0.610949782839117,857711000.0,469326000.0,409189000.0,250484000.0,388385000.0,0.0,278533000.0,655694455.6800001,635276455.6800001,18.55274177571646,1.6335933632487505,0.07737571279836682,0.14140703903043939,-0.026074124674314778,18.55274177571646,-0.027290199136634236,1.507582710085048,-12.798533254216116,1.397098084657573,-0.06152404747033104,0.0,0.0012017792634570778,0.5070833882275032,1.1916250139729483,-0.014932768729793601,-65.78654115380758,0.610949782839117,-3.151066254273157,-3.0874643720203157,-0.0368327653408255,-0.1667065461918419,1.3929882941041625,-3.120978120978121,-2.285330146399761,-2.4739851273445597,-0.04437022956484006,-0.2783215095218494,Trucking,Industrials,ARCB
2010Q4,2010,Q4,2011-02-23,2010-12-31,-3108000.0,441096000.0,-6694000.0,-0.12286,-676155000.0,-1.5328976005223354,860951000.0,479744000.0,399684000.0,233897000.0,381207000.0,0.0,292129000.0,693639736.6800001,660742736.6800001,18.96457164199153,1.708803447671411,0.08093491964118747,0.14524621464781218,-0.005777544151161422,18.96457164199153,-0.0064784551760939165,1.5725369005386585,-55.79470211389962,1.4458539068336447,-0.2528957528957529,0.0,0.001133153074191032,0.5123357775297317,1.263158569797817,-0.0036099615425268104,-183.69696416313562,-1.5328976005223354,-3.0953333333333335,-1.1027219750222774,-0.11347256134672065,-0.13609224594656244,-2.9805592332657675,-3.149532710280374,-2.769144144144144,-1.2265553267355838,-0.08928008860135872,-0.2540661298836561,Trucking,Industrials,ARCB
2010Q3,2010,Q3,2010-11-04,2010-09-30,-749000.0,445531000.0,-1776000.0,-0.03,341396000.0,0.7662676671208064,865039000.0,476249000.0,402387000.0,244899000.0,388790000.0,0.0,296023000.0,610574750.29,555714750.29,18.899427571348415,1.6430732669386154,0.05161154583781772,0.0937450787298241,-0.002056254683775338,18.899427571348415,-0.001572706714344807,1.3704427981217917,-203.79664562416556,1.2820494117362977,-1.0493991989319091,0.0,0.0012873116676159302,0.5150415183592878,1.2193230678769615,-0.000865856915121746,814.0996670533333,0.7662676671208064,0.9000000000000001,-1.0184453033501453,-0.09142525235546871,-0.0931810607579422,0.08271754505033078,0.8993820526598603,0.8357076780758557,-1.0390005063391112,-0.08541970538878821,-0.24101881514378248,Trucking,Industrials,ARCB
2010Q2,2010,Q2,2010-08-05,2010-06-30,-7444000.0,411347000.0,-10810000.0,-0.3,315314000.0,0.7665401716798712,851833000.0,474507000.0,390447000.0,243252000.0,377326000.0,0.0,297558000.0,522538514.25,482338514.25,18.842668973658338,1.6051132159242267,0.04725926325934778,0.08483963355651233,-0.013503751809039153,18.842668973658338,-0.01568786129603989,1.2703107455505935,-17.54898288050779,1.1012240372639392,-0.10437936593229447,0.0,0.0014869717328209362,0.4828962954006243,1.182658313189614,-0.008738802089141885,23.251836170070753,0.7665401716798712,0.6470588235294118,-1.3194627226417368,-0.09515343659027034,-0.03487927271512432,0.15394383876976678,0.652003178907017,0.6934724663982306,-1.3731481886535966,-0.11699540455309898,-0.21855676039381608,Trucking,Industrials,ARCB
2010Q1,2010,Q1,2010-05-05,2010-03-31,-21391000.0,359889000.0,-35266000.0,-0.85,273249000.0,0.7592591048906746,852278000.0,481567000.0,382692000.0,233116000.0,370711000.0,0.0,305780000.0,749643548.151527,727373548.151527,19.19475131069157,1.6416376396300554,0.031651644181828,0.05601712741944527,-0.04255125381039963,19.19475131069157,-0.04441957193910712,2.08298544315477,-8.761202703841885,1.5566754951056176,-0.03632368753213969,0.0,0.0010364926129437498,0.4222671475739137,1.0557404897132758,-0.025098618056549622,-83.88089382919627,0.7592591048906746,0.7596242219601654,-3.062882173177192,-0.1296696055823571,0.01864737548974191,1.39658953522294,0.7588822760268723,0.6493387690166054,-5.411172641172588,-0.15726065170892914,-0.17709325169681406,Trucking,Industrials,ARCB
2009Q4,2009,Q4,2010-02-24,2009-12-31,-88716000.0,371632000.0,-100570000.0,-3.53613,-688997000.0,-1.8539765144013434,869546000.0,500896000.0,384742000.0,236555000.0,368650000.0,0.0,327948000.0,738353760.39,715997760.39,19.96518480817864,1.626437826298324,0.019522831454575146,0.033891266849805146,-0.17035336085506425,19.96518480817864,-0.17711461061777295,1.9867873605878934,-2.0806668481164614,1.474065994517824,-0.04385905586365481,0.0,0.005269831629143143,0.4273862452360197,1.079668576018262,-0.10202565476697036,-25.98190444049546,-1.8539765144013434,-14.374478260869564,-4.668895933836947,-0.1749447796593683,0.0791364928992721,-3.188118686106815,-14.918894670733895,-7.218517610525455,-7.1972323000285625,-0.18080937272372502,-0.14444774970777063,Trucking,Industrials,ARCB
2009Q3,2009,Q3,2009-11-04,2009-09-30,-5573000.0,398957000.0,-12237000.0,-0.23,314881000.0,0.7892604967452633,941758000.0,584307000.0,389858000.0,227732000.0,357451000.0,0.0,420555000.0,749936396.547975,692805396.547975,23.327514499675125,1.711915760630917,0.0018645979115653915,0.003005269490182387,-0.011245191696729802,23.327514499675125,-0.009537794344411413,1.8797424197293817,-33.641503523594785,1.283462968179356,-0.6983671272205275,0.0,0.005189773450008864,0.42363006207539516,1.4159231025942776,-0.005917656128219776,3378.0918763422296,0.7892604967452633,0.6290322580645161,-1.2037855736251757,-0.13556422314327593,0.31860370061677323,5.97364516200474,0.6391245224373503,0.5517089790086823,-1.176581774943186,-0.21393878480809883,-0.04552332770943996,Trucking,Industrials,ARCB
2009Q2,2009,Q2,2009-08-05,2009-06-30,-15443000.0,362635000.0,-27297000.0,-0.62,45153000.0,0.12451362940697946,948429000.0,590265000.0,395297000.0,231430000.0,358164000.0,0.0,430020000.0,659904525.25,599382525.25,23.569292458038042,1.7080629131918939,0.0018936578278395115,0.0030427011596486325,-0.027894230549387118,23.569292458038042,-0.026162825171744893,1.8197485770816386,-10.682906903613288,1.1179801025810443,-0.2520883248073561,0.0,0.005899338239156892,0.38235334431992274,1.3723328868340319,-0.0162827159439452,74.9550801056338,0.12451362940697946,0.1506849315068493,-1.797278127474733,-0.14887219009044103,0.42117325666530303,0.2985448061658806,0.14947403205375337,0.045592811440159434,-1.482172690876834,-0.23787569824916863,0.013717970047787194,Trucking,Industrials,ARCB
2009Q1,2009,Q1,2009-05-05,2009-03-31,-18157000.0,339677000.0,-28601000.0,-0.73,34772000.0,0.10236783768109116,941250000.0,605501000.0,397124000.0,210689000.0,335749000.0,0.0,449356000.0,476234666.52,419818666.52,24.1826767970415,1.8848824570812905,0.0016839309428950864,0.0026176670228455446,-0.02940164701664207,24.1826767970415,-0.02998673825476754,1.4020221166578837,-6.557177211543757,0.7865134269307565,-0.21187420829432174,0.0,0.008077950368693795,0.36087861885790173,1.4530184300082112,-0.019290305444887117,-21.609704443234413,0.10236783768109116,-0.6656018983298347,-5.0613302179350645,-0.09578437034119436,0.5124636749513657,1.0463041998969302,-0.6545471113541097,-0.8099607644601949,-3.9897706044789643,-0.24001766262549298,0.08616109220627187,Trucking,Industrials,ARCB
2008Q4,2008,Q4,2009-02-20,2008-12-31,-10974000.0,391212000.0,-15802000.0,-0.43828,-750947000.0,-1.9195397891680215,972298000.0,624746000.0,408190000.0,215292000.0,347552000.0,0.0,471360000.0,753913053.898626,654649053.898626,24.951289260041666,1.8959831298887093,0.0016620418842782769,0.002586651215053798,-0.016171408612146804,24.951289260041666,-0.017565538634901224,1.9271214939690653,-17.174983002975807,1.2067513099701734,-0.350555859303809,0.0,0.005102710425434923,0.4023581247724463,1.5643776824034334,-0.011286663142369932,-57.9621014760226,-1.9195397891680215,-1.7184918032786887,-1.746026929584191,0.008317230978098559,0.5556090952178613,-3.04429992078119,-1.7106592410309545,-1.6198807469009886,-1.3664403824304128,-0.2056219209025547,0.13662531758173846,Trucking,Industrials,ARCB
2008Q3,2008,Q3,2008-11-05,2008-09-30,15442000.0,495815000.0,25492000.0,0.61,367337000.0,0.7408751247945302,1020432000.0,673481000.0,443192000.0,245363000.0,346951000.0,0.0,486181000.0,842698523.646686,686981523.646686,26.924900874790122,1.8062707091126209,0.001701240259027549,0.002577652524718589,0.02233950286896138,26.924900874790122,0.02292863495777906,1.6996228908901223,13.64296275817067,1.2512580512986795,0.24919051936277684,0.0,0.004566283068051668,0.48588734967151165,1.5793090237729406,0.015132806497640216,60.36954822313103,0.7408751247945302,-0.04687500000000004,-0.09856280666312543,0.2195887245000909,0.7406031060621582,-0.006837611459285254,-0.04413494274218508,-0.007398177712016198,-0.6168915563930547,0.018630292756326505,0.2918915114386571,Trucking,Industrials,ARCB
2008Q2,2008,Q2,2008-08-05,2008-06-30,16155000.0,498514000.0,25682000.0,0.64,369866000.0,0.7419370368735883,1019948000.0,658058000.0,446900000.0,262444000.0,361890000.0,0.0,474586000.0,914835445.9117831,710709445.9117831,26.355826689587005,1.7028394628949415,0.0017393043566926942,0.0026958110075403687,0.023451640035816363,26.355826689587005,0.024549507794145806,1.8351248829757703,14.157156389844987,1.3902048845417625,0.2380687093779016,0.0,0.004204034744376167,0.4887641330734508,1.4843852402798312,0.01583904277472969,48.26354238521673,0.7419370368735883,0.8823529411764705,0.05622392705587427,0.3101952244825942,0.7773486633954921,0.09009189561977966,0.8908005617977528,0.9527068126520681,-0.3007484118260301,0.10600385624704121,0.3499443554630252,Trucking,Industrials,ARCB
2008Q1,2008,Q1,2008-05-06,2008-03-31,8544000.0,447511000.0,13152000.0,0.34,339298000.0,0.7581891841764783,983094000.0,639446000.0,411259000.0,238578000.0,343648000.0,0.0,462277000.0,792474545.733651,608982545.733651,25.707766021160303,1.7237926380470958,0.013710794695115625,0.021079184168796113,0.012187771101036169,25.707766021160303,0.013361566105660212,1.7708493103714793,23.188042653723404,1.2393142591143755,0.44510767790262173,0.0,0.004798892305719785,0.4552067248910074,1.4728977525169966,0.008690928843020097,37.0730981349949,0.7581891841764783,-0.37037037037037035,12.649115138512192,0.24548805928395184,0.7947396107733141,-0.3764669560455312,-0.3665950033360516,-0.32774483745655286,-0.16892681984916044,0.09157601723741234,0.36428693257270495,Trucking,Industrials,ARCB
2007Q4,2007,Q4,2008-02-22,2007-12-31,13489000.0,476235000.0,19564000.0,0.54,544154000.0,1.1426165653511398,983349000.0,632386000.0,382417000.0,244805000.0,350963000.0,0.0,457536000.0,545727927.813651,453493927.81365097,25.423931533010574,1.562129041481996,0.0015976016653293998,0.0024842422191509615,0.02001502022858913,25.423931533010574,0.021330326730825792,1.1459215047479732,10.114314030203332,0.8629664916896499,0.28208169619690115,0.0,0.006972338790217254,0.48429906370983244,1.3223014235820347,0.013717408570100748,19.080061807343927,1.1426165653511398,-0.27999999999999997,-0.0667691762121069,0.24905205092908372,0.780406898132725,0.8431840121940892,-0.2868999788538803,-0.3058965443837366,-0.437337607802517,0.06641419252650667,0.3741867442672138,Trucking,Industrials,ARCB
2007Q3,2007,Q3,2007-11-06,2007-09-30,18916000.0,479815000.0,28186000.0,0.75,295225000.0,0.6152892260558757,978664000.0,618046000.0,373742000.0,256986000.0,360618000.0,0.0,447852000.0,816580648.740158,810674648.740158,24.90104886451006,1.4543282513444311,0.00016348818389150924,0.00025888040695999973,0.028772979359654022,24.90104886451006,0.030606136112845968,1.701865612246716,10.792195082736281,1.3212295666344545,0.20035948403467962,0.0,0.004641305186263367,0.49027551846190315,1.2357910547656292,0.01932839054057368,58.56563499534949,0.6152892260558757,-0.03846153846153849,0.029500999800882485,0.27627878876462075,0.80237227753206,0.006292202236697242,-0.03598002242381001,-0.0702292594425202,-0.3019554186817077,0.04917981312114145,0.40754880604358174,Trucking,Industrials,ARCB
2007Q2,2007,Q2,2007-08-03,2007-06-30,19622000.0,458209000.0,30315000.0,0.78,293379000.0,0.6402733250547239,949334000.0,597260000.0,350066000.0,246047000.0,352074000.0,0.0,432727000.0,965270128.6995691,959018128.6995691,24.11265210145562,1.4227606920628986,0.0001685392074865116,0.0002678900311422161,0.03096606913116336,24.11265210145562,0.03285336369420353,2.106615384463354,12.298314757664471,1.6161640302373659,0.19315054530628886,0.0,0.003926362048627737,0.4826636357699187,1.195377305961869,0.020669227058127067,86.20022581707173,0.6402733250547239,3.105263157894737,2.0205103736934285,0.3271543654277106,0.8320461506066279,0.11048908168016079,3.0887684934361324,3.4725582767778107,0.024244137772581456,0.08735339636699739,0.45393657339833904,Trucking,Industrials,ARCB
2007Q1,2007,Q1,2007-05-04,2007-03-31,4799000.0,422619000.0,6778000.0,0.19,264189000.0,0.6251233380420662,934723000.0,579135000.0,341937000.0,250701000.0,355588000.0,0.0,416895000.0,882647995.421645,877748995.421645,23.325548551243124,1.3639235583424079,0.0014485574870844089,0.002337969558047778,0.0071236795969659775,23.325548551243124,0.008286496240082191,2.088519435760449,45.98082910094004,1.5240798698432059,0.7876640966868097,0.0,0.004282567931505103,0.4521328778686306,1.1188906306715969,0.005134141344548064,-74.30322379170343,0.6251233380420662,-0.6607142857142857,1.2113308245601888,0.3068790398093978,0.791762900718126,0.0,-0.6612550292934284,1.0052671497089003,0.08252393025833674,0.13453378555269865,0.4588560719790005,Trucking,Industrials,ARCB
