Year,Date,FillingDate,NetIncome,Revenue,OperatingIncome,EPSDiluted,GrossProfit,GrossProfitRatio,TotalAssets,CommonStockEquity,CurrentAssets,CurrentLiability,TotalLiability,Inventory,RetainedEarnings,EnterpriseValue,bookValuePerShare,currentRatio,debtToAssets,debtToEquity,roic,shareholdersEquityPerShare,roe,priceToSalesRatio,peRatio,pbRatio,payoutRatio,inventoryTurnover,dividendYield,assetTurnover,quickRatio,returnOnAssets,priceToFreeCashFlowsRatio,grossProfitMargin,epsdilutedGrowth,fiveYNetIncomeGrowthPerShare,fiveYRevenueGrowthPerShare,fiveYShareholdersEquityGrowthPerShare,grossProfitGrowth,netIncomeGrowth,operatingIncomeGrowth,threeYNetIncomeGrowthPerShare,threeYRevenueGrowthPerShare,threeYShareholdersEquityGrowthPerShare,Industry,Sector,Price,MarketCap,AvgVolume,Symbol
2022,2022-12-31,2023-02-23,1814000000.0,21680000000.0,2630000000.0,0.85,7015000000.0,0.3235701107,118644000000.0,22823000000.0,12815000000.0,15788000000.0,95569000000.0,842000000.0,-7542000000.0,339409880000.0,11.486160040261701,0.8116924246262984,0.45125754357573916,2.3458353415414277,0.12876729395699898,11.486160040261701,0.07948122507996319,13.219782287822879,157.99607497243662,12.557721596634973,0.0,17.41686460807601,0.0,0.18273153298944741,0.6062199138586268,0.01528943730824989,-48.883656830973905,0.323570110701107,0.0,0.0,0.0,0.0,0.157399769015014,21.613636363636363,0.004583651642475172,0.0,0.0,0.0,Utilities—Regulated Electric,Utilities,151.41,301633427689,142196,PCGU
2021,2021-12-31,2022-02-10,-88000000.0,20642000000.0,2618000000.0,0.0,6061000000.0,0.2936246488,103177000000.0,25610000000.0,11086000000.0,17310000000.0,77567000000.0,596000000.0,-4247000000.0,41383000000.0,0.0,0.6404390525707684,0.4026866452794712,1.6223350253807107,-0.004500621027252138,0.0,-0.003436157750878563,0.0,0.0,0.0,0.0,24.46476510067114,,0.20006396774474933,0.4995956094742923,-0.0008529032633241905,0.0,0.2936246487743436,0.0,0.0,0.0,0.0,0.029556650246305417,0.9325153374233128,0.03560126582278481,0.0,0.0,0.0,Utilities—Regulated Electric,Utilities,151.41,301633427689,142196,PCGU
2020,2020-12-31,2021-02-25,-1304000000.0,18469000000.0,2528000000.0,0.0,5887000000.0,0.3187503384,97856000000.0,21001000000.0,9602000000.0,13581000000.0,76603000000.0,628000000.0,-9196000000.0,42120000000.0,0.0,0.7070171563213312,0.43537442773054286,2.0286653016523024,0.05355311653798045,0.0,-0.062092281319937145,0.0,0.0,0.0,0.0,20.03503184713376,,0.1887365107913669,0.48766659303438625,-0.013325703073904512,0.0,0.3187503384048947,0.0,0.0,0.0,0.0,0.28677595628415303,0.8293640408270087,0.5110579796772265,0.0,0.0,0.0,Utilities—Regulated Electric,Utilities,151.41,301633427689,142196,PCGU
2019,2019-12-31,2020-02-18,-7642000000.0,17129000000.0,1673000000.0,0.0,4575000000.0,0.2670908985,85196000000.0,5136000000.0,10165000000.0,7631000000.0,79808000000.0,647000000.0,-7892000000.0,2216000000.0,0.0,1.3320665705674224,0.04443870604253721,0.7371495327102804,0.10330637184271178,0.0,-1.4879283489096573,0.0,0.0,0.0,0.0,19.40340030911901,,0.20105404009577915,1.1213471366793344,-0.0896990469036105,0.0,0.2670908984762683,0.0,0.0,0.0,0.0,-0.10417074603485413,-0.11774169957583736,1.1724742268041237,0.0,0.0,0.0,Utilities—Regulated Electric,Utilities,151.41,301633427689,142196,PCGU
2018,2018-12-31,2019-02-28,-6837000000.0,16759000000.0,-9700000000.0,0.0,5107000000.0,0.3047317859060803,76995000000.0,12651000000.0,9195000000.0,41695000000.0,64092000000.0,554000000.0,-250000000.0,20327000000.0,0.0,0.2205300395730903,0.2856679005130203,1.7385977393091456,-0.18898078209671693,0.0,-0.5404315864358549,0.0,0.0,0.0,0.0,21.032490974729242,,0.21766348464185986,0.19091018107686772,-0.08879797389440873,0.0,0.3047317859060803,0.0,0.0,0.0,0.0,-0.12099827882960414,-5.11867469879518,-4.2814614343707715,0.0,0.0,0.0,Utilities—Regulated Electric,Utilities,151.41,301633427689,142196,PCGU
2017,2017-12-31,2018-02-09,1660000000.0,17135000000.0,2956000000.0,0.0,5810000000.0,0.33907207470090456,68012000000.0,19220000000.0,6281000000.0,7129000000.0,48540000000.0,481000000.0,6596000000.0,18680000000.0,0.0,0.8810492355169028,0.28125918955478446,0.9952653485952133,0.05893844190496603,0.0,0.08636836628511967,0.0,0.0,0.0,0.6150602409638555,23.544698544698544,,0.2519408339704758,0.662224715948941,0.024407457507498675,0.0,0.33907207470090456,0.0,0.0,0.0,0.0,0.17802108678021086,0.17981520966595593,0.3578318787322003,0.0,0.0,0.0,Utilities—Regulated Electric,Utilities,151.41,301633427689,142196,PCGU
2016,2016-12-31,2017-02-16,1407000000.0,17666000000.0,2177000000.0,0.0,4932000000.0,0.2791803464281671,68598000000.0,17940000000.0,6164000000.0,7564000000.0,50406000000.0,463000000.0,5751000000.0,18259000000.0,0.0,0.8149127445795875,0.26875419108428816,1.0276477146042364,0.05759572012273693,0.0,0.07842809364548495,0.0,0.0,0.0,0.6545842217484008,27.503239740820735,,0.2575293740342284,0.659439450026441,0.020510802064200123,0.0,0.2791803464281671,0.0,0.0,0.0,0.0,0.1970873786407767,0.5844594594594594,0.4436339522546419,0.0,0.0,0.0,Utilities—Regulated Electric,Utilities,151.41,301633427689,142196,PCGU
2015,2015-12-31,2016-02-18,888000000.0,16833000000.0,1508000000.0,0.0,4120000000.0,0.24475732192716687,63339000000.0,16576000000.0,5822000000.0,6363000000.0,46511000000.0,439000000.0,5301000000.0,17086000000.0,0.0,0.914977212006915,0.2716967429230016,1.0381877413127414,0.046034903022236846,0.0,0.05357142857142857,0.0,0.0,0.0,0.963963963963964,28.95899772209567,,0.26576043196135085,0.6734244853056734,0.014019798228579548,0.0,0.24475732192716687,0.0,0.0,0.0,0.0,-0.15625639975424943,-0.3875862068965517,-0.38448979591836735,0.0,0.0,0.0,Utilities—Regulated Electric,Utilities,151.41,301633427689,142196,PCGU
2014,2014-12-31,2015-02-10,1450000000.0,17090000000.0,2450000000.0,0.0,4883000000.0,0.28572264482153303,60127000000.0,15748000000.0,6389000000.0,5920000000.0,44127000000.0,476000000.0,5316000000.0,15532000000.0,0.0,1.079222972972973,0.2608312405408552,0.9958724917449835,0.06296677277520579,0.0,0.0920751841503683,0.0,0.0,0.0,0.5710344827586207,25.644957983193276,,0.28423170954812316,0.7986486486486486,0.024115621933573934,0.0,0.28572264482153303,0.0,0.0,0.0,0.0,0.2719458192237562,0.751207729468599,0.3904653802497162,0.0,0.0,0.0,Utilities—Regulated Electric,Utilities,151.41,301633427689,142196,PCGU
2013,2013-12-31,2014-02-11,828000000.0,15598000000.0,1762000000.0,0.0,3839000000.0,0.2461212976022567,55605000000.0,14342000000.0,5977000000.0,7493000000.0,41011000000.0,454000000.0,4742000000.0,14484000000.0,0.0,0.7976778326438009,0.2658034349429008,1.0305396736856784,0.04570929144294554,0.0,0.05773253381676196,0.0,0.0,0.0,0.9444444444444444,25.900881057268723,,0.2805143422354105,0.555585212865341,0.014890747234960885,0.0,0.2461212976022567,0.0,0.0,0.0,0.0,-0.0317780580075662,-0.0024096385542168677,0.040756054341405785,0.0,0.0,0.0,Utilities—Regulated Electric,Utilities,151.41,301633427689,142196,PCGU
2012,2012-12-31,2013-02-21,830000000.0,15040000000.0,1693000000.0,0.0,3965000000.0,0.26363031914893614,52449000000.0,13074000000.0,5121000000.0,6256000000.0,39123000000.0,444000000.0,4747000000.0,13008000000.0,0.0,0.818574168797954,0.25565787717592325,1.0256233746366834,0.04972828142019348,0.0,0.06348477895058896,0.0,0.0,0.0,0.8987951807228916,24.943693693693692,,0.28675475223550495,0.5772058823529411,0.015824896566188105,0.0,0.26363031914893614,0.0,0.0,0.0,0.0,-0.5879663306661125,-0.03263403263403263,-0.1282183316168898,0.0,0.0,0.0,Utilities—Regulated Electric,Utilities,151.41,301633427689,142196,PCGU
2011,2011-12-31,2012-02-16,858000000.0,14956000000.0,1942000000.0,0.0,9623000000.0,0.6434207007221182,49750000000.0,12101000000.0,6480000000.0,7749000000.0,37397000000.0,420000000.0,4712000000.0,13373000000.0,0.0,0.8362369337979094,0.27911557788944724,1.1475084703743492,0.04939758014600521,0.0,0.07090323113792249,0.0,0.0,0.0,0.8205128205128205,12.697619047619048,,0.30062311557788945,0.4245709123757904,0.017246231155778894,0.0,0.6434207007221182,0.0,0.0,0.0,0.0,0.11222838650023116,-0.22911051212938005,-0.158578856152513,0.0,0.0,0.0,Utilities—Regulated Electric,Utilities,151.41,301633427689,142196,PCGU
2010,2010-12-31,2011-02-17,1113000000.0,13841000000.0,2308000000.0,0.0,8652000000.0,0.625099342533054,46025000000.0,11282000000.0,5542000000.0,7185000000.0,34491000000.0,357000000.0,4606000000.0,13104000000.0,0.0,0.7713291579679888,0.29103747963063553,1.1872894876794895,0.06270909304845104,0.0,0.0986527211487325,0.0,0.0,0.0,0.5947888589398024,14.53501400560224,,0.3007278652906029,0.3792623521224774,0.02418250950570342,0.0,0.625099342533054,0.0,0.0,0.0,0.0,0.03036798856734548,-0.09805510534846029,0.0039147455415398,0.0,0.0,0.0,Utilities—Regulated Electric,Utilities,151.41,301633427689,142196,PCGU
2009,2009-12-31,2010-02-19,1234000000.0,13399000000.0,2299000000.0,0.0,8397000000.0,0.6266885588476752,42945000000.0,10333000000.0,5657000000.0,6813000000.0,32360000000.0,314000000.0,4213000000.0,12242000000.0,0.0,0.8303243798620284,0.26098498078938176,1.084680150972612,0.0777454289826046,0.0,0.11942320720023226,0.0,0.0,0.0,0.47811993517017826,15.929936305732484,,0.31200372569565726,0.593424335828563,0.028734427756432646,0.0,0.6266885588476752,0.0,0.0,0.0,0.0,0.03500554665351904,-0.07772795216741404,0.01680672268907563,0.0,0.0,0.0,Utilities—Regulated Electric,Utilities,151.41,301633427689,142196,PCGU
2008,2008-12-31,2009-02-24,1338000000.0,14628000000.0,2261000000.0,0.0,8113000000.0,0.5546212742685261,40860000000.0,9377000000.0,6403000000.0,7626000000.0,31483000000.0,423000000.0,3614000000.0,11572000000.0,0.0,0.8396275898242853,0.25780714635340185,1.1233870107710355,0.08356090756757564,0.0,0.14268955956062707,0.0,0.0,0.0,0.4080717488789238,15.401891252955084,,0.3580029368575624,0.5208497246262785,0.03274596182085169,0.0,0.5546212742685261,0.0,0.0,0.0,0.0,0.04481648422408242,0.33001988071570576,0.0695364238410596,0.0,0.0,0.0,Utilities—Regulated Electric,Utilities,151.41,301633427689,142196,PCGU
TTM,,,,,,,,,,,,,,,,351164427689.0,14.062280261175289,0.8546705587989991,0.4226917031735946,1.8058075576826915,0.12587599009601055,14.062280261175289,0.08048765054523212,13.654131894844054,157.99649371069182,10.767101578684192,0.0,17.493413173652694,0.036325209695528694,0.18468882720797244,0.6651376146788991,0.01595157676487309,-47.74947406822859,0.3387804988456838,,,,,,,,,,,Utilities—Regulated Electric,Utilities,151.41,301633427689,142196,PCGU
