Quarters,Year,Quarter,FillingDate,Date,NetIncome,Revenue,OperatingIncome,EPSDiluted,GrossProfit,GrossProfitRatio,TotalAssets,CommonStockEquity,CurrentAssets,CurrentLiability,TotalLiability,Inventory,RetainedEarnings,MarketCap,EnterpriseValue,bookValuePerShare,currentRatio,debtToAssets,debtToEquity,roic,shareholdersEquityPerShare,roe,priceToSalesRatio,peRatio,pbRatio,payoutRatio,inventoryTurnover,dividendYield,assetTurnover,quickRatio,returnOnAssets,priceToFreeCashFlowsRatio,grossProfitMargin,epsdilutedGrowth,fiveYNetIncomeGrowthPerShare,fiveYRevenueGrowthPerShare,fiveYShareholdersEquityGrowthPerShare,grossProfitGrowth,netIncomeGrowth,operatingIncomeGrowth,threeYNetIncomeGrowthPerShare,threeYRevenueGrowthPerShare,threeYShareholdersEquityGrowthPerShare,Industry,Sector,Symbol
2023Q1,2023,Q1,2023-05-15,2023-03-31,-6270000.0,5802000.0,-5593000.0,-0.76,-874000.0,-0.1506377111,479719000.0,200872000.0,61557000.0,23902000.0,174494000.0,1773000.0,35651000.0,164480000.0,258303000.0,24.42509727626459,2.5753911806543384,0.3171940240015509,0.7575172248994384,-0.01858418066678678,24.42509727626459,-0.031213907363893425,28.348845225784213,-6.558213716108454,0.818829901628898,-0.02934609250398724,3.7653694303440495,0.0011186770428015563,0.012094580368924308,2.129319722198979,-0.013070151484514894,-5.789510735656459,-0.1506377111340917,0.0843373493975903,-2.317471103227283,-0.6768577631003996,0.5844748356662864,-3.1580246913580248,0.08252853380158033,0.19513599079004174,-4.842712462271355,-0.7943744901761138,0.6676585983794309,Real Estate—Diversified,Real Estate,STRS
2022Q4,2022,Q4,2023-03-31,2022-12-31,-6834000.0,13297000.0,-6949000.0,-0.83,405000.0,0.030457998,445140000.0,207248000.0,47482000.0,31178000.0,173067000.0,1773000.0,41452000.0,158718120.0,258665120.0,25.188138065143413,1.5229328372570403,0.3091454373904839,0.6640015826449471,-0.019991202458611645,25.188138065143413,-0.032974986489616304,11.936385650898698,-5.8061940298507455,0.7658366787616768,-0.0026338893766461808,7.2712915961646925,0.00011340860136196171,0.029871501100777284,1.2080954519212266,-0.015352473379161612,-7.260664226898444,0.03045799804467173,-1.6774193548387097,0.0156688966833817,-0.37455705612400914,0.6098961545524464,-0.7285522788203753,-1.655011655011655,-2.2933649289099525,-4.36665536413885,1.371468019328817,0.7055692626212933,Real Estate—Diversified,Real Estate,STRS
2022Q3,2022,Q3,2022-11-14,2022-09-30,-2574000.0,9977000.0,-2110000.0,-0.31,1492000.0,0.1495439511,462837000.0,219772000.0,79086000.0,38460000.0,178020000.0,1773000.0,47559000.0,192807500.0,268385500.0,26.558549848942597,2.0563182527301094,0.30057017913433887,0.6329969240849608,-0.00674479609239811,26.558549848942597,-0.01171213803396247,19.325197955297185,-18.726447163947164,0.8773069362794169,0.0,4.785673998871968,0.0,0.021556185006816653,1.6520280811232448,-0.005561353132960416,-11.343619462258046,0.14954395108750126,-5.881889763779528,-1.1767035617789723,-0.4309740404407908,0.6113753082686181,-0.6212236608276213,-5.838345864661654,-5.262626262626263,0.13954797093165672,-0.5564095321937906,0.8196084525407246,Real Estate—Diversified,Real Estate,STRS
2022Q2,2022,Q2,2022-08-15,2022-06-30,532000.0,11125000.0,495000.0,0.0635,3939000.0,0.3540674157,484660000.0,262429000.0,112307000.0,40465000.0,172004000.0,1773000.0,89930000.0,266597425.0,293022425.0,31.721141061283696,2.7754108488817497,0.26574712169355835,0.4907879845596333,0.001133559146373401,31.721141061283696,0.0020272149800517475,23.96381348314607,125.28074483082706,1.0158840105323725,0.0,4.0530174844895654,0.0,0.02295423595922915,2.5298900284196217,0.0010976767218256096,-6.9477073126237885,0.35406741573033707,-0.7113636363636363,1.585231115831814,-0.4900056670690592,1.1563466697201457,32.766129032258064,-0.7064017660044151,-0.6745562130177515,1.2200111569267775,-0.536507108633935,1.1185080527791171,Real Estate—Diversified,Real Estate,STRS
2022Q1,2022,Q1,2022-05-16,2022-03-31,1812000.0,3099000.0,1521000.0,0.22,-124000.0,-0.0400129074,544768000.0,160169000.0,176077000.0,200412000.0,334208000.0,1773000.0,-6691000.0,355453080.0,478761080.0,19.412071264089203,0.8785751352214438,0.2488784216400376,0.8464871479499778,0.005889926908369233,19.412071264089203,0.011313050590313982,114.69928363988383,49.04153973509934,2.219237680200288,0.0,1.8178228990411731,0.0,0.005688660126879699,0.06123884797317526,0.003326186560150376,-10.822466203872853,-0.040012907389480476,-0.9734299516908211,1.6663140593104817,-0.8527554503300977,0.3076977199317004,-1.03875,-0.9734279680900986,-0.9779979748300304,1.0806876815325204,-0.8442760498704355,0.26915996360607547,Real Estate—Diversified,Real Estate,STRS
2021Q4,2021,Q4,2022-03-31,2021-12-31,68192000.0,-13335000.0,69130000.0,8.28,3200000.0,-0.2399700037,541226000.0,158137000.0,195349000.0,195690000.0,332613000.0,1773000.0,-8963000.0,301300230.0,397705230.0,19.193712829226847,0.9982574480044969,0.22289025287033512,0.7628448750134377,0.20023474029063162,19.193712829226847,0.4312210298665082,-22.594692913385828,1.1046025560183013,1.9053114071975568,0.0,-9.326001128031585,0.0,-0.0246385059106547,0.12381317389749093,0.12599542520130222,-10.011637481309188,-0.2399700037495313,19.0,386.34374080104016,-1.624810293552319,0.187377474242783,2.068072866730585,19.116896918172156,14.814948041566746,59.51573433469199,-1.4621518229530088,0.2642963937565181,Real Estate—Diversified,Real Estate,STRS
2021Q3,2021,Q3,2021-11-15,2021-09-30,-3764000.0,15480000.0,-5004000.0,-0.46,1043000.0,0.06737726098191214,559100000.0,95554000.0,128658000.0,156853000.0,431698000.0,1773000.0,-71340000.0,266531650.0,552644650.0,11.597766719262045,0.8202457077645948,0.5531783223037023,3.2367247838918307,-0.01218873336215588,11.597766719262045,-0.03939133892877326,17.21780684754522,-17.702686636556855,2.789330117001905,0.0,8.142695995487873,0.0,0.02768735467715972,0.1477115515801419,-0.006732248256125917,-10.367250768213466,0.06737726098191214,0.6260162601626017,-1.2289068859855226,-0.28198470138053416,-0.28424240893544855,2.300498753117207,0.6296369182328053,0.3050965143730037,-0.5708605904505103,-0.14500619929502892,-0.22868803572901125,Real Estate—Diversified,Real Estate,STRS
2021Q2,2021,Q2,2021-08-16,2021-06-30,-10163000.0,11576000.0,-7201000.0,-1.23,-802000.0,-0.06928127159640636,510341000.0,99088000.0,38657000.0,70113000.0,406809000.0,1773000.0,-67576000.0,203157450.0,553690450.0,12.032544019429265,0.5513528161681857,0.7167854434583935,3.6917184724689167,-0.015137883043478047,12.032544019429265,-0.10256539641530761,17.549883379405667,-4.9974773688871394,2.0502729896657517,0.0,6.981387478849408,0.0,0.022682872824248884,0.21781980517165148,-0.019914135842505305,-33.92742985971944,-0.06928127159640636,-2.138888888888889,-3.0219574955477455,-0.4060060653042718,-0.26575058665222595,-2.3756432246998287,-2.136292486583184,-1.3795993674222458,-10.74072572103446,-0.5083341056382951,-0.21356614940912605,Real Estate—Diversified,Real Estate,STRS
2021Q1,2021,Q1,2021-05-17,2021-03-31,8944000.0,14515000.0,18970000.0,1.08,583000.0,0.040165346193592834,501871000.0,109049000.0,33242000.0,55518000.0,388337000.0,2000000.0,-57413000.0,250801500.0,590921500.0,13.261461753617901,0.5987607622752981,0.7027303829071614,3.2341424497244358,0.039399767638220826,13.261461753617901,0.08201817531568377,17.278780571822253,7.0103281529517,2.2998972938770645,0.0004472271914132379,6.966,1.5948867929418284e-05,0.028921774719001498,0.226232933463021,0.01782131264807092,-22.03879613356766,0.040165346193592834,1.8232293986636972,6.216085860934242,-0.25119867397544376,-0.20655568460788548,1.1712187958883995,1.829992576095026,2.9647850854479545,5.732866012313187,-0.19148914687028162,-0.13971878207512428,Real Estate—Diversified,Real Estate,STRS
2020Q4,2020,Q4,2021-03-15,2020-12-31,-10776000.0,11149000.0,-9655000.0,-1.3119065010956903,-3405000.0,-0.3054085568212396,544016000.0,98914000.0,74903000.0,97108000.0,434252000.0,4204000.0,-66357000.0,209457000.0,561347000.0,12.042123204285366,0.7713370680067554,0.6696935384253404,3.6832399862506824,-0.01666002919791377,12.042123204285366,-0.10894312230826779,18.78706610458337,-4.859340200445434,2.117566775178438,0.0,3.461941008563273,0.0,0.02049388253286668,0.12804300366602134,-0.019808240934090175,-38.93252788104089,-0.3054085568212396,0.2870073363610379,-35.60260578543567,-0.47791527898783315,-0.2884869114577179,-1.511061946902655,0.28531635495423796,-1.285748106060606,-0.5547601513859063,-0.4746974264813388,-0.23032945948260136,Real Estate—Diversified,Real Estate,STRS
2020Q3,2020,Q3,2020-11-09,2020-09-30,-15078000.0,12801000.0,-4224000.0,-1.84,-1356000.0,-0.10592922427935318,543219000.0,109532000.0,38067000.0,63336000.0,422305000.0,5018000.0,-55581000.0,177093840.0,545308840.0,13.334794253713172,0.6010325881015536,0.7025472231273207,3.4842511777380127,-0.01653955880687888,13.334794253713172,-0.13765840119782347,13.834375439418796,-2.9362952646239555,1.6168228462914946,0.0,2.821243523316062,0.0,0.023565081486472305,0.2119173929518757,-0.027756761085308137,-29.929667061010647,-0.10592922427935318,-4.68,-2.4442639915059052,-0.3614028540475799,-0.21101276789637563,0.6024626209322779,-4.647314949201742,-1.4977610181475371,-2.042782667366155,-0.2644887682096532,-0.19094384582405363,Real Estate—Diversified,Real Estate,STRS
2020Q2,2020,Q2,2020-08-10,2020-06-30,4134000.0,8931000.0,8486000.0,0.5,-3411000.0,-0.3819281155525697,551705000.0,124412000.0,41832000.0,60219000.0,415718000.0,6960000.0,-40503000.0,162640100.0,523245100.0,15.153714981729598,0.6946644746674637,0.6828703745661178,3.028188599170498,0.012680369471028807,15.153714981729598,0.03322830595119442,18.210737879296833,9.835516448959844,1.307270199016172,0.0,1.7732758620689655,0.0,0.016187999021216048,0.2679885086102393,0.007493134918117472,20.8245966709347,-0.3819281155525697,4.846153846153846,4.627322332994812,-0.5612471299946503,-0.11613197542963814,-2.5740655283802494,4.863551401869159,14.095679012345679,5.582538433314737,-0.5874417395939535,0.030122553649983203,Real Estate—Diversified,Real Estate,STRS
2020Q1,2020,Q1,2020-06-25,2020-03-31,-1070000.0,28134000.0,-648000.0,-0.13,2167000.0,0.07702424113172673,558938000.0,120100000.0,45252000.0,76579000.0,426932000.0,7546000.0,-44637000.0,145058000.0,507009000.0,14.646341463414634,0.5909191814988444,0.6902965981915704,3.2125978351373856,-0.000574964232419737,14.646341463414634,-0.00890924229808493,5.1559678680599985,-33.89205607476636,1.2078101582014988,-0.007476635514018692,3.44116087993639,5.5150353651642786e-05,0.050334741957068586,0.3118609540474543,-0.0019143447037059567,-21.451937296657793,0.07702424113172673,-1.5269401878398419,-1.3826595328316522,0.36407786788869145,-0.15353487880433056,1.490715579710145,-1.5289174493326743,0.7783099555251454,0.6040892481958527,0.34506065692190024,-0.01334653698289507,Real Estate—Diversified,Real Estate,STRS
2019Q4,2019,Q4,2020-03-16,2019-12-31,2023000.0,-35674000.0,-2923000.0,0.24670731707317073,-4416000.0,-0.12378763244940293,561368000.0,121099000.0,188229000.0,231509000.0,427286000.0,14872000.0,-43567000.0,254036000.0,482472000.0,14.768170731707317,0.8130526243040227,0.4225410069686908,1.9587362405965367,-0.008314592103638208,14.768170731707317,0.01670534025879652,-7.121040533722039,31.393475037073653,2.0977547296014007,0.0,-2.1018020441097365,0.0,-0.0635483319319947,0.037860299167634955,0.0036036966838152514,-26.05497435897436,0.12378763244940293,1.6852981029810299,-0.8273478210108473,-2.312114040697063,-0.12966688761124767,-2.4445534838076544,1.6834459459459459,-43.36231884057971,12.486068825343425,-2.679452070875248,-0.08639910273643604,Real Estate—Diversified,Real Estate,STRS
2019Q3,2019,Q3,2019-11-12,2019-09-30,-2960000.0,22255000.0,69000.0,-0.36,3057000.0,0.13736239047405077,567932000.0,119510000.0,66638000.0,92213000.0,430349000.0,16894000.0,-45590000.0,240481560.0,587857560.0,14.595749877870054,0.7226529881903853,0.6688582435925428,3.1785289933896745,0.00011872323520889138,14.595749877870054,-0.02476780185758514,10.805731745675129,-20.31094256756757,2.0122296042172203,-0.00472972972972973,1.1363797798034805,5.821652188217674e-05,0.0391860293133685,0.3523364384631234,-0.005211891564483072,-27.98900837988827,0.13736239047405077,-0.24137931034482762,-5.863660428833632,0.009292265148573908,-0.06126434916360568,-0.1283147989734816,-0.2384937238493724,-0.8384074941451991,-0.763724269892605,0.03869253145970551,-0.09922151175759084,Real Estate—Diversified,Real Estate,STRS
2019Q2,2019,Q2,2019-08-09,2019-06-30,-2390000.0,23724000.0,427000.0,-0.29,3507000.0,0.14782498735457764,542731000.0,122437000.0,51536000.0,88328000.0,402219000.0,17897000.0,-42630000.0,245800620.0,580730620.0,14.973339855692798,0.5834616429671226,0.6504198212374086,2.8831399005202676,0.0008021538952554796,14.973339855692798,-0.019520243063779738,10.360842185128984,-25.711361924686194,2.0075681370827443,0.0,1.1296306643571548,0.0,0.043712262612601825,0.20461235395344624,-0.004403654849271554,-13.79662213740458,0.14782498735457764,-3.9,-11.717051893522482,0.03447927016517889,-0.030558761540216084,-0.25840558257559737,-3.7726218097447797,-0.8827889102388141,0.04746036038827021,0.22597330409340857,-0.08629746235320548,Real Estate—Diversified,Real Estate,STRS
2019Q1,2019,Q1,2019-05-10,2019-03-31,862000.0,19698000.0,3643000.0,0.1,4729000.0,0.2400751345314245,528783000.0,124916000.0,51552000.0,95756000.0,385791000.0,17523000.0,-40241000.0,218793930.0,532912930.0,15.295212440308559,0.5383683528969464,0.6300637501583826,2.667128310224471,0.00515565479113203,15.295212440308559,0.006900637228217362,11.107418519646664,63.45531612529002,1.7515284671299112,0.019721577726218097,0.8542487017063288,7.769868204296162e-05,0.03725157578817776,0.19892226074606292,0.0016301583069047228,-7.6096942821368945,0.2400751345314245,-0.2688451208594449,-0.22547763477516233,-0.16666777466584445,-0.006604057085934069,-0.20747444276856042,-0.22829006266786034,0.09104522312069482,1.5061601399950135,0.02315029174373483,-0.08487468508765673,Real Estate—Diversified,Real Estate,STRS
2018Q4,2018,Q4,2019-03-18,2018-12-31,1117000.0,28602000.0,3339000.0,0.1367699277580507,5967000.0,0.20862177470106985,496493000.0,123986000.0,55315000.0,95333000.0,349842000.0,16396000.0,-41103000.0,195844660.0,472371660.0,15.18133953716175,0.5802293015010542,0.5952369922637378,2.383583630409885,0.005007652525673038,15.18133953716175,0.009009081670511187,6.847236556884134,43.83273500447628,1.5795707579888052,0.02864816472694718,1.380519638936326,0.00016339480484175572,0.05760806295355624,0.1993433543473928,0.0022497799566157024,-14.232896802325582,0.20862177470106985,1.4716204405450024,0.3107118076813192,0.010366243627821538,-0.011415671494713038,2.699318040917545,1.470910623946037,4.2198649951783995,2.6074185847556444,0.3470806983801385,-0.10300520937611192,Real Estate—Diversified,Real Estate,STRS
2018Q3,2018,Q3,2018-11-09,2018-09-30,-2372000.0,17923000.0,-1037000.0,-0.29,1613000.0,0.08999609440383864,488056000.0,122637000.0,66072000.0,98680000.0,347689000.0,18980000.0,-42220000.0,252672880.0,525229880.0,15.036414909269249,0.6695581678151601,0.6018551149868048,2.3951906847036377,-0.0020342819249882273,15.036414909269249,-0.019341634253936413,14.097689002957095,-26.63078414839798,2.0603315475753647,0.0,0.8593256059009484,0.0,0.036723244873539104,0.21465342521280908,-0.004860098021538512,-8.905398794628697,0.08999609440383864,-1.6363636363636362,-57.58019862677783,-0.25679195761564816,-0.013826996801042477,-0.5742940089733439,-1.7677946324387397,-2.339793281653747,-1.2288205423592025,-0.09952582540545747,-0.11033202655357618,Real Estate—Diversified,Real Estate,STRS
2018Q2,2018,Q2,2018-08-09,2018-06-30,-857000.0,23310000.0,774000.0,-0.11,3789000.0,0.16254826254826255,448688000.0,124742000.0,56974000.0,88876000.0,316866000.0,19677000.0,-39848000.0,249074150.0,502286150.0,15.300134919661474,0.6410504523155858,0.5925542916235781,2.1313751583267866,0.0019297067041771534,15.300134919661474,-0.006870180051626557,10.68529172029172,-72.65873687281214,1.9967144185599077,0.0,0.9920719621893581,0.0,0.05195146738936633,0.1424456546199199,-0.0019100131940234639,-13.589816128328241,0.16254826254826255,0.5217391304347826,-2.347031340486611,-0.4554824172878877,0.007994539418531099,0.8233878729547642,0.5417112299465241,1.8571428571428572,0.24277975935435864,0.1531554855478438,-0.1075917658867244,Real Estate—Diversified,Real Estate,STRS
2018Q1,2018,Q1,2018-05-10,2018-03-31,-1870000.0,17765000.0,-903000.0,-0.23,2078000.0,0.11697157331832254,426428000.0,125434000.0,55541000.0,87908000.0,300914000.0,22306000.0,-38991000.0,245737400.0,478967400.0,15.415263610667322,0.6318082540838149,0.5841853724427102,1.9860085782164325,-0.0019808462893826004,15.415263610667322,-0.01490823859559609,13.832670982268505,-32.8525935828877,1.9590972144713554,0.0,0.703263695866583,0.0,0.04166002232498804,0.18067752650498248,-0.004385265507893478,-7.366229016786571,0.11697157331832254,0.7274235362656568,-2.6154778302745023,-0.47113971087265727,0.020199005156153516,-0.43807463493780424,0.7276434605301486,-2.1273408239700373,-1.6739379339604317,-0.13199459867810712,-0.10909608293233136,Real Estate—Diversified,Real Estate,STRS
2017Q4,2017,Q4,2018-03-16,2017-12-31,-6866000.0,21025000.0,801000.0,-0.8437999262627504,3698000.0,0.1758858501783591,405993000.0,127310000.0,62002000.0,78570000.0,278603000.0,22612000.0,-37121000.0,241668900.0,448527900.0,15.645815411085167,0.7891307114674813,0.5455020160446116,1.739611970779986,-0.019523743725654175,15.645815411085167,-0.05393134867645904,11.494359096313913,-8.799479318380426,1.8982711491634592,0.0,0.7662745444896515,0.0,0.051786607158251494,0.18596156293750796,-0.016911621628944343,65.42200866269627,0.1758858501783591,-1.4821713864358572,-125.64811856221466,-0.27777646087131297,0.042094339632378804,1.3796653796653797,-1.4798714006150406,-0.9661167512690355,-1.590513072852809,-0.22069885254327992,-0.0779446236117952,Real Estate—Diversified,Real Estate,STRS
2017Q3,2017,Q3,2017-11-09,2017-09-30,14308000.0,17222000.0,23640000.0,1.75,1554000.0,0.09023342236674022,410464000.0,133965000.0,58115000.0,81290000.0,276416000.0,18212000.0,-30255000.0,246278400.0,457982400.0,16.48191437007874,0.7149095829745357,0.5551181102362205,1.7008621654909863,0.04226557487081016,16.48191437007874,0.10680401597432165,14.300220648008361,4.303159071847917,1.8383786809987683,0.0004193458205199888,0.8603118822754228,2.436267248772121e-05,0.04195739455835348,0.198696026571534,0.03485811179543151,-28.2753616532721,0.09023342236674022,16.90909090909091,43.117365190999735,-0.5698106894241803,0.09673494961725074,-0.5052531041069723,17.022396416573347,79.13559322033899,22.683430274733247,-0.2131950739167313,0.06004561209180073,Real Estate—Diversified,Real Estate,STRS
2017Q2,2017,Q2,2017-08-09,2017-06-30,-893000.0,21429000.0,295000.0,-0.11,3141000.0,0.14657706845863083,395454000.0,119553000.0,45598000.0,80492000.0,275818000.0,20196000.0,-44563000.0,238933800.0,428296800.0,14.710594315245478,0.5664910798588679,0.5162876086725637,1.7077614112569321,0.0006687243011806078,14.710594315245478,-0.007469490518849381,11.150020999580008,-66.89076147816348,1.9985596346390302,0.0,0.9055258467023173,0.0,0.05418835060462152,0.18393132236744025,-0.0022581640342492428,-31.352027293006167,0.14657706845863083,0.6666666666666667,0.7500045476763517,0.1019992502089884,-0.017805354773449994,-0.05391566265060241,0.6655430711610487,1.1967978652434956,-5.028956974693409,-0.05984487076243303,-0.04757008730894181,Real Estate—Diversified,Real Estate,STRS
2017Q1,2017,Q1,2017-05-10,2017-03-31,-2670000.0,20664000.0,-1499000.0,-0.33,3320000.0,0.16066589237320944,401968000.0,120255000.0,57282000.0,90313000.0,281638000.0,20442000.0,-43670000.0,221967400.0,394743400.0,14.8444636464634,0.6342608483828464,0.49720126975281614,1.6619600016631324,-0.00317976274614427,14.8444636464634,-0.02220281900960459,10.741744096012388,-20.783464419475653,1.8458059955926989,0.0,0.8484492711085021,0.0,0.051407077180273056,0.29987930862666506,-0.006642319786649684,-19.838001608722852,0.16066589237320944,-14.363965517241377,-2.4664095100588193,-0.2971860802818956,-0.09825464957466272,-0.18766821629557132,-14.344827586206897,-1.9134673979280927,-3.4185879344380212,-0.11867851006901632,-0.0358793629914045,Real Estate—Diversified,Real Estate,STRS
2016Q4,2016,Q4,2017-03-16,2016-12-31,-174000.0,20985000.0,1641000.0,-0.021478829774101964,4087000.0,0.19475816059089826,452175000.0,130951000.0,46725000.0,70298000.0,321149000.0,21236000.0,-41143000.0,265307750.0,542812750.0,16.164794469818542,0.6646704031409144,0.6437817216785536,2.2229841696512436,0.0018484587030150395,16.164794469818542,-0.0013287412849080954,12.642732904455563,-381.18929597701145,2.026007819718826,0.0,0.7957242418534564,0.0,0.04640902305523304,0.19341944294290023,-0.0003848067672914248,-33.17590971614355,0.19475816059089826,0.8926058511294902,0.9619665591964546,-0.24488826108182832,0.03631173542220584,0.39869952087611227,0.895117540687161,2.8611764705882354,-1.2058387853351438,-0.25266499902232853,0.052625326457796495,Real Estate—Diversified,Real Estate,STRS
2016Q3,2016,Q3,2016-11-09,2016-09-30,-1659000.0,21180000.0,425000.0,-0.2,2922000.0,0.13796033994334278,457849000.0,131151000.0,48448000.0,71730000.0,326623000.0,21526000.0,-40969000.0,197493600.0,466611600.0,16.20348406226835,0.6754217203401645,0.6232578863337039,2.1757973633445418,0.0008562572399095362,16.20348406226835,-0.01264954136834641,9.324532577903682,-29.760940325497284,1.505848983233067,0.0,0.848183591935334,0.0,0.0462597930758831,0.22640457270319253,-0.003623465378323421,22.54235817829015,0.13796033994334278,0.3548387096774193,0.5704642016706385,-0.2212093681608064,-0.01032707209168192,0.04956896551724138,0.3318566250503423,1.3120411160058738,-40.28540585618977,-0.11500734024127232,0.06271598891056418,Real Estate—Diversified,Real Estate,STRS
2016Q2,2016,Q2,2016-08-09,2016-06-30,-2483000.0,19150000.0,-1362000.0,-0.31,2784000.0,0.14537859007832898,454258000.0,132608000.0,44970000.0,66028000.0,321575000.0,24323000.0,-39310000.0,151563160.0,429140160.0,16.387543252595155,0.6810746955836917,0.6343157412747822,2.172893038127413,-0.0020986011007682625,16.387543252595155,-0.018724360521235522,7.914525326370757,-15.260084575110755,1.1429413006756757,0.0,0.672861077992024,0.0,0.04215665987170286,0.160023020536742,-0.005466056734278758,-10.730135221238939,0.14537859007832898,-0.4761904761904762,-0.3919527432109433,-0.5993038373213244,-0.02652116353862673,-0.2153325817361894,-0.47534165181224003,-3.879492600422833,-4.93219608208138,-0.5492871077261696,0.07963453916172357,Real Estate—Diversified,Real Estate,STRS
2016Q1,2016,Q1,2016-05-10,2016-03-31,-1683000.0,19026000.0,473000.0,-0.21,3548000.0,0.18648165668033218,439622000.0,134897000.0,44577000.0,57926000.0,304650000.0,24999000.0,-36827000.0,191766960.0,455215960.0,16.71379011274935,0.7695508062010151,0.6249323282274317,2.0366205327027287,0.0007460101104710826,16.71379011274935,-0.012476185534148277,10.079205298013244,-28.48588235294118,1.4215806133568574,0.0,0.6191447657906316,0.0,0.043278088903649044,0.19481752580879053,-0.003828288848146817,-10.324483686874125,0.18648165668033218,-6.53892156862745,-0.7713918372851836,-0.5759380802209227,-0.02062319758991444,-0.18511713367018834,-6.5,-0.818426103646833,-2.4658194516725636,-0.42896831417369174,0.1061369092394971,Real Estate—Diversified,Real Estate,STRS
2015Q4,2015,Q4,2016-03-15,2015-12-31,306000.0,20983000.0,2605000.0,0.03791351753190435,4354000.0,0.2075013105847591,432627000.0,136599000.0,51711000.0,77687000.0,295953000.0,25944000.0,-35144000.0,164729110.0,410807110.0,16.924668566472555,0.6656326026233476,0.608177483143678,1.9261780832948996,0.003146923026305643,16.924668566472555,0.0022401335295280348,7.850598579802697,134.58260620915033,1.205932034641542,0.0,0.6409574468085106,0.0,0.048501364917122605,0.21929022873839896,0.0007073067561663974,-7.184312878886999,0.2075013105847591,-0.9701468365890518,-0.33982756185705015,5.935899693789051,-0.016512841761571445,0.7888249794576828,-0.9701405152224825,-0.8758104500381388,6.690538140668236,-0.2733250591502878,0.1272727467293964,Real Estate—Diversified,Real Estate,STRS
2015Q3,2015,Q3,2015-11-09,2015-09-30,10248000.0,19677000.0,20976000.0,1.27,2434000.0,0.12369771814809168,429544000.0,136274000.0,68384000.0,85899000.0,293199000.0,27013000.0,-35450000.0,123525160.0,345902160.0,16.901153416842366,0.7960977426978195,0.594972808373531,1.8753907568575077,0.03884159232139703,16.901153416842366,0.07520143240823635,6.277641916958886,3.0133967603434817,0.9064470111686749,0.0,0.6383222892681302,0.0,0.045809044009461196,0.386384009126998,0.023857858566293556,-7.393174527172612,0.12369771814809168,10.071428571428571,4.764592533245576,7.073444982147344,-0.013628425702268328,-0.09415705247487904,10.158176943699733,37.701107011070114,30.85347278724933,-0.504524766936187,0.12463183735163907,Real Estate—Diversified,Real Estate,STRS
2015Q2,2015,Q2,2015-08-10,2015-06-30,-1119000.0,19986000.0,542000.0,-0.14,2687000.0,0.13444411087761432,416704000.0,138204000.0,82886000.0,50703000.0,238971000.0,50927000.0,-45698000.0,115433520.0,300717520.0,17.14477112020841,1.6347356172218606,0.5057738826601137,1.5249775693901768,0.0008174619525757444,17.14477112020841,-0.008096726578101936,5.775719003302312,-25.789436997319033,0.8352400798819137,0.0,0.33968229033714925,0.0,0.04796210259560743,0.5024160306096286,-0.0026853593917984947,-15.981381697355669,0.13444411087761432,-1.411764705882353,0.9101555963504996,9.486294834746248,-0.01822834558877742,-0.2504881450488145,-1.4080962800875274,-0.6631448104412678,0.6841709494614526,0.03620722442099209,0.14471937890719386,Real Estate—Diversified,Real Estate,STRS
2015Q1,2015,Q1,2015-05-08,2015-03-31,2742000.0,20225000.0,1609000.0,0.34,3585000.0,0.17725587144622992,406147000.0,139133000.0,61981000.0,48043000.0,227397000.0,31872000.0,-44579000.0,111207030.0,288205030.0,17.30294739460266,1.290115105218242,0.49667238709137335,1.4498501433879813,0.0032229107251563285,17.30294739460266,0.019707761638144798,5.498493448702101,10.139225929978119,0.7992857912932231,0.0,0.5220883534136547,0.0,0.04979724090046215,0.5146223175072331,0.00675125016311828,-11.001882667194302,0.17725587144622992,-0.7620591818973019,2.4877200805788413,7.153733853133127,-0.08942140193282436,-0.14906242582482793,-0.7613577023498694,-0.22940613026819923,0.5171901959007357,-0.3069843190014811,0.051088994074530644,Real Estate—Diversified,Real Estate,STRS
2014Q4,2014,Q4,2015-03-16,2014-12-31,11490000.0,26661000.0,2088000.0,1.4289267504041785,4213000.0,0.15802107947938937,402687000.0,136443000.0,49505000.0,40831000.0,227601000.0,12245000.0,-47321000.0,110965800.0,277797800.0,16.968411889068523,1.2124366290318631,0.4879149314479981,1.4399932572576093,0.04218296404734139,16.968411889068523,0.0842109892042831,4.162101946663666,2.4143994778067888,0.813275873441657,0.0,1.8332380563495305,0.0,0.06620774944311587,0.7260414880850334,0.02853332737336939,-108.57710371819961,0.15802107947938937,19.41323929148826,10.106049445310731,9.219658972857122,-0.11820458442600211,0.8151658767772512,18.246231155778894,0.0009587727708533077,3.5302589361562187,-0.03348799392877978,0.08783099005383069,Real Estate—Diversified,Real Estate,STRS
2014Q3,2014,Q3,2014-11-13,2014-09-30,597000.0,21630000.0,2086000.0,0.07,2321000.0,0.10730466944059178,387938000.0,124884000.0,49347000.0,34972000.0,218714000.0,16407000.0,-58811000.0,112448000.0,273554000.0,15.548306772908367,1.411043120210454,0.4840515752517155,1.5036513884885174,0.00563577457187858,15.548306772908367,0.004780436244835207,5.198705501618123,47.08877721943048,0.9004195893789436,0.0,1.176875723776437,0.0,0.05575633219741299,0.7627816538945442,0.0015389057014265166,-7.106167846309403,0.10730466944059178,1.3333333333333337,1.355844410509924,4.987527536385558,-0.20053070681078775,-0.5118822292323869,1.726027397260274,-0.2660098522167488,1.1557638991015804,-0.198523519108633,-0.0503438501974368,Real Estate—Diversified,Real Estate,STRS
2014Q2,2014,Q2,2014-08-14,2014-06-30,219000.0,22521000.0,2842000.0,0.03,4755000.0,0.2111362728120421,363532000.0,124026000.0,49043000.0,29422000.0,194683000.0,20233000.0,-59408000.0,128881500.0,273558500.0,15.4453300124533,1.6668819250900686,0.464710121804958,1.362109557673391,0.008410093987580008,15.4453300124533,0.0017657587925112477,5.722725456240842,147.125,1.0391490493928692,0.0,0.8780704789205753,0.0,0.06195052980205319,0.8245530555366732,0.0006024228953709715,-15.065049678550555,0.2111362728120421,-0.7857142857142857,1.1404243263661547,4.974859142113922,-0.213160835907868,-0.025614754098360656,-0.8003646308113036,-0.15113500597371565,1.1237178076161127,-0.5251303601102733,-0.08249200886753466,Real Estate—Diversified,Real Estate,STRS
2014Q1,2014,Q1,2014-05-15,2014-03-31,1097000.0,23299000.0,3348000.0,0.14,4880000.0,0.20945104940126186,347879000.0,123945000.0,46931000.0,14425000.0,177545000.0,24026000.0,-59627000.0,140633500.0,274114500.0,15.396894409937888,3.2534488734835354,0.4405008638060935,1.2363629029004801,0.011203051586616485,15.396894409937888,0.008850699907216911,6.036031589338598,32.04956700091157,1.134644398725241,0.0,0.7666278198618164,0.0,0.06697443651384533,1.3698440207972271,0.0031533952897415483,-47.43119730185497,0.20945104940126186,0.34166666666666684,1.5841628852487153,13.067135397239834,-0.22110160557923814,-0.07820173781639592,0.305952380952381,-0.06034240808307606,2.15762692028398,-0.47934441540960304,-0.09778924394006311,Real Estate—Diversified,Real Estate,STRS
2013Q4,2013,Q4,2014-03-31,2013-12-31,840000.0,27903000.0,3563000.0,0.10434782608695652,5294000.0,0.18972870300684513,346943000.0,123621000.0,44517000.0,14503000.0,177627000.0,18133000.0,-60724000.0,137896500.0,267921500.0,15.35664596273292,3.069502861476936,0.43618692407686566,1.2241609435290122,0.011277465504915287,15.35664596273292,0.006794962021015847,4.941995484356521,41.040625,1.1154779527750138,0.0,1.246842772845089,0.0,0.08042531482116659,1.4691443149693166,0.002421146989563127,17.952935815649003,0.18972870300684513,22.016681991330618,1.3330363965038483,8.492242900774169,-0.23379354955567486,0.2937438905180841,22.0,0.41726332537788385,0.8169656430525994,8.247356255545697,-0.10763014125542657,Real Estate—Diversified,Real Estate,STRS
2013Q3,2013,Q3,2013-11-14,2013-09-30,-40000.0,23823000.0,2514000.0,-0.004965,4092000.0,0.17176678000251858,376408000.0,122847000.0,78012000.0,24434000.0,182424000.0,23229000.0,-61564000.0,107963800.0,218375800.0,15.247238426213231,3.19276418105918,0.41404539754734226,1.2686512491147526,0.011172034224840054,15.247238426213231,-0.0003256082769624004,4.531914536372414,-674.77375,0.87884767230783,0.0,0.8494123724654526,0.0,0.0632903657733098,1.8596218384218712,-0.00010626766699963868,4.131478646869739,0.17176678000251858,-1.0620625,0.8916150995585028,2.2700778662839256,-0.24681021706159584,-0.21034349671941335,-1.0632911392405062,-0.4924288310115082,0.9852950975686025,8.781821901590671,-0.11015288724793877,Real Estate—Diversified,Real Estate,STRS
2013Q2,2013,Q2,2013-08-14,2013-06-30,632000.0,42525000.0,4953000.0,0.08,5182000.0,0.12185773074661964,369194000.0,122933000.0,78504000.0,47807000.0,170368000.0,29318000.0,-61524000.0,101156510.0,207163510.0,15.1787875046302,1.6421026209550902,0.33530339062931686,1.006987546061676,0.018677476446624822,15.1787875046302,0.005141011770639291,2.3787539094650207,40.01444224683544,0.8228588743461887,0.0,1.2737226277372262,0.0,0.11518334534147359,0.37201665028133957,0.0017118371371149044,9.990766419753086,0.12185773074661964,-0.4285714285714286,1.4677768545126022,8.487969838790786,-0.23559630534199352,0.06079836233367451,-0.4518647007805724,0.5869913489266261,1.0505051359291777,21.207415877244312,-0.13080768381840982,Real Estate—Diversified,Real Estate,STRS
2013Q1,2013,Q1,2013-05-15,2013-03-31,1153000.0,33459000.0,3121000.0,0.14,4885000.0,0.145999581577453,371165000.0,122467000.0,83590000.0,44449000.0,165015000.0,48328000.0,-62156000.0,127005350.0,242185350.0,15.110055521283158,1.8805822403203671,0.3512427087683375,1.0645235042909518,0.011112000529902261,15.110055521283158,0.009414781124711146,3.7958501449535254,27.538020381613183,1.0370577380028907,0.0,0.5912514484356894,0.0,0.09014589198873817,0.3417174739589192,0.0031064351433998357,13.206337735260476,0.145999581577453,22.012962962962966,11.095115374751332,5.1649955494583555,-0.24924956250541927,0.3009320905459387,22.35185185185185,0.49116101290014336,1.6206405180109367,12.38252308022423,-0.20482372976646507,Real Estate—Diversified,Real Estate,STRS
2012Q4,2012,Q4,2013-03-29,2012-12-31,-54000.0,28997000.0,2093000.0,-0.006662553979025293,3755000.0,0.12949615477463186,379128000.0,121687000.0,90685000.0,49062000.0,170233000.0,60244000.0,-63309000.0,68973550.0,193224550.0,15.013818630475015,1.8483755248461131,0.3614478487476525,1.1261268664688915,0.00397200139201206,15.013818630475015,-0.00044376145356529457,2.3786443425181916,-319.3219907407407,0.5668111630658986,0.0,0.4189960825974371,0.0,0.07648340402186068,0.26056826056826055,-0.00014243210736215737,16.06651525739576,0.12949615477463186,-1.1665638494756323,-1.003963174747212,2.854244669549295,-0.2545304096010208,0.23074401835463781,-1.1671826625386996,0.38701126573889993,0.9575418782328098,10.027322612292823,-0.2197786967240394,Real Estate—Diversified,Real Estate,STRS
2012Q3,2012,Q3,2012-11-14,2012-09-30,323000.0,39871000.0,1509000.0,0.04,3051000.0,0.0765217827493667,385687000.0,121653000.0,16782000.0,13437000.0,169075000.0,0.0,-63255000.0,75283500.0,203135500.0,15.02816553428042,1.2489394954230855,0.37500356506701027,1.1889061511019046,0.006632116430140036,15.02816553428042,0.0026550927638447058,1.8881768704070627,58.268962848297214,0.6188380064609997,0.0,0.0,0.0,0.10337657219455154,1.2489394954230855,0.0008374666504186037,4.323159526817503,0.0765217827493667,1.0909090909090908,1.8743561511399953,3.6336384355637437,-0.16045008764642427,14.973821989528796,1.0907813378302418,1.9057623049219687,1.191027189599361,9.951030267073715,-0.2272755449772823,Real Estate—Diversified,Real Estate,STRS
2012Q2,2012,Q2,2012-08-14,2012-06-30,-3558000.0,19369000.0,-1666000.0,-0.44,191000.0,0.00986111828179049,402616000.0,121241000.0,15075000.0,11305000.0,182494000.0,0.0,-63578000.0,72855000.0,218122000.0,14.97726991970352,1.3334807607253427,0.3982504421086097,1.322506412847139,-0.006097042268356497,14.97726991970352,-0.02934650819442268,3.7614228922505033,-5.119097807757167,0.6009105830535875,0.0,0.0,0.0,0.048107874500764994,1.3334807607253427,-0.008837204681383751,-62.00425531914894,0.00986111828179049,-3.0,-14.802354304050192,1.6009826217999092,-0.1683384907857727,-0.9175302245250432,-3.0892542571931885,-2.9715976331360947,-1.2630954438206958,4.097366870136328,-0.2370054550793055,Real Estate—Diversified,Real Estate,STRS
2012Q1,2012,Q1,2012-05-15,2012-03-31,1703000.0,27500000.0,845000.0,0.22,2316000.0,0.08421818181818182,403865000.0,124732000.0,13975000.0,11804000.0,179194000.0,0.0,-60020000.0,71602650.0,215679650.0,16.461924244423916,1.183920704845815,0.39134859420846074,1.2671327325786486,0.0031587742345926275,16.461924244423916,0.013653272616489754,2.6037327272727273,10.511252201996477,0.5740519674181445,0.0,0.0,0.0,0.0680920604657497,1.183920704845815,0.004216755599024426,-16.907355371900827,0.08421818181818182,1.3895629820051414,1.2990606288536157,3.414820603645946,-0.08246407175755958,1.8846447669977082,1.3979901846225753,1.2060473055352352,1.9634752750289886,16.640044369538014,-0.16722385555999103,Real Estate—Diversified,Real Estate,STRS
2011Q4,2011,Q4,2012-03-30,2011-12-31,-4279000.0,25993000.0,-4101000.0,-0.5647353833971229,-2618000.0,-0.10071942446043165,421605000.0,118189000.0,7695000.0,18977000.0,203923000.0,0.0,-61723000.0,59176370.0,209932370.0,15.598389864062295,0.4054908573536386,0.37582808553029495,1.340657760028429,-0.015137623847138015,15.598389864062295,-0.03620472294375957,2.2766271688531527,-3.4573714652956293,0.5006927040587533,0.0,0.0,0.0,0.06165249463360254,0.4054908573536386,-0.010149310373453825,10.938330868761552,-0.10071942446043165,-0.17653204874400613,-1.8475521688399366,1.699848376242443,-0.12089763722838867,-53.36,-0.1965883668903803,-1.7672064777327936,-0.8024087718709719,8.394484275524015,-0.22173194853917394,Real Estate—Diversified,Real Estate,STRS
2011Q3,2011,Q3,2011-11-14,2011-09-30,-3576000.0,25180000.0,-1482000.0,-0.48,50000.0,0.0019857029388403494,433681000.0,122696000.0,7591000.0,22649000.0,210804000.0,0.0,-57444000.0,57703800.0,231840800.0,16.37256471844142,0.3351582851340015,0.41903611179645867,1.481124079024581,-0.005114737649012114,16.37256471844142,-0.02914520440764165,2.2916521048451153,-4.034102348993288,0.4702989502510269,0.0,0.0,0.0,0.05806110943297032,0.3351582851340015,-0.008245692110099359,-12.398753760206274,0.0019857029388403494,-1.1818181818181819,-3.9564257672013987,1.495967129033176,-0.09713795590498038,-0.9901244321548489,-1.1646489104116222,-1.4369103773584906,-9.41755919020931,2.7160114544088594,-0.19122085444488407,Real Estate—Diversified,Real Estate,STRS
2011Q2,2011,Q2,2011-08-15,2011-06-30,-1652000.0,44260000.0,3392000.0,-0.22,5063000.0,0.11439222774514234,431143000.0,126154000.0,6736000.0,21461000.0,208675000.0,0.0,-53868000.0,100419600.0,274052600.0,16.834000533760342,0.3138716741997111,0.418350756013666,1.429752524692043,0.01017056633965626,16.834000533760342,-0.013095105981578072,2.2688567555354724,-15.196670702179176,0.7960080536487151,0.0,0.0,0.0,0.10265735498430915,0.3138716741997111,-0.003831675337417052,13.169783606557377,0.11439222774514234,-0.8333333333333334,-1.0906079725477522,0.31253721862153855,-0.05959331182452563,-0.13289946908717246,-0.8751418842224744,-0.12396694214876033,-0.32144594963742673,9.67230167431759,-0.15223978200129892,Real Estate—Diversified,Real Estate,STRS
2011Q1,2011,Q1,2011-05-16,2011-03-31,-881000.0,41603000.0,3872000.0,-0.12,5839000.0,0.1403504554959979,451842000.0,127720000.0,10839000.0,31068000.0,234012000.0,0.0,-52216000.0,98414600.0,280920600.0,17.065740245857832,0.3488798764001545,0.42790400184135163,1.513819292201691,0.01141803202018102,17.065740245857832,-0.00689790165988099,2.365564983294474,-27.926958002270148,0.7705496398371436,0.0,0.0,0.0,0.09207422063464663,0.3488798764001545,-0.0019497966103195364,9.978160803001115,0.1403504554959979,-3.0895104895104897,-1.0522949511036377,2.44377587498897,0.09439556238822655,7.568053993250843,-3.0536130536130535,3.962509563886764,-11.00865817113963,7.301636241124675,-0.15208041838759398,Real Estate—Diversified,Real Estate,STRS
2010Q4,2010,Q4,2010-12-31,2010-12-31,429000.0,2800000.0,-1307000.0,0.05742971887550201,-889000.0,-0.3175,455186000.0,128550000.0,11730000.0,27977000.0,242386000.0,0.0,-51335000.0,67977000.0,257770000.0,17.20883534136546,0.4192729742288308,0.44272670952094306,1.5676623881758072,-0.0040434807573690446,17.20883534136546,0.0033372228704784132,24.2775,39.61363636363636,0.5287981330221704,0.0,0.0,0.0,0.006151331543588775,0.4192729742288308,0.0009424718686427087,-9.291552761071625,-0.3175,1.1689109378691236,-0.9123855015596408,-0.7418904485489739,0.32346135633681294,0.12154150197628459,1.1701030927835052,0.5474376731301939,-0.9658383238164513,-0.5961903803520842,-0.14554293288640135,Real Estate—Diversified,Real Estate,STRS
2010Q3,2010,Q3,2010-09-30,2010-09-30,-2522000.0,2258000.0,-2888000.0,-0.34,-1012000.0,-0.4481842338352524,424179000.0,127996000.0,12621000.0,27687000.0,210212000.0,0.0,-51764000.0,62748000.0,221820000.0,17.13467202141901,0.4558457037598873,0.4047654410048588,1.3413934810462826,-0.009696843974841936,17.13467202141901,-0.019703740741898183,27.789193976970772,-6.220063441712926,0.4902340698146817,0.0,0.0,0.0,0.005323224393475396,0.4558457037598873,-0.005945603153385717,-119.29277566539923,-0.4481842338352524,0.7806451612903226,-1.7327075097618554,-0.832580363746412,0.3778514381276152,0.11305872042068361,0.7813421189526617,-0.06489675516224189,-6.398218962807753,-0.7156290667898073,-0.042769900226654646,Real Estate—Diversified,Real Estate,STRS
2010Q2,2010,Q2,2010-06-30,2010-06-30,-11534000.0,1765000.0,-2712000.0,-1.55,-1141000.0,-0.6464589235127479,384754000.0,130362000.0,13227000.0,32114000.0,167954000.0,0.0,-49242000.0,73978150.0,186174150.0,17.463094440723374,0.41187644018185215,0.3259823159733232,0.9621131924947454,-0.04541921468842504,17.463094440723374,-0.0884767033337936,41.91396600566572,-1.6034799289058437,0.5674824718859791,0.0,0.0,0.0,0.004587346720242025,0.41187644018185215,-0.029977596074374797,-2.35892190937789,-0.6464589235127479,-5.739130434782608,-9.442909537437334,-0.7879360917140804,0.4304193801989314,-6.881443298969073,-5.7489760093622,0.032465215840171244,-49.51926528502305,-0.7429829100005715,-0.030305018472279843,Real Estate—Diversified,Real Estate,STRS
2010Q1,2010,Q1,,2010-03-31,-1709000.0,2300000.0,-2803000.0,-0.23,194000.0,0.08434782608695653,349664000.0,141680000.0,5908000.0,26030000.0,123310000.0,0.0,-37708000.0,73739840.0,155568840.0,19.00214592274678,0.2269688820591625,0.25091802416033676,0.6192617165443253,-0.008053905775744453,19.00214592274678,-0.01206239412761152,32.0608,-10.786986541837333,0.5204675324675325,0.0,0.0,0.0,0.006577743204905281,0.2269688820591625,-0.004887549190079619,-2.815464854339277,0.08434782608695653,-0.46570940170940184,-0.8135847263007305,-0.38678631811679026,0.5750360102292813,2.4696969696969697,-0.46068376068376066,-0.4199594731509625,-3.3446025172429836,-0.6247682396517837,0.059119902324390426,Real Estate—Diversified,Real Estate,STRS
2009Q4,2009,Q4,2010-03-31,2009-12-31,-1170000.0,2419000.0,-1974000.0,-0.1569206008583691,-132000.0,-0.05456800330715172,328590000.0,143476000.0,23694000.0,31751000.0,110677000.0,0.0,-35999000.0,82016000.0,147723000.0,19.24302575107296,0.7462442127806999,0.2468273532365562,0.565286180267083,-0.005283329831808584,19.24302575107296,-0.008154673952438038,33.904919388176936,-17.524786324786326,0.5716356742591095,0.0,0.0,0.0,0.007361757813688792,0.4849611035872886,-0.0035606683100520404,-2.992520159083446,-0.05456800330715172,0.25275904353157574,-1.4700452701510964,-0.7624900889588062,0.5744214456408734,0.7630161579892281,0.24661944623309723,0.1688421052631579,-1.2355056890417153,-0.7446650737426039,0.08450869301696025,Real Estate—Diversified,Real Estate,STRS
2009Q3,2009,Q3,2009-11-06,2009-09-30,-1553000.0,3344000.0,-2375000.0,-0.21,-557000.0,-0.166566985645933,303689000.0,144598000.0,24926000.0,22649000.0,100679000.0,0.0,-34829000.0,61041350.00000001,112066350.0,19.448285137861465,1.1005342399222924,0.2500946692175219,0.5252562276103404,-0.007045237818688383,19.448285137861465,-0.01074012088687257,18.253992224880385,-9.826360270444303,0.4221451887301347,0.0,0.0,0.0,0.011011264813674516,1.1005342399222924,-0.005113784167355419,-3.1264776685105513,-0.166566985645933,-0.1052631578947368,-3.7049000373071705,-0.3323415820419626,0.6359812086649649,0.22097902097902097,-0.07548476454293629,0.10377358490566038,-2.2941172920034596,-0.665895657457696,0.07247207604160415,Real Estate—Diversified,Real Estate,STRS
2009Q2,2009,Q2,2009-08-10,2009-06-30,-1444000.0,3490000.0,-2650000.0,-0.19,-715000.0,-0.20487106017191978,283467000.0,145946000.0,33549000.0,12314000.0,89445000.0,0.0,-33276000.0,47212250.0,87904250.0,19.629589778076664,2.7244599642683123,0.2619035019949412,0.5086881449303167,-0.008072064942030083,19.629589778076664,-0.009894070409603552,13.527865329512894,-8.173865997229917,0.3234912227810286,0.0,0.0,0.0,0.012311838767828353,2.7244599642683123,-0.005094067387032706,-2.6387351889112454,-0.20487106017191978,0.1739130434782609,-1.864396136660877,-0.19911912229146578,0.6589552062375655,0.10625,0.16868163500287853,0.0795415074678708,-1.079828189361716,-0.8956822141704659,0.09657817085269575,Real Estate—Diversified,Real Estate,STRS
2009Q1,2009,Q1,2009-07-15,2009-03-31,-1737000.0,1532000.0,-2879000.0,-0.23,-800000.0,-0.5221932114882507,263570000.0,147189000.0,31351000.0,9166000.0,80201000.0,0.0,-31832000.0,45048300.0,96609300.0,19.767526188557614,3.4203578442068516,0.25806427135106424,0.4621133372738452,-0.008876728956549453,19.767526188557614,-0.011801153618816623,29.4048955613577,-6.483635578583765,0.30605751788516805,0.0,0.0,0.0,0.005812497628713434,3.4203578442068516,-0.006590279622111773,-2.805,-0.5221932114882507,0.26593227603943415,0.07631612429436553,-0.2447450784494447,0.6583152530650194,0.35948759007205766,0.2554650664380626,0.18349404424276802,-1.103632128505957,-0.8725382893703786,0.26765628847546485,Real Estate—Diversified,Real Estate,STRS
2008Q4,2008,Q4,2009-06-24,2008-12-31,-2333000.0,2719000.0,-3526000.0,-0.3133225893096965,-1249000.0,-0.4593600588451637,252546000.0,149236000.0,17103000.0,11089000.0,78024000.0,0.0,-30095000.0,92777160.0,139032160.0,20.042438893365567,1.5423392551176842,0.2508533098920593,0.42450883164919995,-0.011339415469894719,20.042438893365567,-0.015632957195314802,34.12179477749172,-9.941830261465924,0.6216808276823287,0.0,0.0,0.0,0.010766355436237359,1.5417981783749661,-0.00923792101240962,-8.227113594040969,-0.4593600588451637,-5.2664517861939295,-2.2036002085785418,0.001848910363188269,0.6498693953177654,-2.722758620689655,-5.6657142857142855,-2.533066132264529,-1.478003410950247,-0.74854931545925,0.5413822513805626,Real Estate—Diversified,Real Estate,STRS
2008Q3,2008,Q3,2009-05-05,2008-09-30,-350000.0,6909000.0,-998000.0,-0.05,725000.0,0.10493559125777971,246247000.0,154681000.0,40109000.0,7048000.0,75076000.0,0.0,-26277000.0,210280320.0,236831320.0,20.243554508572178,5.69083427922815,0.2573838463006656,0.40974651056044376,-0.003323763854893709,20.243554508572178,-0.0022627213426341954,30.43570994355189,-150.20022857142857,1.3594450514284235,0.0,0.0,0.0,0.028057194605416513,5.441827468785471,-0.0014213371127363987,286.8762892223738,0.10493559125777971,0.7058823529411765,-1.1469697023289485,-0.15499555612423982,0.6494113468527328,1.8543307086614174,0.7250589159465829,0.39257455873402314,-1.0994086113278854,-0.49919569758663995,0.6278461973234205,Real Estate—Diversified,Real Estate,STRS
2008Q2,2008,Q2,2008-08-11,2008-06-30,-1273000.0,4223000.0,-1643000.0,-0.17,254000.0,0.060146815060383614,238982000.0,151529000.0,43141000.0,11838000.0,76839000.0,0.0,-30484000.0,132703090.0,161423090.0,19.857030533350805,3.644281128569015,0.2653463440761229,0.41848755023790823,-0.005900571790317322,19.857030533350805,-0.008401032145661886,31.423890599100165,-26.06109387274156,0.8757603495040553,0.0,0.0,0.0,0.01767078692119072,3.0566818719378275,-0.005326761011289553,-9.600860222833164,0.060146815060383614,-18.0,-0.02347602727936309,1.6296681079222077,0.6606392693583387,-0.6092307692307692,-15.303370786516854,-0.631578947368421,-1.9115677479817172,-0.5036460397876422,0.6265090591201281,Real Estate—Diversified,Real Estate,STRS
2008Q1,2008,Q1,2008-05-12,2008-03-31,89000.0,5067000.0,-1007000.0,0.01,650000.0,0.12828103414249062,224474000.0,152298000.0,40673000.0,8690000.0,72176000.0,0.0,-29211000.0,222999490.0,246726490.0,20.12660235231928,4.680437284234753,0.27378226431568914,0.40353123481595293,-0.0024957088166135907,20.12660235231928,0.0005843806222012108,44.010161831458454,626.4030617977528,1.464231244008457,0.0,0.0,0.0,0.02257277012037029,4.5153049482163405,0.0003964824434010175,-27.979860727728983,0.12828103414249062,-0.9940515682729345,1.246370851763462,0.7689243156780634,0.6608732049500946,-0.2140266021765417,-0.9930036946780914,-0.16821345707656613,1.0930610522606239,0.33111957422780736,0.6682391345348611,Real Estate—Diversified,Real Estate,STRS
2007Q4,2007,Q4,2008-03-17,2007-12-31,12721000.0,7024000.0,-862000.0,1.6811153693669882,827000.0,0.11773917995444191,228357000.0,152400000.0,45091000.0,12189000.0,75957000.0,0.0,-29300000.0,256823979.99999997,277338980.0,20.140081934716534,3.6993190581672,0.2693151512762911,0.4035433070866142,-0.002448361446466357,20.140081934716534,0.08347112860892389,36.5637784738041,5.047244320415062,1.6851967191601047,0.0,0.0,0.0,0.030758855651458025,3.577898104848634,0.05570663478675933,54.446465974136096,0.11773917995444191,34.62230738733977,11.198384719447777,2.9610142206355796,0.6559607423204049,-0.25022665457842247,37.87246376811594,-1.037825059101655,4.035669782213444,-0.32046389442772893,0.6478165817147546,Real Estate—Diversified,Real Estate,STRS
2007Q3,2007,Q3,2007-11-09,2007-09-30,-345000.0,8036000.0,-423000.0,-0.05,1103000.0,0.1372573419611747,220591000.0,135326000.0,40235000.0,39331000.0,85265000.0,0.0,-42021000.0,272160000.0,312685000.0,17.90026455026455,1.0229844143296636,0.19039761368324185,0.31036164521230214,-0.0019293069209803833,17.90026455026455,-0.002549399228529625,33.86759581881533,-197.21739130434784,2.011143460975718,0.0,0.0,0.0,0.036429410084726936,0.06758028018611273,-0.0015639803981123436,-81.26604956703494,0.1372573419611747,-2.666666666666667,-2.648742643124666,0.6518987648928684,0.4514720314920864,-0.5359697097181321,-2.4315352697095434,-1.7966101694915255,-1.5909599327462882,0.5779279382284115,0.5057623963643997,Real Estate—Diversified,Real Estate,STRS
2007Q2,2007,Q2,2007-08-09,2007-06-30,241000.0,6962000.0,531000.0,0.03,2377000.0,0.34142487790864695,216036000.0,136291000.0,10826000.0,11327000.0,79745000.0,0.0,-41677000.0,261020320.00000003,318871320.0,18.00885306553911,0.9557694005473647,0.2894147271751005,0.45875369613547484,0.0019979424602397113,18.00885306553911,0.0017682752346083015,37.49214593507613,270.76796680497927,1.91516916010595,0.0,0.0,0.0,0.03222611046307097,0.49024454842411935,0.001115554814938251,-63.72566406250001,0.34142487790864695,-0.7000000000000001,-0.39732383833385815,0.8300792412884526,0.4621931975671338,-0.20020188425302826,-0.6734417344173442,-0.45314109165808447,1.469659139547854,0.5695543748508906,0.5219819104325029,Real Estate—Diversified,Real Estate,STRS
2007Q1,2007,Q1,2007-05-10,2007-03-31,738000.0,6206000.0,971000.0,0.1,2972000.0,0.47889139542378345,207617000.0,135440000.0,7217000.0,9914000.0,72177000.0,0.0,-41918000.0,253797379.99999997,308417380.0,17.941449198569348,0.7279604599556183,0.269361372141973,0.4129060838747785,0.0032088136424915244,17.941449198569348,0.005448907265209687,40.89548501450209,85.97472222222221,1.8738731541642053,0.0,0.0,0.0,0.02989157920594171,0.2519669154730684,0.0035546222130172383,-31.598279382470118,0.47889139542378345,-0.849920477137177,0.8999346347035434,2.3529623280803946,0.4594701358564491,-0.27299412915851273,-0.8532803180914513,-0.5889077053344624,1.3870913907255609,2.01772858345847,0.5051240395118802,Real Estate—Diversified,Real Estate,STRS
