Year,Date,FillingDate,NetIncome,Revenue,OperatingIncome,EPSDiluted,GrossProfit,GrossProfitRatio,TotalAssets,CommonStockEquity,CurrentAssets,CurrentLiability,TotalLiability,Inventory,RetainedEarnings,EnterpriseValue,bookValuePerShare,currentRatio,debtToAssets,debtToEquity,roic,shareholdersEquityPerShare,roe,priceToSalesRatio,peRatio,pbRatio,payoutRatio,inventoryTurnover,dividendYield,assetTurnover,quickRatio,returnOnAssets,priceToFreeCashFlowsRatio,grossProfitMargin,epsdilutedGrowth,fiveYNetIncomeGrowthPerShare,fiveYRevenueGrowthPerShare,fiveYShareholdersEquityGrowthPerShare,grossProfitGrowth,netIncomeGrowth,operatingIncomeGrowth,threeYNetIncomeGrowthPerShare,threeYRevenueGrowthPerShare,threeYShareholdersEquityGrowthPerShare,Industry,Sector,Price,MarketCap,AvgVolume,Symbol
2022,2022-12-31,2022-12-31,105480000.0,116507000.0,158635000.0,1.63,116507000.0,1.0,2592434000.0,1116391000.0,125897000.0,72618000.0,1476043000.0,0.0,-52058000.0,2093813953.5,17.29169507916118,1.7336886171472639,0.5343638449426292,1.2408761804779866,0.06291181774819664,17.29169507916118,0.09448302610823628,6.594375904452093,7.283759513651877,0.6881916402944847,0.8324232081911263,0.0,0.1142848286837208,0.04494116340088118,1.7336886171472639,0.04068763177770389,-2.4249312044313984,1.0,-0.12365591397849472,0.6781171993457781,0.5989777934456068,-0.3238417034355614,-0.06088940118167675,-0.11958399759613378,-0.07385892600679565,-0.14045778767932443,-0.016799452486410568,-0.12381135386546335,Asset Management,Financial Services,13.85,894187855,183678,BCSF
2021,2021-12-31,2022-02-23,119807000.0,124061000.0,171286000.0,1.86,124061000.0,1.0,2571193000.0,1100006000.0,185422000.0,42686000.0,1471187000.0,0.0,-68443000.0,2279552050.65,17.037909063444413,4.3438598135219975,0.5503211933137653,1.2863402563258746,0.06803000115559277,17.037909063444413,0.10891486046439747,7.9153968664608545,8.19644971203686,0.8927151766899454,0.7328870600215346,0.0,0.08941518410651098,0.04825036471396741,4.3438598135219975,0.04659587981143384,3.6978996763370167,1.0,12.285714285714286,59.407505303919926,16.99689055705243,2.0609306261302556,7.91883537023724,13.472940323749699,1.3849677661900055,1.7238562911663544,2.798773669345327,-0.3347130813432054,Asset Management,Financial Services,13.85,894187855,183678,BCSF
2020,2020-12-31,2021-02-24,8278000.0,13910000.0,71819000.0,0.14,13910000.0,1.0,2603492000.0,1068004000.0,83913000.0,44426000.0,1535488000.0,0.0,-98514000.0,2115357383.3400002,18.203418623302422,1.8888263629406203,0.5601553605695735,1.3655005037434316,0.027652811398136266,18.203418623302422,0.007750907299972659,51.162716271746945,85.97165780864944,0.6663583500998124,10.419666586131916,0.0,0.12119885613144026,0.005342824176144962,1.8888263629406203,0.003179575739045866,7.958949913216578,1.0,-0.9263157894736841,0.0,0.0,0.0,-0.8531352612629735,-0.9156038130193199,-0.5631846242739409,-0.8550772972003826,-0.7899240296421224,-0.28819051737647083,Asset Management,Financial Services,13.85,894187855,183678,BCSF
2019,2019-12-31,2020-02-26,98085000.0,94713000.0,164415000.0,1.9,94713000.0,1.0,2645554000.0,1018400000.0,82778000.0,39158000.0,1627154000.0,0.0,-19995000.0,2537884216.85,19.735127994920493,2.1139486184176923,0.5952004759683605,1.5461851924587589,0.06340639443740637,19.735127994920493,0.09631284367635506,10.56444434079799,10.201256225212825,0.9825119961213667,0.8283223734515981,0.0,0.08119807552763601,0.0358008190345009,2.1139486184176923,0.03707541029213541,-4.1216241848117114,1.0,1.794117647058823,0.0,0.0,0.0,15.730494610732064,2.6811516553416723,1.3738152219863382,60.874488038553594,16.189850748804364,2.5454971302705474,Asset Management,Financial Services,13.85,894187855,183678,BCSF
2018,2018-12-31,2019-02-28,26645194.0,19783938.0,69261920.0,0.68,-6429723.0,-0.3249971265,1791014099.0,1001629147.0,59189109.0,154460370.0,789384952.0,0.0,-32677687.0,1263408721.9,25.609866338336733,0.38319932161239806,0.3545056302764482,0.633891878947089,0.04232132166682103,25.609866338336733,0.02660185566664625,32.539938706843905,24.16075971899473,0.6427210428412184,1.5376565845232728,0.0,0.06364272491458109,0.011046221250321939,0.20637669066829245,0.014877154800108584,-0.8314763312833374,-0.3249971264568257,-0.2989690721649484,0.0,0.0,0.0,-1.3445851576009087,0.38058414890573244,2.8162830763832734,0.0,0.0,0.0,Asset Management,Financial Services,13.85,894187855,183678,BCSF
2017,2017-12-31,2018-03-16,19299942.0,22372667.0,18149052.0,0.97,18659315.0,0.8340228279,988251310.0,506962828.0,150726728.0,30288482.0,481288482.0,0.0,-3469772.0,660170181.6600001,25.57344214663979,4.976371149930855,0.4563616515722099,0.8896115752297327,0.018940674682801157,25.57344214663979,0.03806973792563742,15.648037208080737,18.139345996998333,0.6905601482481868,0.40189001604253527,0.0,0.02215570595042618,0.022638641379589975,4.830376114590358,0.01952938671035002,-0.5020095680937465,0.8340228279444735,30.596091205211724,0.0,0.0,0.0,7.815556295724109,30.692502976312657,28.29066410164956,0.0,0.0,0.0,Asset Management,Financial Services,13.85,894187855,183678,BCSF
2016,2016-12-31,2017-03-29,608975.0,2116635.0,619619.0,0.0307,2116635.0,1.0,176855085.0,110344258.0,67348733.0,6845241.0,66510827.0,0.0,-1028871.0,342456171.66,5.566251295601686,9.838767254505722,0.3341719012489802,0.5355965146822592,0.0036567718925004824,5.566251295601686,0.005518864425188305,165.39853383318334,574.8812769982347,3.1726918283323817,0.0,0.0,0.0,0.011968188531305164,9.838767254505722,0.0034433558978527535,-3.474277103569779,1.0,0.0,0.0,0.0,0.0,0.0,0.0,0.0,0.0,0.0,0.0,Asset Management,Financial Services,13.85,894187855,183678,BCSF
2015,,,,,,,,,0.0,1.0,0.0,0.0,0.0,0.0,0.0,0.0,0.0,0.0,0.0,0.0,,0.0,,0.0,0.0,0.0,0.0,0.0,,0.0,0.0,0.0,0.0,0.0,0.0,0.0,0.0,0.0,0.0,0.0,0.0,0.0,0.0,0.0,Asset Management,Financial Services,13.85,894187855,183678,BCSF
TTM,,,,,,,,,,,,,,,,2272495855.0,17.3652829559186,0.975959323955639,0.5401996582964779,1.255818620656438,0.06383860753625348,17.3652829559186,0.0910531112372685,7.903724355858046,8.84598324413359,0.7975683457135669,0.8813956709271497,0.0,0.10541516245487365,0.043407397232838374,2.1875775077064805,0.03878369507123555,-3.4653608605000854,1.219772837760198,,,,,,,,,,,Asset Management,Financial Services,13.85,894187855,183678,BCSF
