Quarters,Year,Quarter,FillingDate,Date,NetIncome,Revenue,OperatingIncome,EPSDiluted,GrossProfit,GrossProfitRatio,TotalAssets,CommonStockEquity,CurrentAssets,CurrentLiability,TotalLiability,Inventory,RetainedEarnings,MarketCap,EnterpriseValue,bookValuePerShare,currentRatio,debtToAssets,debtToEquity,roic,shareholdersEquityPerShare,roe,priceToSalesRatio,peRatio,pbRatio,payoutRatio,inventoryTurnover,dividendYield,assetTurnover,quickRatio,returnOnAssets,priceToFreeCashFlowsRatio,grossProfitMargin,epsdilutedGrowth,fiveYNetIncomeGrowthPerShare,fiveYRevenueGrowthPerShare,fiveYShareholdersEquityGrowthPerShare,grossProfitGrowth,netIncomeGrowth,operatingIncomeGrowth,threeYNetIncomeGrowthPerShare,threeYRevenueGrowthPerShare,threeYShareholdersEquityGrowthPerShare,Industry,Sector,Symbol
2023Q1,2023,Q1,2023-04-20,2023-03-31,67000000.0,740000000.0,123000000.0,2.28,256000000.0,0.3459459459,6276000000.0,1087000000.0,625000000.0,593000000.0,5189000000.0,0.0,272000000.0,3303100000.0,7217100000.0,37.48275862068966,1.0539629005059021,0.630019120458891,3.637534498620055,0.01906315058986815,37.48275862068966,0.061637534498620056,4.463648648648649,12.325000000000001,3.038730450781969,0.29850746268656714,0.0,0.0060549181072326,0.11790949649458253,0.9342327150084317,0.010675589547482474,-25.408461538461538,0.34594594594594597,-0.3027522935779817,7.496415158757254,0.680244969099035,1.127744043229235,-0.19293820933165196,-0.3149284253578732,-0.3042986425339366,19.045666356011186,0.6906196145393604,0.7474620489400404,Rental & Leasing Services,Industrials,HRI
2022Q4,2022,Q4,2023-02-14,2022-12-31,97800000.0,786000000.0,176800000.0,3.27,317200000.0,0.403562341,5956800000.0,1108700000.0,643500000.0,604000000.0,4848100000.0,0.0,224100000.0,3868158000.0,7430058000.0,37.7108843537415,1.0653973509933774,0.6069366102605426,3.260936231622621,0.024032696956884685,37.7108843537415,0.08821141877874988,4.921320610687023,9.88792944785276,3.4889131415170915,0.16973415132924335,0.0,0.004291448281068147,0.13195004029008864,0.9536423841059603,0.016418211120064464,-69.32182795698925,0.4035623409669211,-0.026785714285714246,-0.5607054767777386,0.5387265339326701,1.0909444106796324,0.03829787234042553,-0.03550295857988166,0.04863582443653618,1.729461015175301,0.4255863426651906,0.6856642393104999,Rental & Leasing Services,Industrials,HRI
2022Q3,2022,Q3,2022-10-20,2022-09-30,101400000.0,745100000.0,168600000.0,3.36,305500000.0,0.4100120789,5684000000.0,1083100000.0,634700000.0,584100000.0,4600900000.0,0.0,143400000.0,3085236000.0,6459836000.0,36.46801346801347,1.0866290018832392,0.6037121745249824,3.1682208475671683,0.024372122781836935,36.46801346801347,0.09362016434308928,4.140700577103744,7.6065976331360945,2.8485236820238207,0.16962524654832348,0.0,0.005574938189493446,0.13108726249120337,0.9859613079952063,0.01783954961294863,-40.70232189973615,0.4100120789155818,0.411764705882353,6.548453282828282,0.5515241282286735,2.573562261581652,0.3886363636363636,0.40443213296398894,0.3740831295843521,9.424027509133893,0.41706840762144826,0.7649780548600109,Rental & Leasing Services,Industrials,HRI
2022Q2,2022,Q2,2022-07-21,2022-06-30,72200000.0,640400000.0,122700000.0,2.38,220000000.0,0.3435352904,5310000000.0,1065300000.0,566800000.0,528300000.0,4244700000.0,0.0,59600000.0,2686470000.0,5794570000.0,35.74832214765101,1.0728752602687868,0.5951412429378531,2.966488313151225,0.01866685630753427,35.74832214765101,0.06777433586783066,4.19498750780762,9.302181440443213,2.5217966769923965,0.23822714681440443,0.0,0.006402453777633847,0.12060263653483992,0.9651713041832293,0.013596986817325801,-39.97723214285714,0.3435352904434728,0.23958333333333331,3.484267094640599,0.4626385297526237,2.909109415682085,0.23595505617977527,0.2341880341880342,0.36941964285714285,6.16854632256279,0.29817106677647515,0.7577126017433339,Rental & Leasing Services,Industrials,HRI
2022Q1,2022,Q1,2022-04-21,2022-03-31,58500000.0,567300000.0,89600000.0,1.92,178000000.0,0.3137669663,4717600000.0,1011700000.0,475200000.0,463300000.0,3705900000.0,0.0,5100000.0,4979282000.0,7679382000.0,33.9496644295302,1.0256853011007987,0.5771790741054773,2.6914104971829595,0.01816318926974665,33.9496644295302,0.05782346545418603,8.777158469945356,21.278982905982904,4.92169813185727,0.2923076923076923,0.0,0.0034342300757418437,0.12025182296082754,0.910641053313188,0.012400373071053078,-31.775890236119974,0.3137669663317469,-0.4696132596685083,2.417228804273387,0.3835249894003165,2.410633664734486,-0.6810035842293907,-0.4681818181818182,0.21081081081081082,9.37974556746469,0.14453585179311876,0.7160841334120958,Rental & Leasing Services,Industrials,HRI
2021Q4,2021,Q4,2022-02-10,2021-12-31,110000000.0,578000000.0,74000000.0,3.62,558000000.0,0.9653979239,4490000000.0,976000000.0,469000000.0,529000000.0,3513000000.0,0.0,-53000000.0,4649535000.0,6955435000.0,32.861952861952865,0.8865784499054821,0.521380846325167,2.3985655737704916,0.026967304627841252,32.861952861952865,0.11270491803278689,8.044178200692041,10.567125,4.763867827868852,0.0,0.0,0.0,0.1287305122494432,0.7996219281663516,0.024498886414253896,6.930295125950216,0.9653979238754326,0.5274261603375527,8.940516273849608,0.35921571755727716,1.9272687000102804,1.8054298642533937,0.5214384508990318,-0.3696763202725724,2.169836503169836,0.02013328057102195,0.6353512424753914,Rental & Leasing Services,Industrials,HRI
2021Q3,2021,Q3,2021-10-21,2021-09-30,72300000.0,550400000.0,117400000.0,2.37,198900000.0,0.3613735465116279,4132600000.0,909200000.0,448400000.0,426700000.0,3223400000.0,0.0,-125200000.0,4838416000.0,7096816000.0,30.716216216216218,1.0508554019217249,0.5550016938489086,2.5226572811262646,0.02394536407503096,30.716216216216218,0.07952045754509458,8.790726744186047,16.730345781466113,5.321619005719314,0.0,0.0,0.0,0.13318491990514447,0.9582845090227325,0.017495039442481732,-113.57784037558686,0.3613735465116279,0.5290322580645161,22.041554054054053,0.3038330699381243,1.4667108936405193,0.2652671755725191,0.535031847133758,0.4110576923076923,0.5067786942786944,0.026629108767814585,0.579311135057121,Rental & Leasing Services,Industrials,HRI
2021Q2,2021,Q2,2021-07-22,2021-06-30,47100000.0,490900000.0,83200000.0,1.55,157200000.0,0.3202281523731921,3682600000.0,835400000.0,379700000.0,392200000.0,2847200000.0,0.0,-197500000.0,3317272000.0,5250372000.0,28.222972972972972,0.968128505864355,0.5343235757345354,2.35539861144362,0.01970653222421732,28.222972972972972,0.05638017716064161,6.7575310653901,17.607600849256897,3.9708786210198705,0.0,0.0,0.0,0.13330255797534352,0.8857725650178481,0.012789876717536524,88.93490616621983,0.3202281523731921,0.4220183486238531,6.628927165962837,0.233807008723037,1.2991079646291368,0.2300469483568075,0.4316109422492401,0.33547351524879615,151.63513513513516,-0.029868900826676342,0.6182766655207599,Rental & Leasing Services,Industrials,HRI
2021Q1,2021,Q1,2021-04-22,2021-03-31,32900000.0,453800000.0,62300000.0,1.09,127800000.0,0.28162185985015425,3576000000.0,778000000.0,364000000.0,322800000.0,2798000000.0,0.0,-244600000.0,2989235000.0,4955535000.0,26.372881355932204,1.127633209417596,0.5590604026845638,2.5696658097686376,0.015702735067761316,26.372881355932204,0.042287917737789206,6.58711987659762,22.714551671732522,3.842204370179948,0.0,0.0,0.0,0.12690156599552574,1.0300495662949194,0.009200223713646533,98.33009868421053,0.28162185985015425,-0.08403361344537805,22.045983529943502,0.1910305239031264,-0.6636973130271318,-0.1069182389937107,-0.07323943661971831,-0.15006821282401092,4.135962409800302,0.01293448659354643,0.49708141216964735,Rental & Leasing Services,Industrials,HRI
2020Q4,2020,Q4,2021-02-18,2020-12-31,35500000.0,520400000.0,73300000.0,1.19,143100000.0,0.27498078401229825,3588400000.0,742000000.0,367100000.0,328000000.0,2846400000.0,0.0,-277500000.0,1939172000.0,3954172000.0,25.410958904109588,1.1192073170731707,0.5707279010143796,2.7601078167115904,0.017985616483330396,25.410958904109588,0.04784366576819407,3.7263105303612605,13.656140845070421,2.6134393530997304,0.0,0.0,0.0,0.1450228514100992,1.0189024390243901,0.009892988518559805,18.191106941838648,0.27498078401229825,-0.11851851851851862,-0.5599263637319132,0.19431016915732677,-0.688858889295775,0.062360801781737196,-0.11027568922305764,-0.005427408412483039,-0.8394502010368259,0.02574796415009723,0.4089540301455747,Rental & Leasing Services,Industrials,HRI
2020Q3,2020,Q3,2020-10-22,2020-09-30,39900000.0,456700000.0,73700000.0,1.35,134700000.0,0.29494197503831837,3662000000.0,686500000.0,385000000.0,301700000.0,2975500000.0,0.0,-313000000.0,1156612000.0,3313512000.0,23.51027397260274,1.2761020881670533,0.6036865101037684,3.220247632920612,0.017468949357316032,23.51027397260274,0.05812090313182811,2.532542150208014,7.246942355889724,1.6847953386744356,0.0,0.0,0.0,0.12471327143637356,1.1504806098773617,0.010895685417804479,45.53590551181102,0.29494197503831837,18.285714285714285,0.8595733456269757,0.025302757618633685,-0.6639766581705879,0.5447247706422018,18.95,1.424342105263158,2.021109803082192,-0.032728080994348215,1.3038114730770691,Rental & Leasing Services,Industrials,HRI
2020Q2,2020,Q2,2020-07-23,2020-06-30,2000000.0,368000000.0,30400000.0,0.07,87200000.0,0.23695652173913043,3711700000.0,634000000.0,374800000.0,310500000.0,3077700000.0,0.0,-352900000.0,894243000.0,3127343000.0,21.786941580756015,1.207085346215781,0.6240536681305062,3.653470031545741,0.183331323121457,21.786941580756015,0.0031545741324921135,2.430008152173913,111.78037499999999,1.4104779179810725,0.0,0.0,0.0,0.09914594390710456,1.0634460547504025,0.0005388366516690465,9.892068584070797,0.23695652173913043,1.5384615384615385,-0.8164654866109059,-0.15314474825150381,0.0,-0.12008072653884964,1.5405405405405406,0.03754266211604096,1.0704716370337168,-0.13929013585370975,1.3824205824397036,Rental & Leasing Services,Industrials,HRI
2020Q1,2020,Q1,2020-04-23,2020-03-31,-3700000.0,436200000.0,29300000.0,-0.13,99100000.0,0.2271893626776708,3767200000.0,619900000.0,395500000.0,299100000.0,3147300000.0,0.0,-354900000.0,591294000.0,2633694000.0,21.44982698961938,1.3223002340354397,0.5569653854321512,3.384739474108727,0.013627975502076691,21.44982698961938,-0.005968704629778996,1.355557083906465,-39.9522972972973,0.9538538473947411,0.0,0.0,0.0,0.1157889148439159,1.1521230357739887,-0.0009821618177957103,197.098,0.2271893626776708,-1.1083333333333334,-3.131775973946672,0.06464608651639953,0.0,-0.37397346809854703,-1.1054131054131053,-0.654073199527745,0.9075718522703199,0.09692846593908114,1.1548814476614429,Rental & Leasing Services,Industrials,HRI
2019Q4,2019,Q4,2020-02-27,2019-12-31,35100000.0,540100000.0,84700000.0,1.2,158300000.0,0.2930938715052768,3817000000.0,644300000.0,399700000.0,323100000.0,3172700000.0,0.0,-351200000.0,1409472000.0,3488872000.0,22.37152777777778,1.2370783039306716,0.5534189153785696,3.278596926897408,0.01808273839530226,22.37152777777778,0.05447772776656837,2.6096500648028145,10.03897435897436,2.187602048735061,0.0,0.0,0.0,0.1414985590778098,1.0513772825750543,0.009195703432014672,34.63076167076167,0.2930938715052768,2.7499999999999996,1.0174608771929823,0.102254332548911,-0.6286516874189618,-0.033577533577533576,2.734042553191489,-0.033105022831050226,3.6129261363636362,0.3097810066359547,0.9928052757667962,Rental & Leasing Services,Industrials,HRI
2019Q3,2019,Q3,2019-10-23,2019-09-30,9400000.0,508100000.0,87600000.0,0.32,163800000.0,0.32237748474709704,3903100000.0,593000000.0,381800000.0,396200000.0,3310100000.0,0.0,-386300000.0,1334837000.0,3512737000.0,20.662020905923345,0.9636547198384654,0.5668314929158874,3.7308600337268127,0.050829378620352486,20.662020905923345,0.01585160202360877,2.6271147411926785,35.50098404255319,2.250989881956155,0.0,0.0,0.0,0.13017857600368937,0.8856638061585058,0.0024083420870590045,-13.992002096436059,0.32237748474709704,-0.030303030303030328,-0.5542727097292951,0.16056979508838304,-0.7046856484170136,0.30726256983240224,-0.030927835051546393,0.6911196911196911,2.0896631823461087,0.24137380302020497,0.6592939603792017,Rental & Leasing Services,Industrials,HRI
2019Q2,2019,Q2,2019-08-01,2019-06-30,9700000.0,475100000.0,51800000.0,0.33,125300000.0,0.2637339507472111,3801500000.0,583700000.0,367500000.0,458100000.0,3217800000.0,0.0,-395700000.0,1329958000.0,3363858000.0,20.337979094076655,0.802226588081205,0.5423648559779034,3.532293986636971,0.011403347517730497,20.337979094076655,0.016618125749528867,2.7993222479478006,34.277268041237114,2.278495802638342,0.0,0.0,0.0,0.12497698276995922,0.7341191879502292,0.0025516243588057344,-31.51559241706161,0.2637339507472111,2.4347826086956523,-0.09745144434948395,0.1085556228295123,0.0,0.3203371970495258,2.4477611940298507,1.2136752136752136,2.1956010030487803,0.23154148438101108,0.6567783190109103,Rental & Leasing Services,Industrials,HRI
2019Q1,2019,Q1,2019-05-02,2019-03-31,-6700000.0,475700000.0,23400000.0,-0.23,94900000.0,0.1994954803447551,3666400000.0,565800000.0,374400000.0,335500000.0,3100600000.0,0.0,-405400000.0,1149720000.0,3197620000.0,19.783216783216783,1.115946348733234,0.5652411084442505,3.662778366914104,0.005474628425047385,19.783216783216783,-0.01184164015553199,2.416901408450704,-42.9,2.0320254506892894,0.0,0.0,0.0,0.12974579969452324,1.0160953800298063,-0.0018274056295003273,30.906451612903226,0.1994954803447551,-1.1982758620689655,-4.900735039078568,0.17323378823020988,0.0,-0.3893178893178893,-1.2012012012012012,-0.6794520547945205,-3.4208330442890444,0.28779737203715317,-0.7477276422181296,Rental & Leasing Services,Industrials,HRI
2018Q4,2018,Q4,2019-02-28,2018-12-31,33300000.0,543700000.0,73000000.0,1.16,155400000.0,0.2858193856906382,3610200000.0,572700000.0,400400000.0,299200000.0,3037500000.0,17900000.0,-391100000.0,740715000.0,2872715000.0,20.094736842105263,1.338235294117647,0.5982494044651265,3.7712589488388337,0.022279547139265454,20.094736842105263,0.05814562598218963,1.3623597572190547,5.560923423423422,1.2933734939759036,0.0,21.692737430167597,0.0,0.1506010747327018,1.2038770053475936,0.00922386571381087,66.73108108108109,0.2858193856906382,-0.2750000000000001,0.9341487276084949,0.1212813482543568,-0.66644447834769,-0.03955500618046971,-0.2792207792207792,-0.12470023980815348,-0.5770595493336923,0.2784306281233386,-0.753952664125926,Rental & Leasing Services,Industrials,HRI
2018Q3,2018,Q3,2018-11-08,2018-09-30,46200000.0,516200000.0,83400000.0,1.6,161800000.0,0.3134444013948082,3770800000.0,554300000.0,433900000.0,381800000.0,3216500000.0,20200000.0,-426600000.0,1409325000.0,3649225000.0,19.449122807017545,1.1364588789942378,0.5987854036278774,4.073425942630345,0.029162578339216184,19.449122807017545,0.08334836731012088,2.7301917861294074,7.626217532467534,2.54253112033195,0.0,17.544554455445546,0.0,0.13689402779251086,1.0254059717129387,0.012252042007001166,-7.039585414585415,0.3134444013948082,161.0,1.2060755627530364,0.1873454859380968,-0.7220211364239936,0.4695731153496821,155.0,1.5426829268292683,1.2060755627530364,0.1873454859380968,-0.7220211364239936,Rental & Leasing Services,Industrials,HRI
2018Q2,2018,Q2,2018-08-08,2018-06-30,-300000.0,485500000.0,32800000.0,-0.01,110100000.0,0.22677651905252316,3729600000.0,495300000.0,435600000.0,518500000.0,3234300000.0,20700000.0,-472800000.0,1600056000.0,3692556000.0,17.440140845070424,0.840115718418515,0.5728496353496354,4.313547345043408,-0.007173841723471732,17.440140845070424,-0.0006056935190793458,3.2956869207003088,-1333.38,3.2304784978800725,0.0,18.135265700483092,0.0,0.13017481767481767,0.7604628736740597,-8.043758043758043e-05,-12.021457550713748,0.22677651905252316,0.9722222222222222,-1.0282087377092746,0.14478847782698087,0.0,0.2098901098901099,0.9702970297029703,0.9878787878787879,-1.0282087377092746,0.14478847782698087,0.0,Rental & Leasing Services,Industrials,HRI
2018Q1,2018,Q1,2018-05-09,2018-03-31,-10100000.0,431300000.0,16500000.0,-0.36,91000000.0,0.2109900301414329,3573900000.0,500300000.0,436200000.0,413700000.0,3073600000.0,22200000.0,-472500000.0,1844580000.0,3879980000.0,17.616197183098592,1.0543872371283538,0.5815495676991522,4.15430741555067,0.004074404767725922,17.616197183098592,-0.020187887267639416,4.276791096684442,-45.65792079207921,3.6869478313012194,0.0,15.32882882882883,0.0,0.12068048910154174,0.9427121102248006,-0.002826044377290915,57.10773993808049,0.2109900301414329,-1.0483870967741935,-6.9216224689312345,0.07121972659279878,0.0,-0.32392273402674593,-1.0471301913205786,-0.7184300341296929,-6.9216224689312345,0.07121972659279878,0.0,Rental & Leasing Services,Industrials,HRI
2017Q4,2017,Q4,2018-02-28,2017-12-31,214300000.0,491700000.0,58600000.0,7.44,134600000.0,0.2737441529387838,3549700000.0,510400000.0,474500000.0,290700000.0,3039300000.0,23700000.0,-462400000.0,1771863000.0,3892863000.0,18.035335689045937,1.632266941864465,0.6092064118094487,4.236873040752351,0.2136423752279247,18.035335689045937,0.4198667711598746,3.6035448444173275,2.0670356976201587,3.4715184169278994,0.0,15.067510548523206,0.0,0.13851874806321662,1.4716202270381837,0.06037129898301265,-25.026313559322034,0.2737441529387838,15.533333333333333,11.535054554171056,0.02120726976039816,-0.7006287839844144,0.006731488406881077,15.7421875,0.1934826883910387,11.535054554171056,0.02120726976039816,-0.7006287839844144,Rental & Leasing Services,Industrials,HRI
2017Q3,2017,Q3,2017-11-08,2017-09-30,12800000.0,457600000.0,49100000.0,0.45,133700000.0,0.29217657342657344,3588900000.0,288800000.0,424400000.0,387700000.0,3300100000.0,26700000.0,-679200000.0,1390379000.0,3600779000.0,10.20494699646643,1.094660820221821,0.621220986931929,7.7198753462603875,0.013417482949540547,10.20494699646643,0.0443213296398892,3.0384156468531467,27.15583984375,4.814331717451524,0.0,12.131086142322097,0.0,0.12750424921285072,0.9579571833892184,0.0035665524255342864,-14.001802618328298,0.29217657342657344,1.4591836734693877,-0.38447343299809733,0.05999433817187329,-0.8541446009118945,0.4839067702552719,1.463768115942029,3.3451327433628317,-0.38447343299809733,0.05999433817187329,-0.8541446009118945,Rental & Leasing Services,Industrials,HRI
2017Q2,2017,Q2,2017-08-08,2017-06-30,-27600000.0,415800000.0,11300000.0,-0.98,90100000.0,0.21669071669071668,3525100000.0,258800000.0,385200000.0,424900000.0,3266300000.0,25900000.0,-692000000.0,1112756000.0,3262156000.0,9.144876325088338,0.9065662508825606,0.6131457263623727,8.3516228748068,0.0025876582936987186,9.144876325088338,-0.10664605873261206,2.676180856180856,-10.079311594202899,4.29967542503864,0.0,12.575289575289576,0.0,0.11795410059289098,0.7811249705813132,-0.007829565118720036,-14.583958060288335,0.21669071669071668,0.29496402877697836,-3.60437420094673,-0.016096727799832997,0.0,0.40561622464898595,0.29591836734693877,1.6608187134502923,-3.60437420094673,-0.016096727799832997,0.0,Rental & Leasing Services,Industrials,HRI
2017Q1,2017,Q1,2017-05-09,2017-03-31,-39200000.0,389400000.0,-17100000.0,-1.39,64100000.0,0.16461222393425784,3444500000.0,281700000.0,368200000.0,328300000.0,3162800000.0,25700000.0,-664400000.0,1383587000.0,3497787000.0,9.954063604240282,1.1215351812366738,0.6208448250834664,7.591409300674476,-0.0051007153876603045,9.954063604240282,-0.13915512957046502,3.553125321006677,-8.82389668367347,4.911561945331914,0.0,12.657587548638132,0.0,0.11304978951952388,0.9814194334450198,-0.011380461605457977,114.34603305785124,0.16461222393425784,-1.8367346938775508,-24.064142540012472,-0.0294297945810392,0.0,-0.35577889447236183,-1.9696969696969697,-1.684,-24.064142540012472,-0.0294297945810392,0.0,Rental & Leasing Services,Industrials,HRI
2016Q4,2016,Q4,2017-03-15,2016-12-31,-13200000.0,405200000.0,25000000.0,-0.49,99500000.0,0.24555774925962487,3463300000.0,317700000.0,371700000.0,242900000.0,3145600000.0,24100000.0,-625200000.0,1136528000.0,3319228000.0,11.226148409893993,1.5302593659942363,0.6335864637773222,6.9068303430909666,0.01775262523670167,11.226148409893993,-0.04154863078375826,2.8048568608094766,-21.525151515151514,3.57736229146994,0.0,12.684647302904564,0.0,0.11699823867409696,1.2857142857142858,-0.0038113937573990126,-11.51497467071935,0.24555774925962487,-5.454545454545454,-1.7721078866778255,-0.15844379559301736,-0.813655495046725,-0.055080721747388414,-5.4,-0.3472584856396867,-1.7721078866778255,-0.15844379559301736,-0.813655495046725,Rental & Leasing Services,Industrials,HRI
2016Q3,2016,Q3,2016-11-08,2016-09-30,3000000.0,403600000.0,38300000.0,0.11,105300000.0,0.26090188305252726,3578000000.0,352400000.0,390800000.0,393200000.0,3225600000.0,24500000.0,-612000000.0,953710000.0000001,3041710000.0,12.452296819787986,0.9938962360122076,0.598071548351034,6.072360953461975,0.006880894648053316,12.452296819787986,0.00851305334846765,2.3630079286422205,79.47583333333334,2.706328036322361,0.0,12.175510204081633,0.0,0.11280044717719397,0.8886063072227874,0.0008384572386808273,-26.34558011049724,0.26090188305252726,1.3928515306924187,-0.8557359608589291,-0.06509240628022721,-0.8220240905863976,0.23302107728337237,1.375,1.9015151515151516,-0.8557359608589291,-0.06509240628022721,-0.8220240905863976,Rental & Leasing Services,Industrials,HRI
2016Q2,2016,Q2,2016-08-09,2016-06-30,-8000000.0,380400000.0,13200000.0,-0.280004,85400000.0,0.2245005257623554,3533900000.0,347400000.0,377600000.0,363900000.0,3186500000.0,24300000.0,-615000000.0,939842938.4900011,3027642938.490001,12.275618808325753,1.037647705413575,0.6028467132629672,6.132412204951065,0.015784611797203613,12.275618808325753,-0.023028209556706966,2.470670185304945,-29.370091827812534,2.705362517242375,0.0,12.139917695473251,0.0,0.10764311384023317,0.9082165430063204,-0.0022637878830753556,-110.5697574694119,0.2245005257623554,-4.283991621218696,-1.7548910994127798,-0.09986335264484662,0.0,0.2998477929984779,-4.333333333333333,2.0,-1.7548910994127798,-0.09986335264484662,0.0,Rental & Leasing Services,Industrials,HRI
2016Q1,2016,Q1,2016-05-09,2016-03-31,-1500000.0,365600000.0,4400000.0,-0.052991,65700000.0,0.17970459518599563,3355100000.0,2219800000.0,340200000.0,325300000.0,1135300000.0,20000000.0,-607000000.0,894203219.52,1016603219.52,78.42007327779656,1.045803873347679,0.040147834639802094,0.06068114244526534,0.0018687619452112975,78.42007327779656,-0.0006757365528425984,2.445851256892779,-149.03386992,0.40283053406613206,0.0,14.995,0.0,0.10896843611218741,0.8859514294497387,-0.00044708056391761793,14.731519267215814,0.17970459518599563,-1.0191814734686444,-1.8823529411764706,-0.08896087714926484,0.0,-0.385981308411215,-1.0191815856777493,-0.9096509240246407,-1.8823529411764706,-0.08896087714926484,0.0,Rental & Leasing Services,Industrials,HRI
2015Q4,2015,Q4,2016-02-29,2015-12-31,78200000.0,422400000.0,48700000.0,2.7626136274996353,107000000.0,0.2533143939393939,3406800000.0,2311800000.0,371300000.0,282300000.0,1095000000.0,22300000.0,-605500000.0,1208405652.013472,1329405652.013472,81.6702069572079,1.3152674459794544,0.04012563109075966,0.05913141275196816,0.01635517099140292,81.6702069572079,0.03382645557574185,2.8608088352591667,3.863189424595499,0.5227120218070214,0.0,14.143497757847534,0.0,0.12398731947868968,1.105915692525682,0.022954091816367265,85.70252851159377,0.2533143939393939,2.759614524375093,3.573099415204678,-0.12292358803986708,0.3556558963232277,-0.017447199265381085,2.7596153846153846,0.05639913232104121,3.573099415204678,-0.12292358803986708,0.3556558963232277,Rental & Leasing Services,Industrials,HRI
2015Q3,2015,Q3,2015-09-30,2015-09-30,20800000.0,431800000.0,46100000.0,0.734813,108900000.0,0.2522000926354794,3730300000.0,1980500000.0,578900000.0,698500000.0,1749800000.0,26600000.0,-683700000.0,1420704612.013472,2083704612.013472,69.96619295732772,0.8287759484609878,0.1822105460686808,0.34319616258520574,0.010153636653391517,69.96619295732772,0.010502398384246402,3.290191320086781,17.075776586700385,0.7173464337356587,0.0,12.139097744360901,0.0,0.11575476503230303,0.5015032211882605,0.0055759590381470655,-30.163579872897497,0.2522000926354794,0.9622642013288043,0.0,0.0,0.0,0.10670731707317073,0.9622641509433962,0.6886446886446886,0.0,0.0,0.0,Rental & Leasing Services,Industrials,HRI
2015Q2,2015,Q2,2015-06-30,2015-06-30,10600000.0,422700000.0,27300000.0,0.374472,98400000.0,0.23278921220723917,,,,,,,,1538742890.386528,,,0.0,0.0,0.0,0.0,,0.0,3.6402718012456305,36.29110590534264,0.0,0.0,0.0,0.0,0.0,0.0,0.0,-10.775510436880449,0.23278921220723917,5.23527648733703,0.0,0.0,0.0,0.11818181818181818,5.235294117647059,0.7169811320754716,0.0,0.0,0.0,Rental & Leasing Services,Industrials,HRI
2015Q1,2015,Q1,2015-03-31,2015-03-31,1700000.0,401300000.0,15900000.0,0.060057,88000000.0,0.2192873162222776,,,,,,,,1841056609.4265282,,,0.0,0.0,0.0,0.0,,0.0,4.587731396527606,270.74361903331294,0.0,0.0,0.0,0.0,0.0,0.0,0.0,-613.6855364755094,0.2192873162222776,-0.9005844940294736,0.0,0.0,0.0,-0.19854280510018216,-0.9005847953216374,-0.6093366093366094,0.0,0.0,0.0,Rental & Leasing Services,Industrials,HRI
2014Q4,2014,Q4,2014-12-31,2014-12-31,17100000.0,481600000.0,40700000.0,0.6041009338905853,109800000.0,0.22799003322259137,3611300000.0,1705300000.0,481400000.0,758900000.0,1906000000.0,29300000.0,-716800000.0,2117894424.9599998,2988394424.96,60.244053951088596,0.634339175121887,0.24628250214604158,0.5215504603295608,0.012475699570053803,60.244053951088596,0.010027561132938486,4.397621314285714,30.963368785964906,1.2419482935319297,0.0,12.689419795221843,0.0,0.13335917813529755,0.5178547898273818,0.004735136931298978,-43.667926287835044,0.22799003322259137,0.0,0.0,0.0,0.0,0.0,0.0,0.0,0.0,0.0,0.0,Rental & Leasing Services,Industrials,HRI
