Quarters,Year,Quarter,FillingDate,Date,NetIncome,Revenue,OperatingIncome,EPSDiluted,GrossProfit,GrossProfitRatio,TotalAssets,CommonStockEquity,CurrentAssets,CurrentLiability,TotalLiability,Inventory,RetainedEarnings,MarketCap,EnterpriseValue,bookValuePerShare,currentRatio,debtToAssets,debtToEquity,roic,shareholdersEquityPerShare,roe,priceToSalesRatio,peRatio,pbRatio,payoutRatio,inventoryTurnover,dividendYield,assetTurnover,quickRatio,returnOnAssets,priceToFreeCashFlowsRatio,grossProfitMargin,epsdilutedGrowth,fiveYNetIncomeGrowthPerShare,fiveYRevenueGrowthPerShare,fiveYShareholdersEquityGrowthPerShare,grossProfitGrowth,netIncomeGrowth,operatingIncomeGrowth,threeYNetIncomeGrowthPerShare,threeYRevenueGrowthPerShare,threeYShareholdersEquityGrowthPerShare,Industry,Sector,Symbol
2023Q1,2023,Q1,2023-05-04,2023-03-31,3324000.0,85040000.0,4233000.0,0.74,15209000.0,0.1788452493,246532000.0,64093000.0,200027000.0,174082000.0,182439000.0,4064000.0,46479000.0,232664140.0,174294140.0,14.68002748511223,1.1490389586516698,0.01367368130709198,0.052595447240728316,0.04636019327590557,14.68002748511223,0.05186213783096438,2.7359376763875822,17.498807160048134,3.630102195247531,0.2253309265944645,17.182824803149607,0.003219232667311774,0.34494507812373243,1.080674624602199,0.013483036684892834,5.495137931034483,0.17884524929444967,-0.30188679245283023,1.0491320747361137,1.0658400106925705,0.5883175239854019,-0.05598659301098628,-0.3018273471959672,-0.3124898489524119,3.0498425195124566,0.38327158983481874,0.45232663462278283,Electronics & Computer Distribution,Technology,CLMB
2022Q4,2022,Q4,2023-03-16,2022-12-31,4761000.0,88905000.0,6157000.0,1.06,16111000.0,0.1812159046,231856000.0,60574000.0,184638000.0,161691000.0,171282000.0,4766000.0,43904000.0,137313150.0,120697150.0,13.909070034443168,1.1419188452047424,0.015651956386722794,0.059910192491828176,0.07239671330740731,13.909070034443168,0.07859807838346486,1.5444929981440865,7.210310333963454,2.2668661471918647,0.15731989077924804,15.273604699958035,0.005454685148509083,0.3834492098543924,1.0813279650691752,0.020534297149955145,-32.18025544879306,0.18121590461728812,1.12,3.1594976452119305,-0.3104915815776272,0.5406616115853561,0.19190648812606348,1.131154879140555,0.675374149659864,1.3988289663133435,0.4889391599847895,0.3642911853211336,Electronics & Computer Distribution,Technology,CLMB
2022Q3,2022,Q3,2022-11-03,2022-09-30,2234000.0,76261000.0,3675000.0,0.5,13517000.0,0.1772465612,199622000.0,53411000.0,156485000.0,137625000.0,146211000.0,2116000.0,39893000.0,116659195.66000001,96439195.66000001,12.306682027649769,1.137039055404178,0.019196280971035255,0.07174552058564715,0.04294205881112393,12.306682027649769,0.04182659002827133,1.5297359811699298,13.054968180393914,2.1841792076538544,0.3348254252461952,29.652173913043477,0.006411839167655717,0.38202703108875774,1.0831752951861944,0.011191151275911472,20.434260931861974,0.17724656115183382,-0.20634920634920637,0.6440413475053005,-0.294306252107083,0.3836698462861334,0.0825724811789204,-0.19957004657828736,-0.10518626734842951,0.5773686476488128,0.4859214710918666,0.2436722737392604,Electronics & Computer Distribution,Technology,CLMB
2022Q2,2022,Q2,2022-08-04,2022-06-30,2791000.0,67863000.0,4107000.0,0.63,12486000.0,0.1839883294,179003000.0,54413000.0,149911000.0,119903000.0,124590000.0,1703000.0,38407000.0,143630048.642,118424048.64199999,12.592686878037492,1.2502689674153273,0.0229549225431976,0.07551504236120045,0.05173827513436354,12.592686878037492,0.05129288956683146,2.116470663572197,12.865464765496236,2.639627453770238,0.2672877104980294,32.517322372284205,0.005193899236638261,0.37911655111925496,1.2032893255381434,0.01559191745389742,-17.02382939931255,0.18398832942840723,0.0,1.1707819994463882,-0.34651098368385813,0.4436595572782902,0.04215007094566397,0.029129793510324485,0.21688888888888888,0.534614050652678,0.36735714532713726,0.2976208544913448,Electronics & Computer Distribution,Technology,CLMB
2022Q1,2022,Q1,2022-05-06,2022-03-31,2712000.0,71319000.0,3375000.0,0.63,11981000.0,0.1679916993,188770000.0,53909000.0,158252000.0,131303000.0,134861000.0,1742000.0,36362000.0,148875945.69099998,114030945.69099998,12.510791366906474,1.205242835274137,0.011664989140223552,0.040846611882988,0.0447443798018326,12.510791366906474,0.05030699883136396,2.0874654116154177,13.72381505263643,2.7616157912593446,0.2750737463126844,34.063145809414465,0.005010883366936678,0.377808973883562,1.152890642254937,0.014366689622291678,16.443113065054117,0.1679916992666751,-0.21250000000000005,1.0723267114988095,-0.3627279349725857,0.4722366798481226,-0.04731234096692112,-0.21322889469103568,-0.24581005586592178,0.8945940771251322,0.62493560427877,0.3263408483150648,Electronics & Computer Distribution,Technology,CLMB
2021Q4,2021,Q4,2022-03-09,2021-12-31,3447000.0,75508000.0,4475000.0,0.8,12576000.0,0.1665518885,190752000.0,52416000.0,159328000.0,134746000.0,138336000.0,2022000.0,34396000.0,150894891.402,123907891.40200001,12.192602930914166,1.1824321315660575,0.011978904546217077,0.043593559218559216,0.06071920618598727,12.192602930914166,0.06576236263736264,1.9983960825607885,10.943928880330722,2.8787944788232602,0.21671018276762402,31.123639960435213,0.004950465804769446,0.3958438181513169,1.1263710982144182,0.018070583794665324,-53.4330351990085,0.1665518885416115,0.45454545454545453,0.7658619840361007,-0.36413574301025664,0.40789860756056,0.11105221309302941,0.41270491803278686,0.4085615360402896,1.0273592920027272,0.5743406441289097,0.3213436296854951,Electronics & Computer Distribution,Technology,CLMB
2021Q3,2021,Q3,2021-11-04,2021-09-30,2440000.0,68911000.0,3177000.0,0.55,11319000.0,0.16425534384931287,171736000.0,49467000.0,140163000.0,118713000.0,122269000.0,3685000.0,31696000.0,115228620.0,87553620.0,11.552312003736573,1.1806878774860377,0.01315391065356128,0.04566680817514707,0.04492904265925628,11.552312003736573,0.04932581316837488,1.6721368141515869,11.80621106557377,2.329403844987567,0.3061475409836066,15.62876526458616,0.006482764438209882,0.40126123817953135,1.0811537068391837,0.014207853915311874,13.79487848677122,0.16425534384931287,0.12244897959183684,0.8637235967349741,-0.2716650365488366,0.37818021125071416,0.030968212041169504,0.13805970149253732,0.3004502660663119,0.896253434818016,0.47287713203873294,0.276090274728973,Electronics & Computer Distribution,Technology,CLMB
2021Q2,2021,Q2,2021-08-05,2021-06-30,2144000.0,75350000.0,2443000.0,0.49,10979000.0,0.145706702057067,169891000.0,48586000.0,137141000.0,117906000.0,121305000.0,4108000.0,30356000.0,106670404.26,85302404.26,11.405164319248826,1.1631384323104845,0.014203224420363645,0.04966451241098259,0.03554329672540542,11.405164319248826,0.04412793808916149,1.4156656172528201,12.438246765391792,2.1954967328036883,0.3493470149253731,15.669668938656281,0.007021628962560004,0.4435196684933281,1.0657557715468255,0.01261985626077897,-11.612280019595037,0.145706702057067,0.4000000000000001,0.4910724332899822,-0.2397695406026323,0.3359820662406899,0.012542654246979618,0.4105263157894737,0.20226377952755906,2.9572748937672584,0.7496874492846775,0.2739858006844327,Electronics & Computer Distribution,Technology,CLMB
2021Q1,2021,Q1,2021-03-31,2021-03-31,1520000.0,62813000.0,2032000.0,0.35,10843000.0,0.17262350150446565,177710000.0,46749000.0,144657000.0,127337000.0,130961000.0,4190000.0,28961000.0,106769575.75299999,75578575.75299999,11.007534730397929,1.136017025687742,0.014382983512464127,0.05467496630943977,0.030525946268606212,11.007534730397929,0.032514064471967315,1.6998006105901644,17.560785485690786,2.2838900458405527,0.4934210526315789,12.403341288782816,0.007024472980346432,0.35345788081706153,1.0143084884990223,0.00855326093072984,13.163552675748981,0.17262350150446565,-0.39655172413793105,0.5877668636158424,-0.2765319346134376,0.30426443907562356,0.03021377672209026,-0.39849624060150374,-0.2719455392332497,-0.036716781307456064,0.5686441691425457,0.1909691808070408,Electronics & Computer Distribution,Technology,CLMB
2020Q4,2020,Q4,2020-12-31,2020-12-31,2527000.0,71444000.0,2791000.0,0.58,10525000.0,0.14731817927327698,165533000.0,44717000.0,133177000.0,117182000.0,120816000.0,4936000.0,28191000.0,80888500.0,54197500.0,10.558913813459268,1.1364970729292896,0.016051180127225388,0.059418118388979584,0.04155947487086309,10.558913813459268,0.056510946619853744,1.132194445999664,8.002423822714682,1.8088981818995014,0.2932330827067669,12.34177471636953,0.00916075832782163,0.4315997414412836,1.0510914645594034,0.015265838231651695,14.882888684452622,0.14731817927327698,3.4615384615384612,0.6997641654533149,-0.2235953328845042,0.2542107201791292,0.4543319054856985,3.767924528301887,2.416156670746634,1.270297066005705,-0.43021121988437794,0.16957590494196484,Electronics & Computer Distribution,Technology,CLMB
2020Q3,2020,Q3,2020-09-30,2020-09-30,530000.0,60919000.0,817000.0,0.13,7237000.0,0.11879709121948817,136208000.0,42228000.0,125202000.0,91883000.0,93980000.0,3138000.0,26405000.0,97224895.782,59282895.782000005,10.011379800853485,1.3626242068717827,0.01728239163632092,0.055745003315335794,0.01199680255192972,10.011379800853485,0.012550914085440939,1.5959699893629247,45.86079989716981,2.302379837595908,1.4,17.107074569789674,0.007631790129801016,0.4472497944320451,1.2536377784791528,0.0038911077176083638,-25.155212362742564,0.11879709121948817,0.0,-0.6258759182811103,-0.3161223260322811,0.21579525683229636,0.01728985099803205,-0.08777969018932874,0.07783641160949868,-0.5986820448141537,-0.4199710186558461,0.1256034988989205,Electronics & Computer Distribution,Technology,CLMB
2020Q2,2020,Q2,2020-06-30,2020-06-30,581000.0,56586000.0,758000.0,0.13,7114000.0,0.1257201427915032,135914000.0,41758000.0,124760000.0,91118000.0,94156000.0,2088000.0,26617000.0,109353504.255,66802504.254999995,9.813866039952996,1.3692135472683773,0.018246832555880926,0.05938981751999617,0.009996532975974573,9.813866039952996,0.013913501604482974,1.932518719382886,47.0540035520654,2.618743815676038,1.2736660929432013,23.693486590038315,0.00676704423000843,0.41633680121253147,1.3146798656686933,0.004274761981841458,2.8229001046775775,0.1257201427915032,-0.27777777777777773,-0.53448205896853,-0.32906379960665144,0.17975901407798087,-0.12861342479176874,-0.3050239234449761,-0.19189765458422176,-0.5411008962927121,-0.4466512475763565,0.12508804829704337,Electronics & Computer Distribution,Technology,CLMB
2020Q1,2020,Q1,2020-03-31,2020-03-31,836000.0,62618000.0,938000.0,0.18,8164000.0,0.13037784662557092,129846000.0,44950000.0,125786000.0,82713000.0,84896000.0,2248000.0,26776000.0,56877129.99999999,47754129.99999999,10.10793793568698,1.520752481472078,0.018976325801333887,0.05481646273637375,0.014100198205594746,10.10793793568698,0.018598442714126806,0.9083191734006195,17.008711124401913,1.2653421579532813,0.9270334928229665,24.223309608540927,0.013625863330305169,0.4822482017158788,1.4553697725871386,0.006438396254023998,-24.080071972904314,0.13037784662557092,-0.6,-0.3233445642124925,-0.28752876019485224,0.26238193801752024,0.03880900877974297,-0.5867523479980228,-0.6296881168574813,-0.3810092176528443,-0.4578391003136954,0.18947527379527856,Electronics & Computer Distribution,Technology,CLMB
2019Q4,2019,Q4,2019-12-31,2019-12-31,2023000.0,60862000.0,2533000.0,0.45,7859000.0,0.12912819164667608,126281000.0,45256000.0,121549000.0,78747000.0,81025000.0,2760000.0,26715000.0,71911804.439,59499804.438999996,10.195088984005407,1.5435381665333283,0.020367276153974073,0.05683224323846562,0.03822248329156224,10.195088984005407,0.04470125508219905,1.1815550661989418,8.88677761233317,1.589000451630723,0.37815126050420167,19.203985507246376,0.010638030932027576,0.48195690563109256,1.4727037220465542,0.016019828794513823,12.843687165386676,0.12912819164667608,0.40625,0.16508987706804004,-0.3114255309428082,0.21798937567653756,0.11396172927002127,0.4,0.28709349593495936,0.0036762706729536456,-0.5036363541036479,0.17724260076933562,Electronics & Computer Distribution,Technology,CLMB
2019Q3,2019,Q3,2019-09-30,2019-09-30,1445000.0,52363000.0,1968000.0,0.32,7055000.0,0.1347325401523977,106825000.0,43817000.0,101360000.0,60758000.0,63008000.0,2356000.0,25458000.0,66552840.0,59042840.0,9.895438121047878,1.6682576780012508,0.024778843903580622,0.060410343017550265,0.028468410221646475,9.895438121047878,0.0329780678731999,1.270989821056853,11.514332179930795,1.51888171257731,0.5307958477508651,19.230899830220714,0.011524677233909176,0.49017552071144393,1.5897988742223246,0.01352679616194711,44.33900066622252,0.1347325401523977,-0.21951219512195116,0.12334579550175054,-0.38380505411595184,0.20266180910913562,-0.09771070469369485,-0.22186322024771135,-0.12416555407209613,0.06732965309817592,-0.464812233668163,0.1805166788841098,Electronics & Computer Distribution,Technology,CLMB
2019Q2,2019,Q2,2019-06-30,2019-06-30,1857000.0,50676000.0,2247000.0,0.41,7819000.0,0.15429394585207987,105664000.0,42816000.0,99398000.0,60490000.0,62848000.0,1447000.0,24780000.0,49811479.99999999,43199479.99999999,9.70444242973708,1.6432137543395602,0.02613946093276802,0.06450859491778774,0.03589163556478409,9.70444242973708,0.043371636771300445,0.9829402478490803,6.7059073774905755,1.163384715994021,0.4130317716747442,29.61782999308915,0.015398056833484972,0.47959569957601456,1.5774012233427013,0.017574576014536644,-12.762357161158082,0.15429394585207987,0.2812499999999999,0.32371286792778114,-0.36527140429546884,0.18003752978135731,0.08086812275366326,0.2693096377306904,0.30715532286212915,0.24698135287401574,-0.5063280721414497,0.1367623197775963,Electronics & Computer Distribution,Technology,CLMB
2019Q1,2019,Q1,2019-03-31,2019-03-31,1463000.0,44858000.0,1719000.0,0.32,7234000.0,0.16126443443755853,111164000.0,41541000.0,104199000.0,67158000.0,69623000.0,1638000.0,23690000.0,48928440.0,37741440.0,9.432561307901908,1.5515500759403198,0.025862689359864705,0.06920873354035773,0.027271378681583584,9.432561307901908,0.03521821814592812,1.090740559097597,8.360977443609022,1.1778349100888277,0.5242652084757348,22.96947496947497,0.01567595451643257,0.4035299197581951,1.463235951040829,0.013160735489906804,-906.0822222222222,0.16126443443755853,-0.1794871794871795,0.4235264704848111,-0.3555989238583025,0.19034936638650884,0.0013842746400885937,-0.15871190339275446,-0.20157919182535997,0.4737452655903415,-0.5017530064612156,0.11764846394923599,Electronics & Computer Distribution,Technology,CLMB
2018Q4,2018,Q4,2018-12-31,2018-12-31,1739000.0,49055000.0,2153000.0,0.39,7224000.0,0.14726327591478952,107971000.0,40573000.0,102867000.0,66653000.0,67398000.0,1473000.0,22994000.0,43970000.0,29087000.0,9.227427791676142,1.543321380883081,0.0,0.0,0.03958805977389765,9.227427791676142,0.04286101594656545,0.8963408419121395,6.321161587119034,1.0837256303453036,0.4399079930994825,28.398506449422946,0.017398226063224925,0.45433496031341747,1.4438059802259464,0.016106176658547203,4.75505569373851,0.14726327591478952,0.3448275862068967,-0.2978072889744043,-0.448217042223725,0.1810342186633097,0.14612089481199428,0.3194233687405159,0.5378571428571428,0.12662648963792705,-0.48654474309922957,0.09605391808833234,Electronics & Computer Distribution,Technology,CLMB
2018Q3,2018,Q3,2018-09-30,2018-09-30,1318000.0,47923000.0,1400000.0,0.29,6303000.0,0.13152348559146965,103110000.0,39706000.0,96481000.0,62675000.0,63404000.0,1760000.0,22020000.0,55833780.0,49369780.0,9.052895576835386,1.5393857199840446,0.0,0.0,0.026738530500675938,9.052895576835386,0.033193975721553415,1.165072720822987,10.590625948406677,1.4061799224298595,0.5811836115326252,23.647727272727273,0.013719293230728782,0.4647754824944234,1.4395851615476665,0.012782465328290176,-17.409971936389148,0.13152348559146965,2.16,0.00363014238743218,-0.3111907699328396,0.21489311638376993,-0.030009233610341645,2.179946284691137,2.1235955056179776,-0.10526762405347002,-0.48262241950357837,0.09939565992454112,Electronics & Computer Distribution,Technology,CLMB
2018Q2,2018,Q2,2018-06-30,2018-06-30,-1117000.0,43914000.0,-1246000.0,-0.25,6498000.0,0.1479710342943025,97400000.0,38889000.0,89939000.0,57765000.0,58511000.0,2335000.0,21467000.0,61033200.0,50624200.0,8.952348066298342,1.5569808707694972,0.0,0.0,-0.034445214385871725,8.952348066298342,-0.028722775077785492,1.3898346768684247,-13.660071620411816,1.5694206587981179,-0.6893464637421666,16.023982869379015,0.012616084360643058,0.4508624229979466,1.4228165844369427,-0.01146817248459959,11.777923581628714,0.1479710342943025,-1.6944444444444444,-1.7431906376312454,-0.39272993569924236,0.23449102308364583,-0.057441253263707574,-1.6989987484355444,-1.674607471575528,-1.876643893356499,-0.48998262104445534,0.07619293817359209,Electronics & Computer Distribution,Technology,CLMB
2018Q1,2018,Q1,2018-03-31,2018-03-31,1598000.0,40552000.0,1847000.0,0.36,6894000.0,0.1700039455513908,108447000.0,39752000.0,97198000.0,67931000.0,68695000.0,2362000.0,23355000.0,56042030.0,49048030.0,9.242501743780517,1.4308342288498623,0.0,0.0,0.03557641951252533,9.242501743780517,0.04019923525860334,1.3819794338133755,8.76752659574468,1.409791457033608,0.4787234042553192,14.249788314987299,0.01365046912112213,0.3739338109860116,1.310344319971736,0.014735308491705627,23.225043514297553,0.1700039455513908,0.43999999999999995,0.6307757885763001,-0.3602392106730009,0.29263941479195826,-0.08092254366084523,0.4179236912156167,-0.2609043617446979,0.33732129260842286,-0.5229343901290547,0.15429747765373272,Electronics & Computer Distribution,Technology,CLMB
2017Q4,2017,Q4,2017-12-31,2017-12-31,1127000.0,126956000.0,2499000.0,0.25,7501000.0,0.05908346198683008,102725000.0,38712000.0,93091000.0,64013000.0,64013000.0,2794000.0,22522000.0,71609604.288,66079604.288,9.027985074626866,1.4542514801680908,0.0,0.0,0.026445633363779347,9.027985074626866,0.02911241992147138,0.5640505709694698,15.885005387755102,1.8498037892126473,0.6716947648624667,42.75411596277738,0.010571207696602988,1.2358822097834024,1.2882851920703606,0.010971039182282793,16.56096306382979,0.05908346198683008,-0.16666666666666663,-0.34373551336495556,0.5599372369954737,0.26518253092514077,0.20150568636873298,-0.15958240119313946,0.39453125,-0.328079594254256,0.48692236983965576,0.07855752136278202,Electronics & Computer Distribution,Technology,CLMB
2017Q3,2017,Q3,2017-09-30,2017-09-30,1341000.0,106646000.0,1792000.0,0.3,6243000.0,0.05853946702173546,91016000.0,38094000.0,78410000.0,52922000.0,52922000.0,2403000.0,22152000.0,58120310.0,56055310.0,8.894233014242353,1.481614451456861,0.021974158389733673,0.05250170630545493,0.029818880853873995,8.894233014242353,0.03520239407780753,0.5449834968025055,10.835255406413124,1.5257077230009977,0.5659955257270693,41.78235538909696,0.013059118232507707,1.1717280478157686,1.2801481425494123,0.014733673200316428,-8.818132301623425,0.05853946702173546,0.0,0.042580271252661374,0.4840874865270117,0.27978256935946916,-0.050060864272671944,0.05176470588235294,0.035838150289017344,0.07778946130602912,0.29747118094963637,0.08097834948758945,Electronics & Computer Distribution,Technology,CLMB
2017Q2,2017,Q2,2017-06-30,2017-06-30,1275000.0,102982000.0,1730000.0,0.3,6572000.0,0.0638169777242625,90920000.0,37377000.0,76300000.0,53543000.0,53543000.0,2349000.0,21568000.0,82914750.0,73185750.0,8.722753792298716,1.4250228788076873,0.0,0.0,0.03184757932624513,8.722753792298716,0.034111886989324984,0.8051382765920257,16.25779411764706,2.2183361425475563,0.5976470588235294,41.042997020008514,0.009190162184653515,1.1326660800703916,1.3585155856040938,0.014023317201935767,-740.3102678571429,0.0638169777242625,0.0,0.020202625795505913,0.553472853840659,0.2792571083568707,-0.027666814617546973,-0.03335860500379075,-0.03459821428571429,-0.06421355683353372,0.3281029351841186,0.060666484703337506,Electronics & Computer Distribution,Technology,CLMB
2017Q1,2017,Q1,2017-03-31,2017-03-31,1319000.0,112796000.0,1792000.0,0.3,6759000.0,0.059922337671548635,96889000.0,36906000.0,83293000.0,59983000.0,59983000.0,2461000.0,21057000.0,81648395.657,70558395.657,8.49781257195487,1.3886101061967557,0.0,0.0,0.03301293171115696,8.49781257195487,0.03573944616051591,0.7238589635891344,15.475435113153905,2.212333920148485,0.5890826383623957,43.08695652173913,0.009516414789876953,1.164177564016555,1.3329610056182586,0.013613516498260897,-81648.395657,0.059922337671548635,-0.33333333333333337,0.3066194340635501,0.7184695224831221,0.28084900943257674,-0.155758181363977,-0.33113590263691683,-0.37364557846906676,0.3014380428753725,0.6431133726427412,0.07238802701699673,Electronics & Computer Distribution,Technology,CLMB
2016Q4,2016,Q4,2016-12-31,2016-12-31,1972000.0,119964000.0,2861000.0,0.45,8006000.0,0.06673668767296856,113698000.0,37611000.0,100113000.0,76087000.0,76087000.0,2324000.0,20515000.0,81214104.343,67690104.343,8.660142758461893,1.3157701052742257,0.0,0.0,0.05006890330034758,8.660142758461893,0.05243146951689665,0.6769872990480477,10.295905722996958,2.159317868256627,0.39503042596348886,48.174698795180724,0.00959192995233892,1.0551109078435856,1.2727667012761708,0.017344192509982585,-16.591236842288048,0.06673668767296856,0.4516129032258065,0.018308701584797617,0.6476364223071193,0.3250311741104167,0.2564344005021971,0.4310595065312046,0.4156358238495794,-0.19382322608218983,0.36616318281099425,0.10842643986649732,Electronics & Computer Distribution,Technology,CLMB
2016Q3,2016,Q3,2016-09-30,2016-09-30,1378000.0,99586000.0,2021000.0,0.31,6372000.0,0.06398489747554877,95422000.0,37779000.0,86471000.0,57643000.0,57643000.0,1903000.0,19322000.0,79954180.0,58996180.0,8.38229420900821,1.5001127630414794,0.0,0.0,0.035406610043816435,8.38229420900821,0.03647529050530718,0.8028656638483321,14.505475326560232,2.1163657058154,0.5798258345428157,48.982658959537574,0.009993223618827686,1.0436377355326865,1.4419443817983102,0.014441114208463456,-71.38766071428572,0.06398489747554877,-0.08823529411764713,-0.09831352627431557,0.5273421982592237,0.34265417111608576,-0.08971428571428572,-0.09757694826457106,-0.09937611408199644,0.021147721756131905,0.39294612261347756,0.12489881801856399,Electronics & Computer Distribution,Technology,CLMB
2016Q2,2016,Q2,2016-06-30,2016-06-30,1527000.0,105257000.0,2244000.0,0.34,7000000.0,0.06650389047759293,96735000.0,38621000.0,89985000.0,58114000.0,58114000.0,2133000.0,18747000.0,81703435.47600001,57127435.47600001,8.536914235190098,1.548422066971814,0.0,0.0,0.038541894272462796,8.536914235190098,0.03953807514046762,0.7762280463627124,13.376462913555994,2.115518383159421,0.527177472167649,46.06516643225504,0.00985270686979209,1.0880963456866697,1.485683312110679,0.0157853930841991,37.46145597248969,0.06650389047759293,0.5454545454545455,0.21325028728432077,0.6929773776782223,0.3897082586807705,0.1758777087182933,0.4839650145772595,0.5030140656396517,-0.024441506769093072,0.3976456700716795,0.1772044507352106,Electronics & Computer Distribution,Technology,CLMB
2016Q1,2016,Q1,2016-03-31,2016-03-31,1029000.0,93323000.0,1493000.0,0.22,5953000.0,0.06378920523343656,91194000.0,38527000.0,83660000.0,52667000.0,52667000.0,2387000.0,18026000.0,78061500.0,53771500.0,8.439649507119386,1.588470959044563,0.0,0.0,0.025610695759593665,8.439649507119386,0.02670854206141148,0.8364658230018324,18.965379008746357,2.02615049186285,0.793002915451895,36.60242982823628,0.010453296439345899,1.0233458341557558,1.5165663508458807,0.011283637081386933,34.26755926251097,0.06378920523343656,-0.3714285714285714,0.18026450674909275,0.7504914485281045,0.39554255354854906,-0.13861959195485457,-0.3616625310173697,-0.372952540949181,-0.010623671155209112,0.38714765701179993,0.18035396717920374,Electronics & Computer Distribution,Technology,CLMB
2015Q4,2015,Q4,2015-12-31,2015-12-31,1612000.0,99776000.0,2381000.0,0.35,6911000.0,0.06926515394483643,94082000.0,38659000.0,85991000.0,55423000.0,55423000.0,1954000.0,17813000.0,84217280.0,60394280.0,8.418771777003485,1.551539974378868,0.0,0.0,0.04067298416191005,8.418771777003485,0.04169792286401614,0.8440635022450289,13.060992555831266,2.1784650404821644,0.49379652605459057,47.525588536335725,0.009451741970293982,1.060521672583491,1.4937480829258611,0.017133989498522566,15.365312899106003,0.06926515394483643,0.06060606060606049,0.042741545950356646,0.4769677267866854,0.3928729946284861,0.0045058139534883725,0.037990985189954925,0.052608311229000886,-0.12345761323075555,0.1448085939859046,0.17980733198660506,Electronics & Computer Distribution,Technology,CLMB
2015Q3,2015,Q3,2015-09-30,2015-09-30,1553000.0,97653000.0,2262000.0,0.33,6880000.0,0.07045354469396742,86613000.0,38076000.0,79808000.0,48537000.0,48537000.0,2012000.0,16997000.0,78608000.0,59001000.0,8.234429065743944,1.6442713805962461,0.0,0.0,0.03912631413214819,8.234429065743944,0.04078684735791575,0.8049727094917719,12.654217643271087,2.064502573799769,0.5209272376046362,45.115805168986086,0.010291573376755547,1.1274635447334695,1.5765910542472752,0.01793033378361216,28.06426276329882,0.07045354469396742,0.13793103448275876,0.17269192177783652,0.7490677969615415,0.40900230680507477,0.07081712062256809,0.14107274063188832,0.14473684210526316,0.11836207028930629,0.25872474830418485,0.18484401860071706,Electronics & Computer Distribution,Technology,CLMB
2015Q2,2015,Q2,2015-06-30,2015-06-30,1361000.0,91970000.0,1976000.0,0.29,6425000.0,0.06985973687071871,84907000.0,38598000.0,78694000.0,46309000.0,46309000.0,2360000.0,16252000.0,91964800.0,73086800.0,8.31853448275862,1.6993241054654602,0.0,0.0,0.033643422129111596,8.31853448275862,0.03526089434685735,0.9999434598238556,16.89287288758266,2.382631224415773,0.5951506245407788,36.2478813559322,0.008807717735481401,1.0831851319679178,1.6170506812930532,0.01602930264878043,-51.52089635854342,0.06985973687071871,0.035714285714285546,0.21776025494361834,0.792174324360878,0.4657326025618616,0.010855884203901826,0.044512663085188024,0.0455026455026455,0.005697158610112266,0.28121312442637986,0.21997532219424623,Electronics & Computer Distribution,Technology,CLMB
2015Q1,2015,Q1,2015-03-31,2015-03-31,1303000.0,92691000.0,1890000.0,0.28,6356000.0,0.06857192176155183,88761000.0,37553000.0,82796000.0,51208000.0,51208000.0,2198000.0,15701000.0,82637804.69,61272804.69,8.007036247334755,1.6168567411341979,0.0,0.0,0.03300378243473264,8.007036247334755,0.03469762735334061,0.8915407611310698,15.855296371834228,2.2005646603467097,0.634689178818112,39.27888989990901,0.01000752625390199,1.0442762023861831,1.5429815653804093,0.014679870663917712,55.53615906586021,0.06857192176155183,-0.282051282051282,0.9492355922748101,1.1405032686665428,0.4267153983571893,-0.08638781083800488,-0.2952947539210384,-0.309462915601023,0.19526917681480133,0.30768363737425924,0.20687581175142003,Electronics & Computer Distribution,Technology,CLMB
2014Q4,2014,Q4,2014-12-31,2014-12-31,1849000.0,94123000.0,2737000.0,0.39,6957000.0,0.07391392114573483,94981000.0,39567000.0,86575000.0,55414000.0,55414000.0,1491000.0,15225000.0,81351665.273,58227665.273,8.370425216839433,1.562330818926625,0.0,0.0,0.04517921869836172,8.370425216839433,0.04673086157656633,0.8643122857643721,10.999413909275285,2.0560483552708066,0.4451054624121147,58.46143527833669,0.010116572257472244,0.9909666143755067,1.5141660952105966,0.019467051304997842,9.148860242127755,0.07391392114573483,0.3448275862068967,0.8997200479514843,1.0579401569924838,0.5019963308348111,0.12645725388601037,0.34963503649635036,0.4519893899204244,-0.12276958188629038,0.18771005670275026,0.28070340896343976,Electronics & Computer Distribution,Technology,CLMB
2014Q3,2014,Q3,2014-09-30,2014-09-30,1370000.0,90505000.0,1885000.0,0.29,6176000.0,0.0682393237942655,90424000.0,38803000.0,78856000.0,51621000.0,51621000.0,1414000.0,14199000.0,74607120.0,59001120.0,8.227947413061917,1.5275953584781388,0.0,0.0,0.03324317874739234,8.227947413061917,0.03530654846274773,0.8243425225125683,13.614437956204378,1.922715253975208,0.5948905109489051,59.63861386138614,0.010923890374001839,1.0008957798814475,1.478603669049418,0.01515084490843139,39.83295248264816,0.0682393237942655,-0.06451612903225812,1.144748114296737,1.3995608447078092,0.485377323710679,0.00602704023456589,-0.07619689817936615,-0.13611365719523372,-0.1432765270865764,0.32655235972111957,0.31793130119427077,Electronics & Computer Distribution,Technology,CLMB
2014Q2,2014,Q2,2014-06-30,2014-06-30,1483000.0,84399000.0,2182000.0,0.31,6139000.0,0.07273782864725885,85849000.0,38356000.0,74732000.0,47493000.0,47493000.0,1221000.0,13645000.0,71592400.0,56876400.0,8.223842195540309,1.5735371528435769,0.0,0.0,0.03633292579990226,8.223842195540309,0.038664094274689746,0.8482612353226934,12.068846931894809,1.866524142246324,0.5428186109238031,64.0950040950041,0.01124421027930339,0.9831098789735466,1.5223506622028509,0.017274516884296848,27.82448503692188,0.07273782864725885,0.3478260869565217,0.770957726295677,1.150078259699923,0.49105429620806645,0.10852293246659443,0.4003777148253069,0.4614869390488948,0.14292194422871704,0.3167445291032359,0.33874384846450023,Electronics & Computer Distribution,Technology,CLMB
2014Q1,2014,Q1,2014-03-31,2014-03-31,1059000.0,71730000.0,1493000.0,0.23,5538000.0,0.07720618987871183,81768000.0,35960000.0,71503000.0,45808000.0,45808000.0,1233000.0,12967000.0,90033920.0,78315920.0,7.924195680916704,1.5609282221446035,0.0,0.0,0.02741143179315338,7.924195680916704,0.029449388209121245,1.2551780287188066,21.254466477809252,2.503724137931034,0.7431539187913125,53.68369829683698,0.00874115000213253,0.8772380393307896,1.5026632902549772,0.012951276783093631,-11.390931174089069,0.07720618987871183,-0.5818181818181819,0.7708111891737743,1.1835404267723475,0.4586612773954196,-0.2910906298003072,-0.5769077107471035,-0.5756111426947129,0.22190156982005657,0.35346934345078074,0.31030942292523894,Electronics & Computer Distribution,Technology,CLMB
2013Q4,2013,Q4,2013-12-31,2013-12-31,2503000.0,89853000.0,3518000.0,0.55,7812000.0,0.08694200527528297,94760000.0,34721000.0,84055000.0,60039000.0,60039000.0,1315000.0,12695000.0,60127320.0,40518320.0,7.813006300630063,1.4000066623361482,0.0,0.0,0.06940582436580586,7.813006300630063,0.07208893753060108,0.6691743180528196,6.005525369556532,1.7317277728176033,0.3120255693168198,62.38859315589354,0.012989103788427624,0.9482165470662727,1.3392128449840937,0.02641409877585479,10.14807088607595,0.08694200527528297,0.8965517241379313,1.735694998071236,1.215290676728236,0.4347615824218496,0.48376068376068376,0.8819548872180452,0.9708683473389356,0.6730168642705456,0.37437525553097384,0.29265001727879963,Electronics & Computer Distribution,Technology,CLMB
2013Q3,2013,Q3,2013-09-30,2013-09-30,1330000.0,70462000.0,1785000.0,0.29,5265000.0,0.07472112628083222,76411000.0,33100000.0,67679000.0,43311000.0,43311000.0,1210000.0,10973000.0,57523900.0,42780900.0,7.45159837910851,1.562628431576274,0.0,0.0,0.03747312693557094,7.45159837910851,0.04018126888217523,0.8163818795946751,10.812763157894736,1.737882175226586,0.556390977443609,53.88181818181818,0.012864218177140285,0.9221447173836228,1.4914917688347071,0.017405870882464567,15.925775193798449,0.07472112628083222,-0.14705882352941188,0.6273981515974354,0.5404183351248545,0.36440332537635245,-0.1173512154233026,-0.13636363636363635,-0.1701534170153417,0.045450295992151314,0.3137577509348072,0.27505127820301156,Electronics & Computer Distribution,Technology,CLMB
2013Q2,2013,Q2,2013-06-30,2013-06-30,1540000.0,74095000.0,2151000.0,0.34,5965000.0,0.0805047574060328,78601000.0,32278000.0,69026000.0,46323000.0,46323000.0,1747000.0,10383000.0,51587090.0,39580090.0,7.251853516063806,1.4901021091034692,0.0001781147822546787,0.00043373195365264267,0.04433046733798712,7.251853516063806,0.04771051490179069,0.6962290302989406,8.374527597402597,1.5982120949253362,0.4824675324675325,38.99828277046365,0.014402828304523477,0.942672485082887,1.4134447250825724,0.019592626048014657,-409.4213492063492,0.0805047574060328,0.5454545454545455,0.8619541037237389,0.5329501401226606,0.3459522785335705,0.12271786184829662,0.5098039215686274,0.5408309455587392,0.43643102726795513,0.5051623738351607,0.27778254084638615,Electronics & Computer Distribution,Technology,CLMB
2013Q1,2013,Q1,2013-03-31,2013-03-31,1020000.0,65980000.0,1396000.0,0.22,5313000.0,0.08052440133373749,73726000.0,32011000.0,64721000.0,41715000.0,41715000.0,1629000.0,9586000.0,53679230.0,40116230.0,7.150100513736877,1.5515042550641256,0.0003797846078723924,0.0008746993221080254,0.029003610724663134,7.150100513736877,0.03186404673393521,0.8135682024856017,13.156674019607843,1.676899503295742,0.7352941176470589,37.241866175567836,0.013971884470026862,0.8949353009793017,1.4757521275320629,0.013835010715351436,75.81812146892655,0.08052440133373749,-0.4358974358974359,0.6085820017023947,0.6157963830362533,0.31517546311735717,-0.24499076310927953,-0.43427620632279534,-0.5028490028490028,0.5984749590469713,0.5961598683960815,0.27402426911026406,Electronics & Computer Distribution,Technology,CLMB
2012Q4,2012,Q4,2012-12-31,2012-12-31,1803000.0,85447000.0,2808000.0,0.39,7037000.0,0.08235514412442801,91445000.0,32125000.0,78912000.0,59320000.0,59320000.0,1717000.0,9316000.0,49927180.0,40147180.0,7.135717458907153,1.3302764666217128,0.0006014544261577998,0.0017120622568093384,0.05279322413004289,7.135717458907153,0.05612451361867704,0.5843058270038738,6.922792567942318,1.5541534630350193,0.4170826400443705,45.66686080372743,0.015061936203887343,0.9344086609437366,1.275016857720836,0.019716769642954782,277.37322222222224,0.08235514412442801,0.3448275862068967,0.9103868861720845,0.7890865155594463,0.29388050118433223,0.234994734994735,0.33357988165680474,0.34547196933397223,0.94503998223012,0.9616156231498024,0.28043930427698865,Electronics & Computer Distribution,Technology,CLMB
2012Q3,2012,Q3,2012-09-30,2012-09-30,1352000.0,75534000.0,2087000.0,0.29,5698000.0,0.07543622739428602,78146000.0,31288000.0,67357000.0,46858000.0,46858000.0,1509000.0,8265000.0,56635160.0,45966160.0,6.9498000888494005,1.437470656024585,0.0009725385816292581,0.002429046279723856,0.040083211448222404,6.9498000888494005,0.04321145487087701,0.7497969126486086,10.472477810650888,1.810124009204807,0.5569526627218935,46.279655400927766,0.013295627663098329,0.9665753845366366,1.3739596226898287,0.01730094950477312,16.368543352601154,0.07543622739428602,0.035714285714285546,0.6170028784179183,0.7769533712862082,0.2818726118206136,0.01932021466905188,0.03680981595092025,0.023540951446787643,1.2171788383906668,1.0978285115989233,0.2546355655982214,Electronics & Computer Distribution,Technology,CLMB
2012Q2,2012,Q2,2012-06-30,2012-06-30,1304000.0,69169000.0,2039000.0,0.28,5590000.0,0.08081655076696208,76333000.0,30486000.0,66088000.0,45833000.0,45847000.0,1307000.0,7665000.0,54769750.0,47629750.0,6.818608812346231,1.4419304867671765,0.0012707479071961012,0.003181788361871023,0.03995580729528265,6.818608812346231,0.042773732204946534,0.7918250950570342,10.50033550613497,1.7965541560060356,0.5697852760736196,48.64498852333588,0.013565882626814983,0.9061480617819292,1.3784391159208431,0.01708304403075996,-34.060789800995025,0.08081655076696208,0.2727272727272728,0.3402856410527908,0.5481126783138324,0.2484258012467737,0.004131489132387282,0.26724975704567544,0.29050632911392404,0.6244206687825056,0.8381558715514723,0.23627323118194402,Electronics & Computer Distribution,Technology,CLMB
2012Q1,2012,Q1,2012-03-31,2012-03-31,1029000.0,66907000.0,1580000.0,0.22,5567000.0,0.08320504580985547,73989000.0,29371000.0,64305000.0,44583000.0,44618000.0,1234000.0,7104000.0,62907670.00000001,53039670.00000001,6.634515473232438,1.4423659242312092,0.0015002230061225317,0.003779238023901127,0.03222248901098411,6.634515473232438,0.035034557897245584,0.9402255369393339,15.283690476190477,2.1418293554867045,0.7220602526724975,49.70826580226905,0.011810960412299485,0.9042830691048669,1.3785747930825651,0.0139074727324332,55.76921099290781,0.08320504580985547,-0.4883720930232558,0.022019836950941604,0.4020844969182957,0.24962337652982566,-0.21124964579200906,-0.4787234042553192,-0.48534201954397393,0.7637890484858952,1.087790576437715,0.22126095881132635,Electronics & Computer Distribution,Technology,CLMB
2011Q4,2011,Q4,2011-12-31,2011-12-31,1974000.0,74218000.0,3070000.0,0.43,7058000.0,0.09509822415047563,74861000.0,28934000.0,65209000.0,45872000.0,45927000.0,1240000.0,6818000.0,54009400.0,44938400.0,6.535803026880506,1.4215425531914894,0.00174990983289029,0.004527545448261561,0.06539661154608278,6.535803026880506,0.06822423446464367,0.7277129537309008,6.840096251266464,1.8666413216285338,0.37537993920972645,54.16129032258065,0.013719833954830086,0.9914107479194775,1.343804499476805,0.02636887030630101,25.452120640904806,0.09509822415047563,0.3030303030303029,0.8717486868843527,0.2839092355510861,0.33582263949717556,0.22598575647038388,0.321285140562249,0.3394415357766143,1.1658007680144569,0.8368424737374728,0.200219061961895,Electronics & Computer Distribution,Technology,CLMB
2011Q3,2011,Q3,2011-09-30,2011-09-30,1494000.0,63741000.0,2292000.0,0.33,5757000.0,0.09031863321880736,63606000.0,27507000.0,55110000.0,36023000.0,36099000.0,1430000.0,5585000.0,44060000.0,35362000.0,6.243077621425329,1.5298559253810067,0.0024997641731912086,0.005780346820809248,0.05162068778378769,6.243077621425329,0.05431344748609445,0.6912348409971604,7.372824631860777,1.6017740938670155,0.4979919678714859,40.54825174825175,0.016886064457557876,1.0021224412791245,1.4392193876134691,0.023488350155645692,30.17808219178082,0.09031863321880736,0.2692307692307693,0.6630465282552048,0.2520572602138513,0.30073122096161964,0.02785216925549009,0.21661237785016288,0.16879143294237633,0.8430063700827198,0.4048716453722302,0.14312063451204002,Electronics & Computer Distribution,Technology,CLMB
2011Q2,2011,Q2,2011-06-30,2011-06-30,1228000.0,60661000.0,1961000.0,0.26,5601000.0,0.09233280031651309,61937000.0,27115000.0,54679000.0,34725000.0,34822000.0,1345000.0,4835000.0,59853840.0,48365840.0,6.142954236520163,1.574629229661627,0.0028900334210568805,0.006601512078185506,0.0427996208777709,6.142954236520163,0.045288585653697214,0.9866939219597435,12.185228013029317,2.2074069703116357,0.6107491856677525,40.9368029739777,0.012530524357334467,0.9793984209761532,1.4831965442764579,0.019826597994736586,-50.33964676198486,0.09233280031651309,0.44444444444444453,0.4861385638873401,0.38363885817327426,0.3528507746390477,0.16082901554404144,0.45670225385527874,0.5142857142857142,0.49717264354387686,0.265534409394472,0.14013930828260487,Electronics & Computer Distribution,Technology,CLMB
2011Q1,2011,Q1,2011-03-31,2011-03-31,843000.0,51549000.0,1295000.0,0.18,4825000.0,0.09360026382665038,60615000.0,26694000.0,53144000.0,33804000.0,33921000.0,1294000.0,4357000.0,60604220.0,47707220.0,6.047575894879928,1.5721216424091824,0.003167532788913635,0.007192627556754327,0.029193561507804385,6.047575894879928,0.03158013036637446,1.175662379483598,17.972781731909848,2.2703311605604255,0.8932384341637011,36.108191653786704,0.012424877343524923,0.8504330611234843,1.4810673293101408,0.01390744865132393,56.428510242085665,0.09360026382665038,-0.43750000000000006,0.3252491495679414,0.3543810400434197,0.306421657443246,-0.22465049011730676,-0.4327052489905787,-0.4574780058651026,0.34842058402121295,0.28041080624616044,0.11237924739735583,Electronics & Computer Distribution,Technology,CLMB
2010Q4,2010,Q4,2010-12-31,2010-12-31,1486000.0,64936000.0,2387000.0,0.32,6223000.0,0.09583282000739189,68683000.0,26679000.0,60899000.0,41866000.0,42004000.0,1164000.0,4267000.0,49701640.0,38746640.0,6.044177616674219,1.454617111737448,0.0,0.0,0.053718821711625044,6.044177616674219,0.05569923910191536,0.7653942343230258,8.36164872139973,1.862949885677874,0.5067294751009421,50.44072164948454,0.015150405499697797,0.9454450155060204,1.38463192089046,0.021635630359768794,23.964146576663452,0.09583282000739189,0.14285714285714277,-0.11781045207595356,0.4377270519487248,0.37721815790537666,0.21211530970003895,0.18217979315831345,0.2222222222222222,0.6058965784582501,0.3867341724878201,0.09595756964111565,Electronics & Computer Distribution,Technology,CLMB
2010Q3,2010,Q3,2010-09-30,2010-09-30,1257000.0,52994000.0,1953000.0,0.28,5134000.0,0.09687889195003208,59132000.0,25650000.0,53520000.0,33241000.0,33482000.0,1186000.0,3534000.0,43933890.0,36228890.0,5.8441558441558445,1.6100598658283445,0.0,0.0,0.04652815802266971,5.8441558441558445,0.04900584795321637,0.8290351737932596,8.737846062052505,1.712822222222222,0.5632458233890215,40.35413153456998,0.016115122061806958,0.896198335926402,1.5226377064468577,0.02125752553608875,-18.147001239157373,0.09687889195003208,0.21739130434782614,0.8969699236784863,0.3595517674372304,0.3766769944888496,0.09583778014941302,0.19146919431279621,0.28065573770491803,0.5420884660223884,0.27879273113715997,0.0779393968258779,Electronics & Computer Distribution,Technology,CLMB
2010Q2,2010,Q2,2010-06-30,2010-06-30,1055000.0,48442000.0,1525000.0,0.23,4685000.0,0.09671359564014698,57610000.0,24858000.0,52321000.0,32752000.0,32752000.0,1316000.0,2985000.0,39726600.0,30115600.0,5.675342465753425,1.597490229604299,0.0,0.0,0.039682786331821526,5.675342465753425,0.04244106525062354,0.8200858758928202,9.41388625592417,1.5981414433985035,0.6729857819905213,33.25,0.017872156187541847,0.8408609616386044,1.5032364435759649,0.018312792917896198,16.044668820678513,0.09671359564014698,0.6428571428571428,4.19622979143527,0.46877848563251406,0.3516106803211552,0.18069556451612903,0.6934189406099518,0.6257995735607675,0.10688573999742879,0.1067351287123785,0.03910404015684851,Electronics & Computer Distribution,Technology,CLMB
2010Q1,2010,Q1,2010-03-31,2010-03-31,623000.0,40358000.0,938000.0,0.14,3968000.0,0.09832003568065811,52379000.0,24531000.0,46438000.0,27770000.0,27848000.0,1230000.0,2640000.0,39950940.0,30540940.0,5.6122168840082365,1.6722362261433201,0.0,0.0,0.022752490981043146,5.6122168840082365,0.025396437161143044,0.9899137717429011,16.031677367576243,1.6285899474134768,1.1396468699839486,29.585365853658537,0.017771797109154375,0.7704996277133966,1.5765934461649262,0.01189407968842475,65.2793137254902,0.09832003568065811,-0.3,0.8633462975672995,0.20031574740871616,0.30127783736803443,-0.08802574120891749,-0.30777777777777776,-0.2973782771535581,-0.373298530951242,-0.14343370473880673,0.057071528539996245,Electronics & Computer Distribution,Technology,CLMB
2009Q4,2009,Q4,2009-12-31,2009-12-31,900000.0,42292000.0,1335000.0,0.2,4351000.0,0.10287997730067153,53667000.0,24359000.0,45813000.0,29230000.0,29308000.0,967000.0,2727000.0,34749450.0,26189450.0,5.572866620910546,1.567328087581252,0.0,0.0,0.03392344217426705,5.572866620910546,0.03694732952912681,0.8216553958195404,9.652625,1.4265548667843508,0.7844444444444445,39.23578076525336,0.020316868324534634,0.7880447947528276,1.4769414984604858,0.01677008217340265,10.407142857142857,0.10287997730067153,0.5384615384615385,-0.8321451341134128,0.22324996742925934,0.32505504014617537,0.17785598267460748,0.5050167224080268,0.40083945435466944,-0.135685868573157,-0.259010566572498,0.13901250825540468,Electronics & Computer Distribution,Technology,CLMB
2009Q3,2009,Q3,2009-09-30,2009-09-30,598000.0,35310000.0,953000.0,0.13,3694000.0,0.10461625601812517,45759000.0,24456000.0,38942000.0,21225000.0,21303000.0,1147000.0,2534000.0,39205200.0,32982200.0,5.539297848244621,1.83472320376914,0.0,0.0,0.021556734108672804,5.539297848244621,0.02445207719986915,1.1103143585386577,16.390133779264215,1.603091265947007,1.1822742474916388,27.5640802092415,0.0180333221103323,0.7716514783976922,1.7192932862190813,0.013068467405319173,-23.021256605989432,0.10461625601812517,-0.27777777777777773,-0.17043914335025462,0.14466611797408982,0.8057705935013924,-0.09482969860328351,-0.2430379746835443,-0.18547008547008548,-0.33569308777753903,-0.30782354750212976,0.15410028359896072,Electronics & Computer Distribution,Technology,CLMB
2009Q2,2009,Q2,2009-06-30,2009-06-30,790000.0,37032000.0,1170000.0,0.18,4081000.0,0.11020198747029596,49185000.0,24268000.0,41770000.0,24839000.0,24917000.0,937000.0,1935000.0,31196000.0,23734000.0,5.515454545454546,1.6816296952373284,0.0,0.0,0.029388266212479166,5.515454545454546,0.03255315641997692,0.8424065672931519,9.872151898734177,1.2854788198450633,0.8962025316455696,35.16648879402348,0.022695217335555844,0.7529124733150351,1.5794114094770322,0.01606180746162448,243.71875,0.11020198747029596,0.3846153846153845,0.31380584043107945,0.28360194621462703,0.8433014186930875,0.17709835592731468,0.36678200692041524,0.4338235294117647,-0.04089163077639393,-0.15263600823135556,0.21465774723587222,Electronics & Computer Distribution,Technology,CLMB
2009Q1,2009,Q1,2009-03-31,2009-03-31,578000.0,31750000.0,816000.0,0.13,3467000.0,0.10919685039370079,47652000.0,23827000.0,40287000.0,23747000.0,23825000.0,811000.0,1145000.0,30482700.0,23266700.0,5.4325125398996805,1.6965090327199226,0.0,0.0,0.020555230218029314,5.4325125398996805,0.02425819448524783,0.9600850393700787,13.18455882352941,1.2793343685734673,1.1972318339100345,34.87422934648582,0.022701401122603968,0.6662889280617812,1.610308670568914,0.012129606312431797,-32.290995762711866,0.10919685039370079,-0.35000000000000003,0.38226476508629936,0.329187248411196,0.8194628309075669,-0.22972672739391248,-0.3599114064230343,-0.3968957871396896,-0.08554676740251047,-0.16048578969549332,0.17355319880576217,Electronics & Computer Distribution,Technology,CLMB
2008Q4,2008,Q4,2008-12-31,2008-12-31,903000.0,40031000.0,1353000.0,0.2,4501000.0,0.11243786065799005,47485000.0,23884000.0,38202000.0,23396000.0,23601000.0,1058000.0,567000.0,30702000.0,21353000.0,5.4455084359325125,1.6328432210634296,0.0,0.0,0.03317371510941013,5.4455084359325125,0.03780773739742087,0.7669556094027129,8.5,1.2854630715123094,0.7718715393133998,33.582230623818525,0.022702104097452935,0.8430241128777509,1.5240212002051632,0.019016531536274615,-10.281982585398527,0.11243786065799005,0.11111111111111122,1.0096022985029485,0.7357976435963117,0.846949131865632,0.05831177992005643,0.11344019728729964,0.11818181818181818,-0.46049614734072547,-0.10802834807929448,0.240806206009514,Electronics & Computer Distribution,Technology,CLMB
2008Q3,2008,Q3,2008-09-30,2008-09-30,811000.0,45392000.0,1210000.0,0.18,4253000.0,0.09369492421572083,56930000.0,24074000.0,51014000.0,32727000.0,32856000.0,1058000.0,-336000.0,33148159.999999996,19977159.999999996,5.461433756805808,1.5587741008952853,0.0,0.0,0.029495103556124044,5.461433756805808,0.03368779596244911,0.73026436376454,10.218298397040689,1.3769278059317105,0.8643649815043156,38.88374291115312,0.021147478472409935,0.7973300544528368,1.4808873407278393,0.014245564728614088,29.944137308039743,0.09369492421572083,-0.43750000000000006,1.0409479352310569,1.0724317392265168,0.8265763963459171,-0.010469986040018614,-0.014580801944106925,-0.011437908496732025,0.2186248130189946,0.15950429278875633,0.28652116925286925,Electronics & Computer Distribution,Technology,CLMB
2008Q2,2008,Q2,2008-06-30,2008-06-30,823000.0,48096000.0,1224000.0,0.32,4298000.0,0.08936294078509648,58060000.0,23863000.0,51745000.0,34049000.0,34197000.0,1368000.0,-1147000.0,34634780.0,21870780.0,5.387897945360127,1.519721577726218,0.0,0.0,0.03081311782495639,5.387897945360127,0.0344885387419855,0.7201176813040585,10.520893074119076,1.4514009135481707,0.0,32.01608187134503,0.0,0.8283844299001033,1.4278539751534554,0.014174991388219083,19.534562887760856,0.08936294078509648,1.2857142857142856,2.4115953183618495,1.5215093135831614,0.8100500849429594,0.14766355140186915,0.30842607313195547,0.5242839352428393,3.008705521959078,0.44215395805094604,0.28315435612437445,Electronics & Computer Distribution,Technology,CLMB
2008Q1,2008,Q1,2008-03-31,2008-03-31,629000.0,40506000.0,803000.0,0.14,3745000.0,0.09245543870043944,52045000.0,24144000.0,46796000.0,27769000.0,27901000.0,836000.0,-1970000.0,43965900.0,29605900.0,5.4366133753659085,1.6851885195721847,0.0,0.0,0.020115166373553553,5.4366133753659085,0.026052021206096752,1.085416975262924,17.474523052464228,1.8209865805168988,0.0,43.97248803827751,0.0,0.7782880199827072,1.5804674277071555,0.012085695071572677,-63.71869565217391,0.09245543870043944,-0.33333333333333326,11.937126883090494,1.2475220803031153,0.8033761816426329,-0.13249942089413944,-0.32438238453276047,-0.3492706645056726,0.851638519852886,0.18572850238559668,0.26056149324180267,Electronics & Computer Distribution,Technology,CLMB
2007Q4,2007,Q4,2007-12-31,2007-12-31,931000.0,47113000.0,1234000.0,0.21,4317000.0,0.09163076008744932,56753000.0,24492000.0,51579000.0,32100000.0,32261000.0,1116000.0,-2599000.0,39924590.0,25683590.0,5.514974104931322,1.6068224299065421,0.0,0.0,0.03180157062700515,5.514974104931322,0.03801241221623387,0.8474219429881349,10.720888829215898,1.6301073820022864,0.7529538131041891,38.34767025089606,0.017558101410684493,0.8301411379134143,1.5173208722741434,0.016404419149648478,6.904979245935662,0.09163076008744932,0.16666666666666666,3.6979117579010325,1.6689091694188751,0.7658667940293946,0.046291808046534176,0.13260340632603407,0.06013745704467354,-0.8291003630078952,0.3412130862639616,0.3112899933034643,Electronics & Computer Distribution,Technology,CLMB
2007Q3,2007,Q3,2007-09-30,2007-09-30,822000.0,41790000.0,1164000.0,0.18,4126000.0,0.09873175400813591,45707000.0,23996000.0,41864000.0,21691000.0,21711000.0,1249000.0,-3530000.0,59131360.0,49861360.0,5.421599638499774,1.9300170577658937,0.0,0.0,0.028040538401969947,5.421599638499774,0.034255709284880816,1.4149643455372098,17.9839902676399,2.4642173695615934,0.8503649635036497,30.155324259407525,0.011821138563361302,0.9143019668759709,1.7906505002074593,0.017984116218522327,-83.28360563380282,0.09873175400813591,-0.10000000000000009,4.725911819766316,1.5179686069386968,0.0,-0.048651141341941435,-0.14285714285714285,-0.13392857142857142,0.13746536946218182,0.351365352265358,0.7674018377695889,Electronics & Computer Distribution,Technology,CLMB
2007Q2,2007,Q2,2007-06-30,2007-06-30,959000.0,44040000.0,1344000.0,0.2,4337000.0,0.0984786557674841,49580000.0,24070000.0,45317000.0,25482000.0,25510000.0,1636000.0,-4353000.0,70864559.99999999,59835559.999999985,5.461765373269798,1.7783925908484421,0.0,0.0,0.03355126495091072,5.461765373269798,0.039842127129206484,1.6090953678474111,18.47355578727841,2.9441030328209385,0.6736183524504692,24.26833740831296,0.0091159812464792,0.8882613957240822,1.6458676712973863,0.01934247680516337,81.92434682080923,0.0984786557674841,-0.04761904761904753,1.4154021997276007,1.8244968467634755,0.0,-0.02648709315375982,-0.031313131313131314,-0.04815864022662889,0.5923272596481959,0.5240883220071437,0.825358141952975,Electronics & Computer Distribution,Technology,CLMB
2007Q1,2007,Q1,2007-03-31,2007-03-31,990000.0,46922000.0,1412000.0,0.21,4455000.0,0.09494480201184945,51511000.0,23111000.0,47267000.0,28365000.0,28400000.0,2279000.0,-5312000.0,63118500.0,52265500.0,5.309212037675167,1.6663846289441213,0.0,0.0,0.036635665114042495,5.309212037675167,0.042836744407425034,1.3451792336217552,15.939015151515152,2.7311020726061184,0.6444444444444445,18.634050021939448,0.01010797151389846,0.9109122323387238,1.5130266173100653,0.019219195899904874,-54.03981164383562,0.09494480201184945,-0.0454545454545455,10.415561400300989,2.039440855007076,0.0,-0.04929577464788732,-0.04532304725168756,-0.07227332457293036,1.3854952385666581,0.9792420625529417,0.7781668966263214,Electronics & Computer Distribution,Technology,CLMB
