Quarters,Year,Quarter,FillingDate,Date,NetIncome,Revenue,OperatingIncome,EPSDiluted,GrossProfit,GrossProfitRatio,TotalAssets,CommonStockEquity,CurrentAssets,CurrentLiability,TotalLiability,Inventory,RetainedEarnings,MarketCap,EnterpriseValue,bookValuePerShare,currentRatio,debtToAssets,debtToEquity,roic,shareholdersEquityPerShare,roe,priceToSalesRatio,peRatio,pbRatio,payoutRatio,inventoryTurnover,dividendYield,assetTurnover,quickRatio,returnOnAssets,priceToFreeCashFlowsRatio,grossProfitMargin,epsdilutedGrowth,fiveYNetIncomeGrowthPerShare,fiveYRevenueGrowthPerShare,fiveYShareholdersEquityGrowthPerShare,grossProfitGrowth,netIncomeGrowth,operatingIncomeGrowth,threeYNetIncomeGrowthPerShare,threeYRevenueGrowthPerShare,threeYShareholdersEquityGrowthPerShare,Industry,Sector,Symbol
2023Q3,2023,Q3,2023-05-09,2023-03-31,5156000.0,263479000.0,5805000.0,0.09,90289000.0,0.3426800618,2383873000.0,1560899000.0,937875000.0,220158000.0,822974000.0,342777000.0,365675000.0,2888842320.0,3404000320.0,27.6211534037621,4.260008721009457,0.24313333805953588,0.37132383325250384,-0.002561786795590125,27.6211534037621,0.0033032246160706108,10.964222271983726,140.07187354538402,1.8507554428569688,0.0,0.5052556034973175,0.0,0.11052560266423589,2.5741740023074335,0.002162866897691278,-228.13253731343283,0.34268006178860555,1.473684210526316,0.15638360565896792,0.8773829050254756,0.7119504602377253,0.11522974308300395,1.4721611721611723,2.6714655917074577,-0.7885844486495783,0.22388533514349923,0.11767346764087269,Aerospace & Defense,Industrials,MRCY
2023Q2,2023,Q2,2023-02-07,2022-12-30,-10920000.0,229588000.0,-3473000.0,-0.19,80960000.0,0.3526316706,2347952000.0,1544092000.0,896881000.0,200575000.0,803860000.0,311976000.0,360519000.0,2516714480.0,3014964480.0,27.449548460499184,4.471549295774648,0.24497689901667496,0.37251277773604163,-0.0013291342526885858,27.449548460499184,-0.007072117464503411,10.961872920187465,-57.617089743589744,1.6298993065180054,0.0,0.4764084416750006,0.0,0.09778223745630234,2.7734762557646766,-0.004650861687121372,113.28387108390349,0.3526316706448072,0.2692307692307693,-1.9937368777978568,0.6182790249552915,0.712851296362881,0.03668608745758371,0.2382281130101151,0.489564961787184,-1.675504501242241,0.14810900489528284,0.1368673537217169,Aerospace & Defense,Industrials,MRCY
2023Q1,2023,Q1,2022-11-08,2022-09-30,-14335000.0,227579000.0,-6804000.0,-0.26,78095000.0,0.3431555636,2349042000.0,1538930000.0,878805000.0,182006000.0,810112000.0,287578000.0,371439000.0,2270798600.0,2797578600.0,27.514795015286694,4.828439721767414,0.24638171646143406,0.376080133599319,-0.0029067904006640066,27.514795015286694,-0.009314913608806118,9.978067396376643,-39.60234740146495,1.4755697790022937,0.0,0.5198033229245631,0.0,0.09688162238052789,3.003670208674439,-0.006102487737554288,-30.95122602805076,0.3431555635625431,-1.866666666666667,-1.6638934625669495,0.7839448987975937,0.7426171743707917,-0.3468734057589215,-1.8474726574046705,-1.2463699894992215,-1.724244416316623,0.24814245557731696,0.15533087977361823,Aerospace & Defense,Industrials,MRCY
2022Q4,2022,Q4,2022-08-16,2022-07-01,16915000.0,289729000.0,27617000.0,0.3,119571000.0,0.4126994536,2303495000.0,1537185000.0,814332000.0,193927000.0,766310000.0,270339000.0,385774000.0,3558848000.0,4014582000.0,27.643731904256658,4.199167728062622,0.226346486534592,0.33918363762331794,0.009741837703872326,27.643731904256658,0.011003880469819833,12.283368251020782,52.59899497487437,2.3151722141446864,0.0,0.6294245373401544,0.0,0.12577800255698407,2.6479242189071144,0.007343189370934167,-128.87372804635163,0.4126994536273552,3.0595399188092016,0.596643176977864,1.082667695147136,0.7609795400819176,0.19865870040299136,3.0867359265523073,0.6265386654102126,0.1839444710748923,0.46728504934908394,0.0722998052122887,Aerospace & Defense,Industrials,MRCY
2022Q3,2022,Q3,2022-05-10,2022-04-01,4139000.0,253075000.0,16979000.0,0.0739,99754000.0,0.3941677368,2259837000.0,1500444000.0,755045000.0,182805000.0,759393000.0,259614000.0,368859000.0,3654486599.9999995,4086728599.9999995,26.991257420399354,4.130330133202046,0.2318468101902925,0.3491873072237284,0.005370231779327699,26.991257420399354,0.0027585168123568757,14.440330336856661,220.7348755738101,2.4356034613754325,0.0,0.5905729275000577,0.0,0.1119881655181325,2.509608599327152,0.0018315480275789802,-353.9797171638899,0.39416773683690604,2.5557894736842104,-0.5375772744507941,0.8569078834139877,0.6608352629995432,0.1436793469537502,2.568397120121258,10.98764705882353,-0.7506106766643295,0.23195298465559477,0.570139224125144,Aerospace & Defense,Industrials,MRCY
2022Q2,2022,Q2,2022-02-08,2021-12-31,-2639000.0,220380000.0,-1700000.0,-0.0475,87222000.0,0.3957800163,2230774000.0,1487121000.0,708792000.0,163672000.0,743653000.0,251272000.0,364720000.0,3056931200.0,3478370200.0,26.78532060518732,4.3305635661567035,0.23606515048140242,0.35411240914491826,-0.000768700844501982,26.78532060518732,-0.0017745697895463785,13.87118250294945,-289.59181508147026,2.055603545373914,0.0,0.5299356872234073,0.0,0.09879082327479162,2.598471332909722,-0.0011829974708329933,-2541.089941812136,0.39578001633542065,0.6346153846153846,-1.3575983483387861,0.5855409653293662,1.1634773496515252,-0.013426234885588572,0.6303921568627451,0.695067264573991,-1.1811360254169225,0.17739813474715171,0.5877535487041242,Aerospace & Defense,Industrials,MRCY
2022Q1,2022,Q1,2021-11-09,2021-10-01,-7140000.0,225013000.0,-5575000.0,-0.13,88409000.0,0.39290618764249174,1965094000.0,1479480000.0,661685000.0,167324000.0,485614000.0,234403000.0,367359000.0,2656940480.0,2833146480.0,26.716989309448138,3.9545133991537376,0.13842085925660555,0.18385513829183225,-0.002879458470400671,26.716989309448138,-0.004826019952956444,11.807942118899797,-93.03012885154062,1.7958610322545756,0.0,0.5827741112528423,0.0,0.11450495497925291,2.372654251631565,-0.003633413974089789,-359.8727454964107,0.39290618764249174,-1.40625,-2.3121565222443867,0.8017632915423217,1.1881358318530235,-0.13981455355666042,-1.398326359832636,-1.2488172810854234,-1.8110997415125831,0.3270761459230267,0.6185255266480253,Aerospace & Defense,Industrials,MRCY
2021Q4,2021,Q4,2021-08-17,2021-07-02,17925000.0,250842000.0,22406000.0,0.32,102779000.0,0.40973600912127955,1955137000.0,1484146000.0,643100000.0,150823000.0,470991000.0,221640000.0,374499000.0,3641880000.0,3799549000.0,26.896447988401594,4.2639385239651775,0.13886904089074065,0.18293887528585462,0.010436802214558883,26.896447988401594,0.012077652737668665,14.518621283517115,50.793305439330545,2.4538556179782853,0.0,0.6680337484208626,0.0,0.1282989376192052,2.6890262095303767,0.00916815547964158,223.38710666748452,0.40973600912127955,0.14285714285714277,0.45134710429815,1.0119923066208738,1.149866809196296,-0.02692595362752431,0.14646626159258075,0.03196389093588799,0.5074254649281832,0.3938869959787301,0.6332839825316631,Aerospace & Defense,Industrials,MRCY
2021Q3,2021,Q3,2021-05-11,2021-04-02,15635000.0,256857000.0,21712000.0,0.28,105623000.0,0.41121324316643115,1903320000.0,1453980000.0,626941000.0,162669000.0,449340000.0,226840000.0,356574000.0,3993673320.0,4102349320.0,26.366010227396366,3.85409020772243,0.12116669819053023,0.15861222300169192,0.009211055596777245,26.366010227396366,0.010753242823147498,15.548236255971222,63.85790406140071,2.7467181941979946,0.0,0.6666989948862635,0.0,0.13495208372738163,2.372449575518384,0.00821459344723956,301.8649523809524,0.41121324316643115,0.21739130434782614,1.0829269080899921,1.3502272979293273,1.3839915540775938,0.19123236378810607,0.23246098060854486,0.1986970684039088,2.593402609491718,0.8755007163115939,0.6341570782223714,Aerospace & Defense,Industrials,MRCY
2021Q2,2021,Q2,2021-02-09,2021-01-01,12686000.0,210676000.0,18113000.0,0.23,88667000.0,0.4208690121323739,1864777000.0,1430631000.0,645733000.0,211853000.0,518537000.0,218410000.0,340939000.0,4849464200.0,4900351200.0,25.978409297258036,3.0480238656049243,0.08580114405100449,0.1118387620567428,0.010811150555695256,25.978409297258036,0.008867415846573995,23.018588733410546,95.56724341794104,3.3897379547905784,0.0,0.5586236893915114,0.0,0.1129765114005589,1.0854932429562008,0.006802958208944019,477.1216253443526,0.4208690121323739,-0.20689655172413784,0.591814768609464,1.0971580365560498,1.3803731441140774,0.006218863128269726,-0.19698696037473098,-0.035002663825253064,0.1792241565640426,0.5168483935716626,0.6210522408514966,Aerospace & Defense,Industrials,MRCY
2021Q1,2021,Q1,2020-11-10,2020-10-02,15798000.0,205621000.0,18770000.0,0.29,88119000.0,0.4285505857864712,1653182000.0,1407892000.0,676705000.0,146606000.0,245290000.0,206044000.0,328253000.0,4231479299.9999995,4060631299.9999995,25.65260645372884,4.615806992892515,0.0,0.0,0.011162338783185965,25.65260645372884,0.011221031158640008,20.579023056983477,66.96226262818078,3.005542541615408,0.0,0.5702762516743997,0.0,0.12437892500644213,3.0486132900426997,0.009556116628417198,354.06905698267923,0.4285505857864712,-0.40816326530612246,3.813828861172951,1.1024820868255045,1.3844584876680182,-0.087917775040626,-0.41970320305612696,-0.28952647715659185,-0.25438000481509204,0.6425986434344579,0.6246776524704958,Aerospace & Defense,Industrials,MRCY
2020Q4,2020,Q4,2020-08-18,2020-07-03,27224000.0,217377000.0,26419000.0,0.49,96613000.0,0.44444904474714436,1610720000.0,1384784000.0,634769000.0,125915000.0,225936000.0,178093000.0,312455000.0,4385711990.0,4158873990.0,25.34516902465362,5.04125004963666,0.0,0.0,0.018355621949705875,25.34516902465362,0.019659383701718103,20.17560270865823,40.27431668748164,3.167072980334839,0.0,0.6780951525326655,0.0,0.1349564170060594,3.4750823968550213,0.016901758219926493,254.6871074332172,0.44444904474714436,0.13953488372093023,1.7254466756385491,1.012645547871324,1.3479196844777341,0.03523171711759979,0.1552726501166985,0.0029230886037506644,1.615353655800249,0.5903189146770178,0.614554946738591,Aerospace & Defense,Industrials,MRCY
2020Q3,2020,Q3,2020-05-05,2020-03-27,23565000.0,208016000.0,26342000.0,0.43,93325000.0,0.4486433735866472,1771640000.0,1349433000.0,795393000.0,122016000.0,422207000.0,161858000.0,285231000.0,3703789320.0,3496643320.0,24.71307962786609,6.518759834775767,0.1128897518683254,0.14821039651468432,0.013274939478364878,24.71307962786609,0.017462889969342678,17.80530978386278,39.293330362826225,2.744700418620265,0.0,0.7085902457709844,0.0,0.11741437312320788,5.090602871754524,0.01330123501388544,192.77516889605997,0.4486433735866472,0.48275862068965525,2.7928116202894606,1.065199413591512,1.34301453281323,0.05444828599191015,0.5032533809645318,0.264921968787515,1.680299978543272,0.553853504021726,0.520653649587117,Aerospace & Defense,Industrials,MRCY
2020Q2,2020,Q2,2020-02-04,2019-12-27,15676000.0,193913000.0,20825000.0,0.29,88506000.0,0.456421178569771,1512620000.0,1317056000.0,545109000.0,107884000.0,195564000.0,153642000.0,261666000.0,3834724400.0,3652687400.0,24.144899904671114,5.052732564606429,0.0,0.0,0.011444482633873022,24.144899904671114,0.011902303318917343,19.775489007957177,61.15597729012502,2.911587965887555,0.0,0.6860558961742232,0.0,0.12819677116526293,3.479765303474102,0.010363475294522088,184.8772731655578,0.456421178569771,-0.17142857142857143,33.75887271172628,0.9958632972051336,1.3155454309324466,0.1289030612244898,-0.18553540811555047,0.1916342412451362,1.1620313867802234,0.41998200096850774,0.9502079076568108,Aerospace & Defense,Industrials,MRCY
2020Q1,2020,Q1,2019-11-05,2019-09-27,19247000.0,177304000.0,17476000.0,0.35,78400000.0,0.44217840545052567,1473852000.0,1295278000.0,503041000.0,94070000.0,178574000.0,148500000.0,245990000.0,4411410680.0,4250111680.0,23.815510774435538,5.347517805889232,0.0,0.0,0.014479223460682176,23.815510774435538,0.014859358377120588,24.88049158507422,57.29997765885592,3.405763612135773,0.0,0.6660202020202021,0.0,0.12029973158770352,3.6012650154140533,0.013058977427855714,299.7900564050289,0.44217840545052567,0.3999999999999999,21.435060788636182,0.9076522473584218,1.2799945628698262,-0.018023772842846227,0.503202124336145,-0.16186274039614407,2.6013801881231484,0.44553013910890604,0.9505031751835723,Aerospace & Defense,Industrials,MRCY
2019Q4,2019,Q4,2019-08-15,2019-06-30,12804000.0,176963000.0,20851000.0,0.25,79839000.0,0.45116210733317136,1416977000.0,1284739000.0,582172000.0,98032000.0,132238000.0,137112000.0,226743000.0,3434628200.0,3176696200.0,25.779853516604796,5.938591480332953,0.0,0.0,0.016509556757276028,25.779853516604796,0.009966226603224469,19.408736289506844,67.06162527335208,2.6734054154190074,0.0,0.708355213256316,0.0,0.12488770107065958,4.4286661498286275,0.009036138201255208,200.38670945157526,0.45116210733317136,-0.13793103448275856,2.0625768242196334,1.3987300275805936,1.4592543063094034,0.08114073692905602,-0.09249415266850947,-0.054890762396881516,0.14790256268230353,0.5716497458116526,1.0606160131326978,Aerospace & Defense,Industrials,MRCY
2019Q3,2019,Q3,2019-05-09,2019-03-31,14109000.0,174636000.0,22062000.0,0.29,73847000.0,0.42286241095764904,1212381000.0,812382000.0,425170000.0,93790000.0,399999000.0,131655000.0,213939000.0,3041052299.9999995,3205037299.9999995,17.190359304244783,4.533212496001706,0.2280636202645868,0.3403571226344257,0.014685325463350116,17.190359304244783,0.01736744536437292,17.41366213151927,53.88497235806931,3.743377253558055,0.0,0.7655539098401124,0.0,0.14404382780660535,3.0201727263034437,0.011637430807642152,158.7353742561854,0.42286241095764904,0.11538461538461527,17.092916290623464,1.0744699561807352,0.6119292440394942,0.041756598530054874,0.1393846402325769,0.11082020039272947,1.193365746237776,0.8646224739069137,0.5543372334087754,Aerospace & Defense,Industrials,MRCY
2019Q2,2019,Q2,2019-02-07,2018-12-31,12383000.0,159089000.0,19861000.0,0.26,70887000.0,0.44558077554073505,1156639000.0,796076000.0,399305000.0,93180000.0,360563000.0,126402000.0,199830000.0,2231567810.0,2377664810.0,16.869948504948187,4.285308006009873,0.2074977585919202,0.30147875328486223,0.014074185625079196,16.869948504948187,0.015555047508026871,14.02716598884901,45.0530527739643,2.8032095051226262,0.0,0.6977895919368364,0.0,0.13754421215262497,2.8140588109036275,0.01070601976934895,122.4387035004938,0.44558077554073505,0.625,8.781482688823047,0.9677965724658298,0.5802509107025574,0.15108065537567186,0.6557026340419843,0.4381607530774801,0.8132930538253034,0.8481216272919864,0.5457748742146639,Aerospace & Defense,Industrials,MRCY
2019Q1,2019,Q1,2018-11-08,2018-09-30,7479000.0,144056000.0,13810000.0,0.16,61583000.0,0.42749347475981564,1126974000.0,776621000.0,364179000.0,82756000.0,350353000.0,121156000.0,187447000.0,2539651040.0,2706782040.0,16.50699285835742,4.400635603460776,0.21295966011638245,0.3090310460314619,0.00957733380006745,16.50699285835742,0.009630179971955432,17.629609596268118,84.89273432277042,3.270129239358709,0.0,0.680717422166463,0.0,0.12782548665718996,2.740175938904732,0.006636355408376768,155.78769721506563,0.42749347475981564,-0.23809523809523805,3.159912991756721,0.74001193930518,0.5369416377209935,-0.09779073515192359,-0.2595782595782596,-0.26884794578568405,1.658451529310925,0.7182757666956994,0.5343563352122584,Aerospace & Defense,Industrials,MRCY
2018Q4,2018,Q4,2018-08-16,2018-06-30,10101000.0,152867000.0,18888000.0,0.21,68258000.0,0.44651886934393953,1064480000.0,771891000.0,331743000.0,71680000.0,292589000.0,108585000.0,179968000.0,1783986380.0,1912465380.0,16.467710622319885,4.628111049107143,0.18318803547271909,0.2526263423203535,0.011866777830370736,16.467710622319885,0.013086044532194313,11.670186371159243,44.15370705870706,2.311189507326812,0.0,0.7791960215499378,0.0,0.14360720727491358,2.934361049107143,0.009489140237486848,82.58431534117211,0.44651886934393953,1.625,4.243918256085487,0.7817852674685234,0.5182832064992262,0.2935981503240723,1.7329545454545454,1.7622111728575607,0.17872967998742534,0.6498009277903491,0.5255318238682114,Aerospace & Defense,Industrials,MRCY
2018Q3,2018,Q3,2018-05-03,2018-03-31,3696000.0,116336000.0,6838000.0,0.08,52766000.0,0.45356553431439967,1056946000.0,755796000.0,313158000.0,79337000.0,301150000.0,117075000.0,169867000.0,2263502080.0,2414285080.0,16.134318162411407,3.947187314872002,0.18449381519964123,0.2580061286378864,0.00450146430896055,16.134318162411407,0.00489020846895194,19.456591940585888,153.10484848484847,2.9948585067928386,0.0,0.542985265855221,0.0,0.11006806402597673,2.341832940494347,0.003496867389630123,-869.9085626441199,0.45356553431439967,-0.5789473684210527,2.027343809260849,0.3873571179949728,0.48534845302844776,-0.025738552437223044,-0.5953136975802037,-0.3719691403379868,-0.3065801383314832,0.34632485982251304,0.5296734563561377,Aerospace & Defense,Industrials,MRCY
2018Q2,2018,Q2,2018-02-02,2017-12-31,9133000.0,117912000.0,10888000.0,0.19,54160000.0,0.4593255987516114,835816000.0,749231000.0,268902000.0,74276000.0,86585000.0,105912000.0,166171000.0,2400715200.0,2368680200.0,16.02564596167009,3.6203080402821906,0.0,0.0,0.012678915794525925,16.02564596167009,0.012189831974384403,20.360227966619174,65.71540567173984,3.2042390130680656,0.0,0.6019336807916006,0.0,0.14107411200551317,2.0868786687489904,0.010927046144127416,498.5909034267913,0.4593255987516114,-0.5,2.229389713479966,0.5246180943054474,0.47963593001782184,0.06879267474444488,-0.4912827939620119,0.04985054478835214,22.62775851381194,0.41599105514236695,0.5368923222211078,Aerospace & Defense,Industrials,MRCY
2018Q1,2018,Q1,2017-11-02,2017-09-30,17953000.0,106069000.0,10371000.0,0.38,50674000.0,0.47774561841819946,822592000.0,734268000.0,251997000.0,75316000.0,88324000.0,93274000.0,157038000.0,2412627520.0,2386553520.0,15.789351453638396,3.3458627648839556,0.0,0.0,0.026491123267603587,15.789351453638396,0.024450200744142465,22.74583073282486,33.5964395922687,3.285758769277703,0.0,0.593895404935995,0.0,0.12894484750641874,1.9587338679696213,0.021824914416867656,548.3244363636363,0.47774561841819946,1.0,2.602280027882906,0.3789525468277792,0.43609023018765924,-0.06032228753685538,1.039186733303044,-0.20272140221402213,23.47451047803503,0.3346946769546375,0.5116045927589211,Aerospace & Defense,Industrials,MRCY
2017Q4,2017,Q4,2017-08-18,2017-06-30,8804000.0,115608000.0,13008000.0,0.19,53927000.0,0.4664642585288215,815745000.0,725417000.0,246196000.0,72845000.0,90328000.0,81071000.0,139085000.0,1945020990.0000002,1903383990.0000002,15.69792906450845,3.379724071659002,0.0,0.0,0.013962250997552784,15.69792906450845,0.012136467714431836,16.824276780153625,55.231173046342576,2.6812453940285383,0.0,0.7608269294815655,0.0,0.14172075832521192,2.1320612258905896,0.01079258837014018,528.3947269763652,0.4664642585288215,0.1875,-0.006093903094164268,0.21722477600126247,0.39545420508057466,0.06191048185416379,0.24914869466515324,0.1122702009405729,1.7879230464682554,0.6899578915517138,0.49749491893607367,Aerospace & Defense,Industrials,MRCY
2017Q3,2017,Q3,2017-05-04,2017-03-31,7048000.0,107317000.0,11695000.0,0.16,50783000.0,0.47320554991287495,981376000.0,711382000.0,448353000.0,73365000.0,269994000.0,72096000.0,130281000.0,1709335649.9999998,1625234649.9999998,16.251616293148743,6.111265589858925,0.18966940296074083,0.2616554818648771,0.00898786565166683,16.251616293148743,0.009907475870910424,15.927911234939476,60.631939912031775,2.4028379267397826,0.0,0.7841489125610297,0.0,0.10935360147384897,5.000395283854699,0.007181752967262293,144.21122500632748,0.47320554991287495,0.23076923076923075,-0.0924973469483355,0.08191347374679933,0.47781049553997323,0.07161999620165017,0.3543428132205995,0.3055369502121009,9.679074972904013,0.37629307135934503,0.5239038988188304,Aerospace & Defense,Industrials,MRCY
2017Q2,2017,Q2,2017-02-09,2016-12-31,5204000.0,98014000.0,8958000.0,0.13,47389000.0,0.4834921541820556,755277000.0,484716000.0,224847000.0,68520000.0,270561000.0,70088000.0,123233000.0,1183143220.0,1327668220.0,12.380679931547087,3.281479859894921,0.2525033861748736,0.39344688436115166,0.009883904249317253,12.380679931547087,0.010736183662185692,12.07116554777889,56.838163912375094,2.4408998671386954,0.0,0.7223062435795,0.0,0.1297722557419331,2.0879159369527147,0.006890187308762215,181.04716449885234,0.4834921541820556,0.3,-0.5671131710861543,0.08514253975878387,0.14608762344350937,0.2014248047865328,0.36266038229903114,1.3939070016034207,4.94159215961657,0.46125522118049994,0.15972972479469047,Aerospace & Defense,Industrials,MRCY
2017Q1,2017,Q1,2016-11-03,2016-09-30,3819000.0,87649000.0,3742000.0,0.1,39444000.0,0.45002224782941047,722161000.0,474539000.0,231958000.0,56174000.0,247622000.0,58443000.0,118029000.0,954913050.0,1067845050.0,12.209931815257944,4.129276889664258,0.26343987005667713,0.4009069855164697,0.00839715683454049,12.209931815257944,0.00804781061198342,10.89473981448733,62.51067360565593,2.0122962496233185,0.0,0.8248207655322279,0.0,0.12137044232518787,2.902517178765977,0.0052882944384977865,225.58777462792347,0.45002224782941047,-0.5454545454545454,0.08437702895420847,0.34412242073866095,0.16560532980516243,0.03321458507963118,-0.5487415809996455,-0.5111053044159917,2.335134063356244,0.28159361949068246,0.1368486532726089,Aerospace & Defense,Industrials,MRCY
2016Q4,2016,Q4,2016-08-16,2016-06-30,8463000.0,85430000.0,7654000.0,0.22,38176000.0,0.44686878145850406,736496000.0,473044000.0,245392000.0,67644000.0,263452000.0,58284000.0,114210000.0,939981460.0,1050565460.0,12.510750839702732,3.6276979480811304,0.2610672698833395,0.40646324654788984,0.011334169649091156,12.510750839702732,0.017890513356051446,11.002943462483906,27.76738331560912,1.9870909682820201,0.0,0.8107542378697412,0.0,0.11599519888770611,2.6252882739045593,0.011490897438682627,77.33290497737556,0.44686878145850406,0.6923076923076923,0.5414933133142413,0.0802547528602211,0.21510785816550407,0.25204158604178284,0.8698630136986302,0.12245197242997508,4.369259476859191,0.23440199337643505,0.1534610569894053,Aerospace & Defense,Industrials,MRCY
2016Q3,2016,Q3,2016-05-05,2016-03-31,4526000.0,65898000.0,6819000.0,0.13,30491000.0,0.4626999301951501,414756000.0,367743000.0,206635000.0,41992000.0,47013000.0,34348000.0,105747000.0,674995300.0,590750300.0,11.059607229857749,4.920818251095446,0.0,0.0,0.011990984231811873,11.059607229857749,0.012307508232651608,10.243031654981941,37.28431838267786,1.8355082217744458,0.0,1.0308314894608128,0.0,0.15888377744987414,3.6420032387121357,0.010912440085254944,261.82905352986813,0.4626999301951501,-0.07142857142857148,-0.3350604330368006,-0.13011824227979948,-0.0122248851186019,0.06693960389110505,-0.0557062382641352,0.0706547338671691,4.2226821314637,0.10712239232011653,0.01816329172451603,Aerospace & Defense,Industrials,MRCY
2016Q2,2016,Q2,2016-02-04,2015-12-31,4793000.0,60417000.0,6369000.0,0.14,28578000.0,0.4730125626893093,408092000.0,361458000.0,198978000.0,41392000.0,46634000.0,36707000.0,101221000.0,608083200.0,526529200.0,10.913586956521739,4.807160804020101,0.0,0.0,0.013047137208523511,10.913586956521739,0.013260185139075632,10.064769849545657,31.717254329230126,1.6823066580349584,0.0,0.8673822431688779,0.0,0.1480474990933417,3.4225695786625434,0.011744900659655175,57.49652042360061,0.4730125626893093,1.3333333333333337,-0.35504550947402364,-0.24095537453428456,0.3068378672633171,0.03810527080533256,1.4454081632653062,1.0341743851804535,1.910737905286139,0.10273735543329858,0.007643337739164533,Aerospace & Defense,Industrials,MRCY
2016Q1,2016,Q1,2015-11-05,2015-09-30,1960000.0,58409000.0,3131000.0,0.06,27529000.0,0.47131435224023693,401388000.0,352634000.0,200867000.0,42761000.0,48754000.0,34666000.0,96428000.0,521497980.0,442424980.0,10.758252486423821,4.6974345782371785,0.0,0.0,0.005397838944802653,10.758252486423821,0.005558170794648275,8.928383981920595,66.51759948979591,1.4788647152571788,0.0,0.8907863612761784,0.0,0.145517554087317,3.402375996819532,0.004883055796386539,139.21462359850509,0.47131435224023693,-0.6666666666666666,-0.6220484511633231,-0.21537516647052807,0.3374006179313962,-0.11955096427543416,-0.6694772344013491,-0.6052200226957508,1.2481791648870177,0.07732931327837274,-0.02150374351916871,Aerospace & Defense,Industrials,MRCY
2015Q4,2015,Q4,2015-08-13,2015-06-30,5930000.0,64119000.0,7931000.0,0.18,31267000.0,0.48764016906065283,389988000.0,350138000.0,188164000.0,33285000.0,39850000.0,31960000.0,94468000.0,474863040.0,397277040.0,10.794734245899617,5.653117019678534,0.0,0.0,0.017401197087371267,10.794734245899617,0.016936179449245727,7.405964534693305,20.01952107925801,1.3562168059450845,0.0,1.027909887359199,0.0,0.1644127511615742,3.9468829803214662,0.015205596069622655,46.692530973451326,0.48764016906065283,0.6363636363636362,-0.7751215467944375,-0.28729129968241907,0.3827905586332619,0.11995844974568379,0.6136054421768707,0.28812733474094526,-0.04624222983345916,-0.03819349277090626,-0.04041117562282778,Aerospace & Defense,Industrials,MRCY
2015Q3,2015,Q3,2015-05-07,2015-03-31,3675000.0,59578000.0,6157000.0,0.11,27918000.0,0.4685957903924267,389240000.0,340665000.0,187759000.0,40733000.0,48575000.0,32526000.0,88538000.0,502233900.0,435713900.0,10.547557124280141,4.60950580610316,0.0,0.0,0.013765517877255844,10.547557124280141,0.01078772401039144,8.429854980026183,34.16557142857143,1.474275020914975,0.0,0.9733751460370166,0.0,0.15306237796732095,3.3031448702526207,0.009441475696228548,64.63756756756757,0.4685957903924267,10.0,-0.21410450913051693,-0.04275987267148182,0.5051308938415199,0.03266136489735528,12.867924528301886,0.739756993500989,-0.35868701506543477,-0.18596963026142743,-0.04087751400211157,Aerospace & Defense,Industrials,MRCY
2015Q2,2015,Q2,2015-02-05,2014-12-31,265000.0,57089000.0,3539000.0,0.01,27035000.0,0.4735588291965177,385367000.0,334216000.0,179035000.0,39457000.0,51151000.0,30011000.0,84863000.0,446163840.0,389176840.0,10.427305628353924,4.537471171148339,0.0,0.0,0.007770083856848668,10.427305628353924,0.0007929003997414845,7.8152330571563695,420.90928301886794,1.3349565550422482,0.0,1.001432807970411,0.0,0.14814190109687647,3.147553032415034,0.0006876561822885716,63.64676747503567,0.4735588291965177,-0.5,-0.9101758411292418,-0.11254749309090027,0.524697656801342,0.12650527105296053,-0.46893787575150303,3.8612637362637363,-0.9730740717975082,-0.2279617160651883,-0.03473751097723979,Aerospace & Defense,Industrials,MRCY
2015Q1,2015,Q1,2014-11-06,2014-09-30,499000.0,54061000.0,728000.0,0.02,23999000.0,0.4439244557074416,376990000.0,330441000.0,166052000.0,34084000.0,46549000.0,30771000.0,84598000.0,348301350.0,299425350.0,10.445424371740161,4.871846027461565,0.0,0.0,0.0022031164413616956,10.445424371740161,0.0015101031651641292,6.442747081999963,174.49967434869737,1.0540500422163108,0.0,0.9769588248675701,0.0,0.1434016817422213,3.322937448656261,0.0013236425369373194,273.60671641791043,0.4439244557074416,1.0833333333333335,-0.9189237787339283,-0.19294715409625826,0.5629237896328085,0.08622250384719833,1.0661277498012192,0.956989247311828,-0.8259307614397186,0.01851344893716298,-0.0028410883865479337,Aerospace & Defense,Industrials,MRCY
2014Q4,2014,Q4,2014-08-14,2014-06-30,-7546000.0,46199000.0,372000.0,-0.24,22094000.0,0.4782354596419836,373712000.0,327147000.0,160305000.0,32930000.0,46565000.0,31655000.0,84099000.0,353898720.0,306611720.0,10.482792873622149,4.868053446705132,0.0,0.0,-0.00031991395956031956,10.482792873622149,-0.023066083442611424,7.660311262148531,-11.724712430426717,1.0817727810433841,0.0,0.7614910756594535,0.0,0.12362193346748299,3.247737625265715,-0.020192019523055188,404.45568,0.4782354596419836,-11.0,-1.6047624210601397,-0.3154698349824309,0.6189976376313364,-0.12070680940820631,-12.055363321799309,1.2120866590649944,-2.665276415199982,-0.2922162610116602,0.018142248971707593,Aerospace & Defense,Industrials,MRCY
2014Q3,2014,Q3,2014-05-08,2014-03-31,-578000.0,55500000.0,-1754000.0,-0.02,25127000.0,0.45273873873873877,373596000.0,332262000.0,151041000.0,33018000.0,41334000.0,35330000.0,91645000.0,411570760.0,365860760.0,10.66446270381307,4.5745048155551515,0.0,0.0,-0.002139721384304752,10.66446270381307,-0.0017395910456206246,7.415689369369369,-178.01503460207613,1.238693440718469,0.0,0.8596943107840362,0.0,0.1485561943918029,2.9636864740444606,-0.001547125772224542,385.3658801498127,0.45273873873873877,0.3333333333333333,-1.0505519582043892,-0.21760169095293708,0.7256718938399821,0.0075787954126233055,0.44688995215311006,0.15265700483091788,-1.0906271829888925,-0.2181130074918182,-0.04751672880675772,Aerospace & Defense,Industrials,MRCY
2014Q2,2014,Q2,2014-02-06,2013-12-31,-1045000.0,53090000.0,-2070000.0,-0.03,24938000.0,0.4697306460727067,369742000.0,330812000.0,144467000.0,24330000.0,38930000.0,33140000.0,92223000.0,339318600.0,294783600.0,10.6754872854008,5.937813399095766,0.0,0.0,-0.003992008740929578,10.6754872854008,-0.0031588938732573183,6.391384441514409,-81.1766985645933,1.0257143029877998,0.0,0.8494870247435123,0.0,0.1435866090408988,3.5158240854911633,-0.0028262950922535173,74.87171226831421,0.4697306460727067,0.5714285714285715,0.9562833719611741,-0.2528601891903911,0.7765307362603429,0.1041841930484835,0.536790780141844,0.47634707816847965,-1.1502916018028277,-0.28711798362109725,0.27832683164840927,Aerospace & Defense,Industrials,MRCY
2014Q1,2014,Q1,2013-11-07,2013-09-30,-2256000.0,53940000.0,-3953000.0,-0.07,22585000.0,0.4187059695958472,370885000.0,329218000.0,145343000.0,27417000.0,41667000.0,35179000.0,93268000.0,306254123.0,266148123.0,10.740155939059798,5.301199985410512,0.0,0.0,-0.007662895786056406,10.740155939059798,-0.0068526022270957235,5.677681182795699,-33.93773526152482,0.9302472009428403,0.0,0.8912987862076808,0.0,0.14543591679361528,3.252069883648831,-0.006082748021623953,287.5625568075117,0.4187059695958472,0.0,-0.2421922893484739,-0.21120232762786548,0.646444884465885,0.020468100487981204,-0.12127236580516898,0.0025233409033560434,-1.465188124172118,-0.22517667439701503,0.3351509650572319,Aerospace & Defense,Industrials,MRCY
2013Q4,2013,Q4,2013-08-16,2013-06-30,-2012000.0,55436000.0,-3963000.0,-0.07,22132000.0,0.3992351540515189,374431000.0,328501000.0,146301000.0,30818000.0,45930000.0,37432000.0,95524000.0,281971970.0,242845970.0,10.846270677188233,4.74725809591797,0.0,0.0,-0.006238125704326368,10.846270677188233,-0.0061247910965263426,5.0864414820694135,-35.03627857852883,0.8583595483727599,0.0,0.8897200256465057,0.0,0.14805398057318972,2.834934129404893,-0.005373486703825271,88.08871290221806,0.3992351540515189,-3.3333333333333335,0.9282554096908521,-0.21876639401799444,0.629324364790842,-0.019580047842650838,-3.553299492385787,-1.7088174982911826,-1.0817131895003198,-0.34008463505888153,0.3893923043537385,Aerospace & Defense,Industrials,MRCY
2013Q3,2013,Q3,2013-05-10,2013-03-31,788000.0,54123000.0,-1463000.0,0.03,22574000.0,0.41708700552445355,376394000.0,328422000.0,142305000.0,28617000.0,47972000.0,38744000.0,97536000.0,222227250.0,187082250.0,10.862311890193485,4.972743474158717,0.0,0.0,0.0024309224749031167,10.862311890193485,0.002399352053151129,4.105966964137243,70.50356916243653,0.6766515336974989,0.0,0.8142938261408218,0.0,0.14379347173440596,2.886815529230877,0.0020935509067625947,190.91688144329896,0.41708700552445355,1.1875,1.1002429130468305,-0.3130021628889163,0.40709471657990415,0.28465740951513774,1.164715719063545,0.7933323915807318,-0.819988882366921,-0.07107105767793977,0.5500462345766253,Aerospace & Defense,Industrials,MRCY
2013Q2,2013,Q2,2013-02-08,2012-12-31,-4784000.0,49804000.0,-7079000.0,-0.16,17572000.0,0.3528230664203678,382139000.0,326083000.0,143780000.0,35262000.0,56056000.0,40783000.0,96748000.0,276984400.0,243084400.0,10.830803467632112,4.077477170892179,0.0,0.0,-0.014887728955820809,10.830803467632112,-0.014671111342817626,5.561489037025138,-14.47451923076923,0.8494291330734812,0.0,0.7903293038766153,0.0,0.130329539774794,2.3181328342124665,-0.012519004864721999,340.6942189421894,0.3528230664203678,0.3333333333333333,0.4359535650812142,-0.32101710603254263,0.378955568208681,-0.13820500245218245,0.33555555555555555,0.36704220314735336,-2.7263391024290846,-0.17577732001178903,0.5836977697738602,Aerospace & Defense,Industrials,MRCY
2013Q1,2013,Q1,2012-11-05,2012-09-30,-7200000.0,49428000.0,-11184000.0,-0.24,20390000.0,0.41251921987537427,386980000.0,328554000.0,143286000.0,36504000.0,58426000.0,40438000.0,101532000.0,298531170.0,267963170.0,10.994679249071378,3.925213675213675,0.0,0.0,-0.022586718146369596,10.994679249071378,-0.02191420588396428,6.039717771303715,-10.365665625,0.9086213225223251,0.0,0.718086947920273,0.0,0.12772753113856014,2.2471509971509973,-0.018605612693162438,-27.315506450727423,0.41251921987537427,-2.263157894736842,-0.5640684279330258,-0.2777884378383763,0.38458680620782765,-0.32626222574676184,-2.2684989429175477,-2.877770315648086,-2.238423242108196,-0.21884974219976133,0.6451074792371588,Aerospace & Defense,Industrials,MRCY
2012Q4,2012,Q4,2012-08-22,2012-06-30,5676000.0,60859000.0,5956000.0,0.19,30264000.0,0.4972805994183276,385606000.0,333104000.0,207703000.0,36942000.0,52502000.0,25845000.0,108732000.0,382870230.0,266906230.0,11.249333018135152,5.622408099182502,0.0,0.0,0.016093972748398376,11.249333018135152,0.0170397233296508,6.291102877142247,16.8635584038055,1.1494014782170132,0.0,1.1837879667247049,0.0,0.15782690103369762,4.477667695306155,0.014719687971660192,320.9306202849958,0.4972805994183276,0.11764705882352934,1.2087562077934726,-0.2581204201787702,0.43230448324963844,-0.136867923452072,0.08217349857006673,-0.16183506895581198,-0.5205721640357659,-0.04961911950481203,0.7373846646457622,Aerospace & Defense,Industrials,MRCY
2012Q3,2012,Q3,2012-05-03,2012-03-31,5245000.0,66989000.0,7106000.0,0.17,35063000.0,0.52341429189867,379346000.0,325096000.0,201203000.0,37495000.0,54250000.0,21802000.0,103056000.0,391696500.0,276851500.0,10.997090859887694,5.366128817175624,0.0,0.0,0.015035546624916242,10.997090859887694,0.01613369589290548,5.847176402095866,18.669995233555767,1.2048641016807342,0.0,1.4643610677919456,0.0,0.1765907641045378,4.392772369649286,0.013826427588533951,41.03252671275927,0.52341429189867,-0.4333333333333333,1.6965535945603747,-0.16011449163825298,0.2596771156560909,-0.14298633686114437,-0.4201216141514649,-0.4730441230997405,-0.5165366913169493,-0.004717661888785782,0.7794961769735863,Aerospace & Defense,Industrials,MRCY
2012Q2,2012,Q2,2012-02-08,2011-12-31,9045000.0,67959000.0,13485000.0,0.3,40913000.0,0.6020247502170426,377656000.0,318211000.0,198979000.0,39216000.0,59445000.0,22760000.0,97811000.0,391483530.0,286528530.0,10.80255966323794,5.073923908608731,0.0,0.0,0.027629558631622086,10.80255966323794,0.02842453592113409,5.760584028605483,10.820440298507462,1.230263975789649,0.0,1.1883128295254832,0.0,0.1799494778316775,4.086520807833537,0.02395036753023916,43.0059903328573,0.6020247502170426,2.3333333333333335,7.281778450829581,-0.15660150730993413,0.21736635040023056,0.36759593528546597,2.409347908028647,2.782608695652174,1.398055812312562,0.0061000370882515744,0.797677123204767,Aerospace & Defense,Industrials,MRCY
2012Q1,2012,Q1,2011-11-04,2011-09-30,2653000.0,49122000.0,3565000.0,0.09,29916000.0,0.6090142909490656,354814000.0,306682000.0,241203000.0,31672000.0,48132000.0,24502000.0,88766000.0,336685500.0,170823500.0,10.475185299040202,7.615654205607477,0.0,0.0,0.007774031515212745,10.475185299040202,0.00865065442380055,6.854067423964822,31.726865812287976,1.0978326083695815,0.0,0.7838543792343482,0.0,0.13844436803508317,6.478656226319778,0.007477157045663362,132.0335294117647,0.6090142909490656,-0.3801623147494707,1.1642820850602147,-0.27582977430917066,0.2022402354922166,-0.13828959875565286,-0.37591155022347683,-0.42712518078097383,2.529443352693576,-0.2478973281126577,0.6058254039602688,Aerospace & Defense,Industrials,MRCY
2011Q4,2011,Q4,2011-08-18,2011-06-30,4251000.0,61234000.0,6223000.0,0.14519930320729582,34717000.0,0.5669562661266616,355562000.0,301436000.0,240184000.0,36206000.0,54126000.0,18540000.0,86113000.0,546894360.0,384019360.0,10.29600027325204,6.633817599292935,0.0,0.0,0.013451743830533623,10.29600027325204,0.014102496052229992,8.9312205637391,32.1626887791108,1.8142967661460476,0.0,1.4302588996763754,0.0,0.172217503557748,5.76479036623764,0.011955720802560453,106.39968093385214,0.5669562661266616,-0.2740034839635209,1.4837534268344632,-0.2900500967892224,0.13294668847029054,0.055805607931391034,-0.20955745630345854,-0.11087298185455065,1.1568129674807093,-0.10728805592986788,0.5466628673010004,Aerospace & Defense,Industrials,MRCY
2011Q3,2011,Q3,2011-05-05,2011-03-31,5378000.0,59855000.0,6999000.0,0.2,32882000.0,0.5493609556428034,344634000.0,294154000.0,229921000.0,34918000.0,50480000.0,19279000.0,81862000.0,555915520.0,399794520.0,11.196482947624848,6.5845982015006586,0.0,0.0,0.017327325478657504,11.196482947624848,0.018282940228587747,9.287703951215438,25.8421123094087,1.889879178933484,0.0,1.399087089579335,0.0,0.17367700226907387,5.761383813505928,0.015604960624894816,160.94832657788072,0.5493609556428034,-0.09090909090909087,1.303623954006991,0.07367798219393695,0.21348010395530778,0.03925410872313527,0.037622998263553926,0.07379564283522554,1.7873450412442147,-0.1256389938161981,0.4503829533842714,Aerospace & Defense,Industrials,MRCY
2011Q2,2011,Q2,2011-02-03,2010-12-31,5183000.0,55513000.0,6518000.0,0.22,31640000.0,0.569956586745447,231634000.0,192903000.0,149910000.0,28853000.0,38731000.0,20634000.0,76484000.0,424559620.0,336422620.0,8.351140742023464,5.195646899802447,0.0,0.0,0.02545840984458077,8.351140742023464,0.026868426100164332,7.647931475510241,20.478469033378353,2.20089692747132,0.0,1.1569739265290298,0.0,0.2396582539696245,4.2019547360759715,0.022375817021680754,94.70435422708007,0.569956586745447,0.375,2.822683258320343,-0.19228543531666625,-0.13777039317514098,0.0319634703196347,0.4278236914600551,0.2427073403241182,1.7964879323549103,-0.013576045784226626,0.06325002217266605,Aerospace & Defense,Industrials,MRCY
2011Q1,2011,Q1,2010-11-04,2010-09-30,3630000.0,52108000.0,5245000.0,0.16,30660000.0,0.5883933369156368,229499000.0,184565000.0,149804000.0,34273000.0,44934000.0,18866000.0,71301000.0,276016320.0,194077320.0,8.044150976290098,4.370904210311323,0.0,0.0,0.01816907640148047,8.044150976290098,0.019667867688890093,5.297004682582329,19.009388429752065,1.4954965459323273,0.0,1.136859959715891,0.0,0.22705109826186606,3.553175969421994,0.01581706238371409,38.35157982492705,0.5883933369156368,-0.8031930520559695,0.0796169988613582,-0.28836697324802907,-0.16865328208101343,-0.11289855911116255,-0.8053932343322789,-0.4293951261966928,2.0270342785082947,-0.008367243736929804,0.0130195757967016,Aerospace & Defense,Industrials,MRCY
2010Q4,2010,Q4,2010-08-19,2010-06-30,18653000.0,63638000.0,9192000.0,0.8129794281729428,34562000.0,0.5431031773468682,224338000.0,179112000.0,145854000.0,34605000.0,45226000.0,17622000.0,67671000.0,269133120.0,212945120.0,7.806485355648536,4.2148244473342,0.00023625065749003735,0.00029590423868864176,0.0958374512312949,7.806485355648536,0.10414154272187234,4.229125993903014,3.6071023427866833,1.5025968109339407,0.0,1.6499829758256725,0.0,0.2836701762519056,3.4078890333766796,0.0831468587577673,280.347,0.5431031773468682,4.80699591552102,0.6897172072961926,-0.18695267483235098,-0.17277126105537052,0.39346046849171473,4.693833943833944,6.979166666666667,1.8853798681704927,0.0011728594508406062,-0.006050940505305644,Aerospace & Defense,Industrials,MRCY
2010Q3,2010,Q3,2010-05-06,2010-03-31,3276000.0,43603000.0,1152000.0,0.14,24803000.0,0.5688370066279843,225365000.0,158564000.0,152000000.0,58346000.0,66801000.0,20059000.0,49018000.0,310442440.0,276602440.0,7.007734122950457,2.6051485963048022,0.11086016018458944,0.15756413813980474,0.015857914684933444,7.007734122950457,0.020660427335334627,7.119749558516616,23.690662393162395,1.9578368355995057,0.0,0.9372351562889476,0.0,0.19347724801987887,2.1127069550611868,0.014536418698555676,134.1004060475162,0.5688370066279843,0.2727272727272728,-0.6270192465814397,-0.3707527712196274,-0.21164914061052922,-0.04105934660738449,0.5818445195557702,-0.3981191222570533,1.568407466494297,-0.28576718485690533,-0.1972893177156902,Aerospace & Defense,Industrials,MRCY
2010Q2,2010,Q2,2010-02-09,2009-12-31,2071000.0,45158000.0,1914000.0,0.11,25865000.0,0.5727667301474821,226726000.0,153876000.0,152689000.0,63963000.0,72850000.0,16884000.0,45742000.0,247725000.0,228244000.0,6.838933333333333,2.387145693604115,0.14429752211920996,0.2126127531258936,0.00874986488391093,6.838933333333333,0.013458888975538746,5.485738960981443,29.904031868662482,1.609900179365203,0.0,1.142679459843639,0.0,0.19917433377733476,1.9992808342322905,0.009134373649250637,79.47545717035611,0.5727667301474821,-0.42105263157894735,-0.7180592765688136,-0.2905468032989506,-0.22654723071530639,-0.05263350670280566,-0.5247820100963745,-0.6213649851632047,2.883042576489533,-0.2662864548802948,-0.2293042045430354,Aerospace & Defense,Industrials,MRCY
2010Q1,2010,Q1,2009-11-09,2009-09-30,4358000.0,47431000.0,5055000.0,0.19,27302000.0,0.5756151040458771,225886000.0,149705000.0,152337000.0,67292000.0,76181000.0,14731000.0,43671000.0,220864000.0,204728000.0,6.683258928571429,2.26382036497652,0.14659607058427704,0.2211950168665041,0.02295114852058241,6.683258928571429,0.029110584148826023,4.65653264742468,12.670032124827902,1.4753281453525264,0.0,1.3664381236847465,0.0,0.20997759932001098,1.9217886227188967,0.019292917666433512,127.51963048498845,0.5756151040458771,-0.5247878517195176,-0.1917898125315249,-0.18439726540374246,-0.21112676771959493,0.053480475382003394,-0.5133988387673069,0.9684579439252337,1.3527107826310822,-0.08608572793021027,-0.2329603191957495,Aerospace & Defense,Industrials,MRCY
2009Q4,2009,Q4,2009-09-04,2009-06-30,8956000.0,48442000.0,2568000.0,0.39982142857142855,25916000.0,0.5349902976755708,219372000.0,145037000.0,146105000.0,65389000.0,74335000.0,16805000.0,39313000.0,207200000.0,193658000.0,6.474866071428571,2.2343972227744726,0.1522892620753788,0.2303412232740611,0.014353597488301353,6.474866071428571,0.06174976040596537,4.2772800462408656,5.78383206788745,1.4286009776815571,0.0,1.3404343945254389,0.0,0.22082125339605785,1.843154047316827,0.040825629524278394,95.4398894518655,0.5349902976755708,0.11061507936507935,-0.11465723397263552,-0.2254601496193682,-0.24180588165946423,-0.11194873727855258,0.0988957055214724,-0.45868465430016864,2.3320655259422804,-0.26593301118287865,-0.2875215735016069,Aerospace & Defense,Industrials,MRCY
2009Q3,2009,Q3,2009-05-11,2009-03-31,8150000.0,50563000.0,4744000.0,0.36,29183000.0,0.5771611652789589,229889000.0,137243000.0,98288000.0,83201000.0,92646000.0,18890000.0,30357000.0,122810240.0,120971240.0,6.179890129682997,1.1813319551447699,0.1685074100979168,0.28225847584211944,0.026389530439044236,6.179890129682997,0.0593837208455076,2.428855882760121,3.76718527607362,0.8948379152306494,0.0,1.131815775542615,0.0,0.21994527793848334,0.8941599259624283,0.0354518920000522,80.95599208965062,0.5771611652789589,1.4675324675324675,0.23341384940431362,0.06269697354908034,-0.23022994939022395,-0.03514514315942604,1.4776136896390062,1.2851647030536186,1.5443228040415156,0.07297630722432091,-0.33022059229850104,Aerospace & Defense,Industrials,MRCY
2009Q2,2009,Q2,2009-02-09,2008-12-31,-17064000.0,50725000.0,-16636000.0,-0.77,30246000.0,0.5962740266140956,341819000.0,132929000.0,207932000.0,199073000.0,208890000.0,21319000.0,22207000.0,139583510.0,258343510.0,6.009176800325482,1.0445012633556534,0.4584824132069897,1.1789601967967862,-0.05743543002344233,6.009176800325482,-0.12836927984111818,2.751769541646131,-2.044999853492733,1.0500606338722174,0.0,0.9605985271354192,0.0,0.1483972511767924,0.9126350635194125,-0.04992115710361331,85.84471709717097,0.5962740266140956,-11.833333333333334,-5.363428639795838,0.1910032337247341,-0.21918546914354267,0.0694434622728237,-12.085889570552148,-11.387192851824274,-14.141845925709857,-0.22932069848330824,-0.3795709700097463,Aerospace & Defense,Industrials,MRCY
2009Q1,2009,Q1,2008-11-10,2008-09-30,-1304000.0,49099000.0,-1343000.0,-0.06,28282000.0,0.5760198782052588,322755000.0,143570000.0,174749000.0,167411000.0,179185000.0,21458000.0,39271000.0,195880100.0,260338100.0,6.523240492525785,1.0438322451929682,0.38848042632956886,0.8733300828863969,-0.0049934189489652505,6.523240492525785,-0.009082677439576513,3.9894926576916028,-37.55370015337424,1.3643525806226928,0.0,0.9701276913039426,0.0,0.15212467661229107,0.8836993984863599,-0.004040216263109789,128.44596721311476,0.5760198782052588,0.9352009421463271,-1.377758582671774,0.1562529028552093,-0.12527552435783904,-0.07523787725206814,0.936012561951028,0.9384763388153374,-1.4043053646614265,-0.3009742704504984,-0.32583630147645165,Aerospace & Defense,Industrials,MRCY
2008Q4,2008,Q4,2008-09-12,2008-06-30,-20379000.0,51565000.0,-21829000.0,-0.9259393884320051,30583000.0,0.5930960923106758,338550000.0,146512000.0,185843000.0,179758000.0,192038000.0,24694000.0,40575000.0,165727770.0,232001770.0,6.656913081012313,1.033851066433761,0.3701639344262295,0.8553497324451239,-0.07472275531289972,6.656913081012313,-0.1390944086491209,3.2139584989818677,-2.0330704401589874,1.131154922463689,0.0,0.8496800842309873,0.0,0.1523113277211638,0.847578410974755,-0.06019494904740806,193.60720794392523,0.5930960923106758,-2.5613053401230963,-5.579976221349263,0.10641725290891754,-0.0841598854455731,-0.058492134347196995,-2.613938641603121,-2.129605734767025,-2.9244960737358836,-0.3132112876429849,-0.2945878250722295,Aerospace & Defense,Industrials,MRCY
2008Q3,2008,Q3,2008-05-08,2008-03-31,-5639000.0,56514000.0,-6975000.0,-0.26,32483000.0,0.5747779311321088,362238000.0,167432000.0,187006000.0,56825000.0,194806000.0,28634000.0,60954000.0,121892180.0,133033180.0,7.719673567246069,3.290910690717114,0.34544967673187243,0.7473780400401357,-0.023731274010481487,7.719673567246069,-0.033679344450284296,2.1568492762855223,-5.4039803156588055,0.7280100578145158,0.0,0.8392470489627716,0.0,0.15601344972090173,2.674034315882094,-0.015567113334327155,14.671663456909004,0.5747779311321088,0.07142857142857148,-1.7005014285220459,0.1337159995456987,0.07612434400574834,0.03048664424846139,0.07359947428946936,-0.19291944586967677,-1.6697798401682202,-0.14915894764960605,-0.13155790671146084,Aerospace & Defense,Industrials,MRCY
2008Q2,2008,Q2,2008-02-08,2007-12-31,-6087000.0,52642000.0,-5847000.0,-0.28,31522000.0,0.5987994377113331,358576000.0,169709000.0,223848000.0,50203000.0,188867000.0,24333000.0,66593000.0,348088770.0,400868770.0,7.85435275605128,4.458857040415912,0.34905849805898886,0.7375212864373722,-0.026983761470792723,7.85435275605128,-0.03586727869470682,6.612377379278903,-14.29640093642188,2.051091986871645,0.0,0.8679570953026754,0.0,0.14680848690375262,3.85476963528076,-0.016975480790683145,-106.80845965019945,0.5987994377113331,-0.8666666666666669,-1.9240925988748305,0.08228395568101377,0.13345236566296453,0.001302372859820209,-0.8400846432889963,-0.7946593001841621,-1.8629170672738713,-0.13878917965911466,-0.1117078360017067,Aerospace & Defense,Industrials,MRCY
2008Q1,2008,Q1,2007-11-09,2007-09-30,-3308000.0,49181000.0,-3258000.0,-0.15,31481000.0,0.640104918566113,355969000.0,170520000.0,206411000.0,47413000.0,185449000.0,23640000.0,72680000.0,230416020.0,304365020.0,7.940765576976809,4.3534684580178435,0.35169916481491365,0.7341895378841191,-0.021539932416010352,7.940765576976809,-0.019399483931503637,4.685061710823286,-17.413544437726724,1.3512551020408163,0.0,0.748730964467005,0.0,0.1381609072700151,3.6994284268027755,-0.009292944048498605,72.09512515644556,0.640104918566113,0.836641647225885,-1.7917373792721556,0.22826686336496738,0.1981932136985162,-0.051519990358832216,0.8322345065422456,0.698025766984892,-1.639937654129568,-0.11783704419582836,-0.06269419239309959,Aerospace & Defense,Industrials,MRCY
2007Q4,2007,Q4,2007-09-07,2007-06-30,-19718000.0,59491000.0,-10789000.0,-0.9182266927447146,33191000.0,0.5579163234775008,360265000.0,168657000.0,193751000.0,53071000.0,191608000.0,22410000.0,75988000.0,261982799.99999997,335912800.0,7.854009499860296,3.650788566260293,0.34758580489361995,0.7424714064640068,-0.09487642933096992,7.854009499860296,-0.11691183882080199,4.403738380595383,-3.3216198397403383,1.5533467333108024,0.0,1.173583221775993,0.0,0.16513122284984663,3.0144146520698687,-0.054731933437886,50.1210637076717,0.5579163234775008,-2.6729067709788583,-4.599666652655685,0.3630327789205922,0.2229628791309449,0.051912654898107945,-2.6420391577391946,-0.26468174891571916,-3.0332711103040113,-0.007779854028688357,-0.0803108909909965,Aerospace & Defense,Industrials,MRCY
2007Q3,2007,Q3,2007-05-09,2007-03-31,-5414000.0,57347000.0,-8531000.0,-0.25,31553000.0,0.5502118681012085,371913000.0,185558000.0,177014000.0,51143000.0,186355000.0,26089000.0,95706000.0,294806850.0,392315850.0,8.73008703834392,3.461157929726453,0.3368018864626942,0.6750503885577556,-0.01842951790570485,8.73008703834392,-0.029176861143146618,5.140754529443563,-13.613171869227928,1.5887585013850116,0.0,0.9886925524167274,0.0,0.15419466380578253,2.636802690495278,-0.01455716793981388,-33.37561983471075,0.5502118681012085,-4.0,-3.095788444894209,0.6873631277968341,0.30543581400997716,-0.0342199504147409,-4.230917874396135,-0.1432591798445457,-1.8560868040381944,0.25931870237971183,0.08742378914727811,Aerospace & Defense,Industrials,MRCY
2007Q2,2007,Q2,2007-02-09,2006-12-31,-1035000.0,57920000.0,-7462000.0,-0.05,32671000.0,0.5640711325966851,376850000.0,187892000.0,172401000.0,53344000.0,188958000.0,26149000.0,101120000.0,,,,,,,,,,,,,,,,,,,,,,,,,,,,,,,Aerospace & Defense,Industrials,MRCY
2007Q1,2007,Q1,2006-11-09,2006-09-30,-11653000.0,48947000.0,-13738000.0,-0.55,27000000.0,0.5516170551821358,378305000.0,184072000.0,182282000.0,58482000.0,194233000.0,22883000.0,102155000.0,,,,,,,,,,,,,,,,,,,,,,,,,,,,,,,Aerospace & Defense,Industrials,MRCY
