Quarters,Year,Quarter,FillingDate,Date,NetIncome,Revenue,OperatingIncome,EPSDiluted,GrossProfit,GrossProfitRatio,TotalAssets,CommonStockEquity,CurrentAssets,CurrentLiability,TotalLiability,Inventory,RetainedEarnings,MarketCap,EnterpriseValue,bookValuePerShare,currentRatio,debtToAssets,debtToEquity,roic,shareholdersEquityPerShare,roe,priceToSalesRatio,peRatio,pbRatio,payoutRatio,inventoryTurnover,dividendYield,assetTurnover,quickRatio,returnOnAssets,priceToFreeCashFlowsRatio,grossProfitMargin,epsdilutedGrowth,fiveYNetIncomeGrowthPerShare,fiveYRevenueGrowthPerShare,fiveYShareholdersEquityGrowthPerShare,grossProfitGrowth,netIncomeGrowth,operatingIncomeGrowth,threeYNetIncomeGrowthPerShare,threeYRevenueGrowthPerShare,threeYShareholdersEquityGrowthPerShare,Industry,Sector,Symbol
2023Q2,2023,Q2,2023-04-27,2023-03-31,30035000.0,570340000.0,55405000.0,1.35,200909000.0,0.3522618087,2324728000.0,848626000.0,1054255000.0,813372000.0,1473468000.0,711296000.0,680392000.0,628289763.75,1494135763.75,38.83239694114784,1.2961535435200622,0.46034847947802926,1.2610796746741202,0.019193168648491136,38.83239694114784,0.035392505061122334,1.1016056453168286,5.22964677667721,0.7403612000457209,0.0,0.5193773056505309,0.0,0.2453362285824406,0.3949595019253183,0.012919791046522432,-5.727554001513273,0.3522618087456605,0.5168539325842697,3.927927127954513,1.1384747963781,1.6997127045813991,0.07497177589795449,0.5253936008125952,1.023409539113286,4.839459589401381,0.8206997356519145,1.1589542420212102,Specialty Retail,Consumer Cyclical,HZO
2023Q1,2023,Q1,2023-01-31,2022-12-31,19690000.0,507927000.0,27382000.0,0.89,186897000.0,0.3679603565,2113284000.0,812220000.0,873371000.0,649202000.0,1298358000.0,605369000.0,650357000.0,679227471.3,1421903471.3,37.332866339265216,1.3452993059171106,0.43555385835505306,1.1332508433675605,0.01086677375314341,37.332866339265216,0.024242200389057153,1.3372541158473559,8.62401563357034,0.8362604605894954,0.0,0.5303046571595176,0.0,0.24034961699421376,0.3793688251114445,0.00931725220084002,-4.073792343955233,0.36796035650792336,-0.48554913294797686,3.724334186927931,1.166611278308295,1.6525161020531638,-0.05016085014255439,-0.48670490093847757,-0.46224395608711877,1.1433329868131532,0.646668802388221,1.1035913712152445,Specialty Retail,Consumer Cyclical,HZO
2022Q4,2022,Q4,2022-11-18,2022-09-30,38360000.0,536764000.0,50919000.0,1.73,196767000.0,0.3665800985,1352771000.0,782666000.0,753997000.0,412772000.0,570105000.0,454359000.0,630667000.0,641714701.41,692999701.41,36.3333114992847,1.8266670219879255,0.20665655901848873,0.3571881236696113,0.0336748875274723,36.3333114992847,0.049011966790431676,1.195524851536243,4.182186531608447,0.8199087495943352,0.0,0.7483003528047205,0.0,0.3967885177905203,0.6748543990386945,0.028356610246671462,-10.38272500097078,0.3665800985162939,-0.45425867507886436,9.471374721893357,1.2865675688447555,1.7650169685672958,-0.1679092327665315,-0.4533977400646917,-0.465697796432319,4.681317928054144,0.7246971525175333,1.1010437133950197,Specialty Retail,Consumer Cyclical,HZO
2022Q3,2022,Q3,2022-07-28,2022-06-30,70179000.0,688537000.0,95300000.0,3.17,236473000.0,0.3434426908,1320069000.0,742740000.0,735997000.0,412569000.0,577329000.0,374217000.0,592307000.0,777458257.8,755288257.8,34.50702147780313,1.7839367475501067,0.19633897925032706,0.3489525271292781,0.06418830036609176,34.50702147780313,0.09448663058405364,1.1291452134017488,2.769554488522207,1.0467434873576216,0.0,1.2080263590376707,0.0,0.5215916743745971,0.8318947860842671,0.053163130109107934,34.186010808196286,0.3434426908067395,0.3375527426160337,4.570689264939981,1.3604701006435322,1.508841959058307,0.15175705623066996,0.3115854000411161,0.32761238733404846,2.7997147895189824,0.855454063029714,1.0757155828370941,Specialty Retail,Consumer Cyclical,HZO
2022Q2,2022,Q2,2022-05-03,2022-03-31,53507000.0,610106000.0,71783000.0,2.37,205315000.0,0.3365234894,1205724000.0,674260000.0,629003000.0,369893000.0,531464000.0,329731000.0,522128000.0,880141493.88,872592493.88,30.84243589099674,1.7004998742879698,0.17570439005941657,0.3141977872037493,0.05455709248467763,30.84243589099674,0.07935662800700027,1.4426042259541785,4.112272664698076,1.305344368463204,0.0,1.227640106632376,0.0,0.5060080084662825,0.7615067059933548,0.0443774860581692,12.060036912578788,0.3365234893608652,0.49056603773584906,20.62977215897871,1.7670906583301058,1.335722818660762,0.22796787062123577,0.48866260467963163,0.5207618321257573,9.540012906546007,1.099305888369203,0.9114152038125841,Specialty Retail,Consumer Cyclical,HZO
2022Q1,2022,Q1,2022-02-01,2021-12-31,35943000.0,472691000.0,47202000.0,1.59,167199000.0,0.3537173333,1175136000.0,633352000.0,597915000.0,379920000.0,541784000.0,325396000.0,468621000.0,1292932546.56,1344842546.56,28.921154610492845,1.5737918509159823,0.2282501770007897,0.42350067576955625,0.03621267323899515,28.921154610492845,0.056750432618828076,2.735259496288273,8.992937057006927,2.041412273996135,0.0,0.9388314545968605,0.0,0.4022436552024617,0.6732548957675301,0.030586247038640633,-81.95046881916714,0.3537173333107675,0.09655172413793112,14.058950622918491,1.3071096758514507,1.222706084629348,-0.04212498281314451,0.09495521842441967,0.08018673623506796,6.61462948715654,1.0323148373531141,0.8227507322613579,Specialty Retail,Consumer Cyclical,HZO
2021Q4,2021,Q4,2021-11-19,2021-09-30,32826000.0,462310000.0,43698000.0,1.45,174552000.0,0.37756483744673486,1007823000.0,594892000.0,517519000.0,251093000.0,412931000.0,230984000.0,432678000.0,1054964925.7600001,1015326925.7600001,27.360302826377065,2.061065023716312,0.18113696551874683,0.30686914599624804,0.03766677728069082,27.360302826377065,0.05517976372181842,2.2819426916138523,8.034522373728143,1.7733721847999302,0.0,1.2457919163232085,0.0,0.4587214223132435,1.0746735273384762,0.03257119553731161,28.812369951112935,0.37756483744673486,-0.44015444015444016,6.038126880271102,1.271462795511822,1.1266816393301615,-0.1471706225509835,-0.44939447817773154,-0.45990507737182973,1.9458937942489316,0.5515113641908075,0.7448382772878929,Specialty Retail,Consumer Cyclical,HZO
2021Q3,2021,Q3,2021-07-27,2021-06-30,59618000.0,666328000.0,80908000.0,2.59,204674000.0,0.3071670408567552,956090000.0,572771000.0,488050000.0,221570000.0,383319000.0,209418000.0,399852000.0,1078758277.1000001,1040270277.1000001,25.878696954287314,2.2026898948413596,0.16905626039389599,0.2821948038570389,0.0714105290884263,25.878696954287314,0.10408697367708909,1.6189598472524045,4.523626577124358,1.883402401832495,0.0,2.2044618896178934,0.0,0.6969302053153992,1.174870244166629,0.062356054346348146,6.107515666259031,0.3071670408567552,0.5325443786982248,3.6281005993375803,1.1045826158123946,1.0725700090745913,0.3052689310358022,0.5312186978297162,0.5303196519765463,2.472315189475668,0.8666674051324466,0.6967846845230721,Specialty Retail,Consumer Cyclical,HZO
2021Q2,2021,Q2,2021-04-27,2021-03-31,38935000.0,523095000.0,52870000.0,1.69,156806000.0,0.29976581691662124,925126000.0,523304000.0,515054000.0,240176000.0,401822000.0,302979000.0,340234000.0,1092980602.48,1146811602.48,23.63288550719971,2.1444857104789823,0.21264022414244113,0.3759172488649045,0.04797190503980918,23.63288550719971,0.07440225948970389,2.089449531117675,7.017982550918197,2.088615035390519,0.0,1.2089583766531673,0.0,0.5654310872248753,0.8218015122243688,0.042086159074547685,7.0790274583055375,0.29976581691662124,0.6249999999999999,16.535773886565877,1.8592551555341605,0.9939504298040348,0.2707028306091523,0.6497881355932204,0.6530140070035018,5.304659720529106,0.9356895495160132,0.6430096073234763,Specialty Retail,Consumer Cyclical,HZO
2021Q1,2021,Q1,2021-02-02,2020-12-31,23600000.0,411524000.0,31984000.0,1.04,123401000.0,0.29986343445339764,964888000.0,482582000.0,558386000.0,321184000.0,482306000.0,378863000.0,301299000.0,771567206.94,876711206.94,21.909753690859734,1.7385237122646209,0.23431009609405443,0.46848618473129955,0.03008798505004885,21.909753690859734,0.048903606019287914,1.8749020881892673,8.173381429449153,1.5988313010845825,0.0,0.7604938988499801,0.0,0.4264992413627281,0.5135374115771645,0.024458797290462728,-38.8034201840676,0.29986343445339764,-0.07964601769911493,28.182844686057717,1.6683823300669076,0.8605942706865781,0.05954527501588446,-0.0775124105851542,-0.02344894968246214,4.593139069121146,0.7338981715080051,0.5566973596104546,Specialty Retail,Consumer Cyclical,HZO
2020Q4,2020,Q4,2020-12-02,2020-09-30,25583000.0,398762000.0,32752000.0,1.13,116466000.0,0.29206895341080646,775319000.0,455397000.0,503327000.0,272534000.0,319922000.0,298002000.0,277699000.0,557451799.27,560548799.27,20.970496472176542,1.8468411280794323,0.20454806344227344,0.34824559669914384,0.040059101336354236,20.970496472176542,0.056177357338761565,1.397956172528977,5.447482696224055,1.2241007280899963,0.0,0.9472956557338541,0.0,0.514319912190982,0.7180315116645997,0.03299674069641012,7.077045528951745,0.29206895341080646,-0.28481012658227856,-0.12494219564928963,1.3666566611727933,0.803337455474697,-0.05659643751063158,-0.26752941850144585,-0.3262984675511673,5.927341637732079,0.6850176611057452,0.5958847732882894,Specialty Retail,Consumer Cyclical,HZO
2020Q3,2020,Q3,2020-07-28,2020-06-30,34927000.0,498304000.0,48615000.0,1.58,123453000.0,0.2477463556383252,735960000.0,425025000.0,481626000.0,271633000.0,310935000.0,314096000.0,252116000.0,481371745.12,583011745.12,19.769148992381556,1.7730761726299824,0.20967308005869884,0.3630633492147521,0.05883867450525327,19.769148992381556,0.08217634256808423,0.9660202308630876,3.4455560534829788,1.1325727783542145,0.0,1.193428123885691,0.0,0.6770802761019621,0.5757658311029956,0.047457742268601555,2.0239139643965323,0.2477463556383252,5.869565217391305,1.697100064828408,1.4646279838414853,0.8834367108108461,0.5671397379912664,5.895755182625864,4.003602305475504,1.775657529785812,0.7102847834420265,0.437321112135573,Specialty Retail,Consumer Cyclical,HZO
2020Q2,2020,Q2,2020-04-29,2020-03-31,5065000.0,308475000.0,9716000.0,0.23,78776000.0,0.25537239646648835,873104000.0,387077000.0,616476000.0,446435000.0,486027000.0,506887000.0,217189000.0,224240640.3,565221640.3,17.98666974284411,1.3808863552364845,0.42348677820740716,0.9552311297235434,0.009185024450275749,17.98666974284411,0.013085251771611333,0.7269329452954049,11.06814611549852,0.5793179142651204,0.0,0.45315622614113205,0.0,0.35330842602943063,0.22448956735023015,0.005801141673844124,-214.17444154727795,0.25537239646648835,-0.4390243902439024,13.81215990853966,1.0437800467961236,0.8052624640866582,-0.015521507660776325,-0.44088751517827574,-0.37845445240532244,1.0799500821640986,0.421249041248369,0.3621451657889265,Specialty Retail,Consumer Cyclical,HZO
2020Q1,2020,Q1,2020-01-30,2019-12-31,9059000.0,304172000.0,15632000.0,0.41,80018000.0,0.2630682640085215,835406000.0,380747000.0,577055000.0,414776000.0,454659000.0,493943000.0,212124000.0,358065824.66,699388824.6600001,17.747204542723534,1.3912449129168516,0.4081644134708154,0.8955631955077781,0.015065337007088453,17.747204542723534,0.023792702240595463,1.1771820702102758,9.881494222872282,0.9404297989478578,0.0,0.45380539859862373,0.0,0.3641008084691755,0.17383599822554824,0.010843829227944256,-15.110812992066172,0.2630682640085215,0.32258064516129026,46.90527532122346,1.1768715449608724,0.7867149552576091,-0.08490199217767205,0.35512341062079283,0.24280489743997455,2.8742142107269477,0.5154203825631805,0.363943454317054,Specialty Retail,Consumer Cyclical,HZO
2019Q4,2019,Q4,2019-12-03,2019-09-30,6685000.0,308136000.0,12578000.0,0.31,87442000.0,0.28377729314328737,784083000.0,368819000.0,568583000.0,412893000.0,415264000.0,477468000.0,202455000.0,330152316.12,603706316.12,17.29298218197216,1.3770710571503997,0.39799995663724375,0.8461196413416879,0.013021119595905973,17.29298218197216,0.01812542195494267,1.0714499964950541,12.346758269259537,0.895160813624027,0.0,0.46221736325785184,0.0,0.39298900754129346,0.19595633735616733,0.00852588310166143,-16.05564927880173,0.28377729314328737,-0.630952380952381,0.4756500837399358,1.1211479000243882,0.7409129422377048,-0.10508648040118719,-0.6497616178550846,-0.5623825760211537,0.4612158521697593,0.5434359711913718,0.34416157339489645,Specialty Retail,Consumer Cyclical,HZO
2019Q3,2019,Q3,2019-07-26,2019-06-30,19087000.0,383494000.0,28742000.0,0.84,97710000.0,0.25478886240723453,755407000.0,369786000.0,566672000.0,383064000.0,385621000.0,434729000.0,195770000.0,370138412.8,588362412.8,16.62415687540334,1.4793141616022387,0.38368985196059874,0.7838100955687884,0.03222811340998997,16.62415687540334,0.05161634026166485,0.9651739344031458,4.848043338397862,1.0009530182321669,0.0,0.6573842554787005,0.0,0.5076654042125636,0.31514838251571536,0.025267173854624063,6.04722279440596,0.25478886240723453,2.652173913043478,0.7912738069501409,0.9309329281329705,0.707577367649141,0.3168108676316002,2.5992834244767113,1.8106786622335225,0.47431689052312076,0.2052142799372961,0.33139350203658646,Specialty Retail,Consumer Cyclical,HZO
2019Q2,2019,Q2,2019-05-01,2019-03-31,5303000.0,303586000.0,10226000.0,0.23,74202000.0,0.24441838556455173,749025000.0,368489000.0,572499000.0,379584000.0,380536000.0,454557000.0,176683000.0,438005431.78,671937431.78,16.13591637728799,1.5082274279210925,0.39722305664029905,0.8074325149461721,0.011319591032458646,16.13591637728799,0.014391202993847848,1.4427721692699926,20.64894549217424,1.1886526647471158,0.0,0.5046319823476484,0.0,0.4053082340375822,0.28742781571404485,0.007079870498314476,-217.04927243805747,0.24441838556455173,0.09523809523809533,3.798000363521106,1.3203595567101305,0.739612707640319,0.16894042030309714,0.080040733197556,0.13799243267304695,1.3158626306823795,0.6090164862288044,0.3614172245692785,Specialty Retail,Consumer Cyclical,HZO
2019Q1,2019,Q1,2019-01-30,2018-12-31,4910000.0,241937000.0,8986000.0,0.21,63478000.0,0.2623740891223748,695694000.0,361438000.0,520661000.0,333416000.0,334256000.0,445465000.0,171380000.0,417093871.77,649227871.77,15.866763402482585,1.5615957242603835,0.38912941609385737,0.7489942950104859,0.010787515243378745,15.866763402482585,0.013584625855610091,1.7239771997255484,21.236958847759674,1.153984561031214,0.0,0.4006128427598128,0.0,0.3477635282178659,0.1928281786117043,0.007057700655748073,-6.1234675950612205,0.2623740891223748,-0.5800000000000001,2.5173139510750375,1.298361871355398,0.7007542900461458,-0.19652169510404535,-0.574523396880416,-0.4697899457163087,4.870637602974358,0.516852452394957,0.3474185742815693,Specialty Retail,Consumer Cyclical,HZO
2018Q4,2018,Q4,2018-11-29,2018-09-30,11540000.0,308591000.0,16948000.0,0.5,79004000.0,0.2560152434776128,640538000.0,353092000.0,465291000.0,286015000.0,287446000.0,377074000.0,166071000.0,460484981.34999996,624611981.3499999,15.680709887282408,1.6268062863835813,0.33245334390777753,0.6030977762169633,0.023149037439371613,15.680709887282408,0.03268270025942247,1.4922177942649006,9.975844483318891,1.3041501403316982,0.0,0.6088645730015859,0.0,0.4817684508959656,0.28958271419331155,0.018016105211556534,30.554374716342643,0.2560152434776128,-0.3333333333333333,1.3117532660177287,1.150074523387503,0.6601322065805795,-0.12882772613494767,-0.335865561694291,-0.3628092337769757,-0.619328489492749,0.7662982681162143,0.34844740112315653,Specialty Retail,Consumer Cyclical,HZO
2018Q3,2018,Q3,2018-07-31,2018-06-30,17376000.0,361254000.0,26598000.0,0.75,90687000.0,0.25103389858659003,655912000.0,341622000.0,490217000.0,311793000.0,314290000.0,379425000.0,154531000.0,424462547.05,595118547.05,15.251609229111608,1.5722514617069658,0.3548707753479125,0.6813495617963714,0.03338842415377731,15.251609229111608,0.050863234803379176,1.1749698191577118,6.107023294342771,1.2424918390794504,0.0,0.7130974500889504,0.0,0.5507659564087866,0.33609157357605846,0.026491358596884947,6.231832086122856,0.25103389858659003,1.7777777777777777,0.3304575475500589,1.1462117030862757,0.6515980408669652,0.308746915272827,1.8098318240620956,1.5012224938875305,0.28789934758956254,0.7150074320740598,0.45304386810581704,Specialty Retail,Consumer Cyclical,HZO
2018Q2,2018,Q2,2018-05-01,2018-03-31,6184000.0,270605000.0,10634000.0,0.27,69293000.0,0.2560669610687164,690154000.0,318937000.0,521947000.0,368180000.0,371217000.0,423907000.0,137155000.0,431268623.3,673322623.3,14.383899766537919,1.41764082785594,0.43346412539809953,0.9379814822363037,0.013650583240800283,14.383899766537919,0.019389409193665205,1.5937200838861072,17.434857022153945,1.3522063081423603,0.0,0.47489661647484,0.0,0.3920936486639214,0.25244988864142537,0.008960319001266384,13.337517343435906,0.2560669610687164,0.42105263157894746,17.7998550736953,0.768632425714942,0.6604124918675826,0.16952184847001636,0.4681861348528015,0.18116183494390758,16.552006547948082,0.7400765242754989,0.44366437517131013,Specialty Retail,Consumer Cyclical,HZO
2018Q1,2018,Q1,2018-01-31,2017-12-31,4212000.0,236921000.0,9003000.0,0.19,59249000.0,0.250079140304152,676909000.0,309456000.0,511627000.0,364667000.0,367453000.0,440720000.0,130971000.0,415553940.9,687726940.9,14.07451072978141,1.4029978034754995,0.4546238859285369,0.9944515536942247,0.009509407810695703,14.07451072978141,0.013610981852024197,1.753976814634414,24.66488253205128,1.3428530741042344,0.0,0.40314031584679616,0.0,0.35000421031482815,0.17630331233700883,0.0062224021249532805,-7.054287039111835,0.250079140304152,0.11764705882352934,2.05660219794363,1.49729539154911,0.6302550007937274,-0.10670023821729036,0.0769624137049348,0.16423121686279582,20.73363542368529,0.6544668145051779,0.41696337292425123,Specialty Retail,Consumer Cyclical,HZO
2017Q4,2017,Q4,2017-12-06,2017-09-30,3911000.0,250618000.0,7733000.0,0.17,66326000.0,0.26464978572967623,639990000.0,302198000.0,473756000.0,334687000.0,337792000.0,401301000.0,126759000.0,380611935.0,592836935.0,13.14035751401227,1.415519575005901,0.39715776809012643,0.8410942494655822,0.00943234330611697,13.14035751401227,0.012941846074428024,1.5186935295948416,24.329579071848634,1.2594786696139617,0.0,0.4592363338242367,0.0,0.3915967436991203,0.1990307361803715,0.006111032984890389,45.251686481987875,0.26464978572967623,-0.7017543859649121,3.4429662143718858,0.8213755483002569,0.5011461008528456,-0.21777997924332484,-0.725428250491435,-0.6935605310085199,-0.19937567903496559,0.5999254922910119,0.32286139088391397,Specialty Retail,Consumer Cyclical,HZO
2017Q3,2017,Q3,2017-07-25,2017-06-30,14244000.0,329809000.0,25235000.0,0.57,84792000.0,0.25709425758545096,661256000.0,334732000.0,491775000.0,323274000.0,326524000.0,385277000.0,122848000.0,475783990.35,658495990.35,13.75416309234374,1.521232762300711,0.36542882030560025,0.7218969205214918,0.026721895225794753,13.75416309234374,0.04255344574166796,1.4426046298008848,8.350603593618365,1.4213878277248664,0.0,0.6359502383999045,0.0,0.4987614479112477,0.3112715529241448,0.021540825338446836,14.418570530032124,0.25709425758545096,4.181818181818182,1.8940637036451473,1.0426645259415805,0.555531830547784,0.3886896280646588,4.181520552928338,3.0195922268238293,0.22181102779922404,0.5178151784110377,0.4127812786819278,Specialty Retail,Consumer Cyclical,HZO
2017Q2,2017,Q2,2017-05-02,2017-03-31,2749000.0,245018000.0,6278000.0,0.11,61059000.0,0.24920209943759233,673129000.0,320791000.0,498338000.0,347703000.0,352338000.0,404686000.0,108604000.0,525959990.59999996,740209990.5999999,13.204664373952097,1.4332289338889799,0.3950505772296246,0.8289509369028433,0.006949019846533945,13.204664373952097,0.00856944240954391,2.146617761144079,47.831938032011635,1.639572153208787,0.0,0.45457218683127165,0.0,0.3639985797670283,0.2548468089145046,0.004083912593277068,-153.11790119359534,0.24920209943759233,0.0,0.11591502739333585,0.5866349184775789,0.5314618489718548,0.14906469946177878,0.0401059402194476,0.03888796955154725,2.3634429307564813,0.7603848525421957,0.42359450854524483,Specialty Retail,Consumer Cyclical,HZO
2017Q1,2017,Q1,2017-02-02,2016-12-31,2643000.0,226875000.0,6043000.0,0.11,53138000.0,0.23421707988980717,586132000.0,315530000.0,429368000.0,268188000.0,270602000.0,363622000.0,105855000.0,469232449.65000004,645663449.6500001,13.011686435058126,1.6009963160171223,0.3642694819596951,0.6766709980033594,0.006747847637721477,13.011686435058126,0.008376382594365036,2.0682422023140496,44.384454185584566,1.487124678002092,0.0,0.47779562292710565,0.0,0.3870715129015307,0.22384670455053918,0.004509223178396675,-9.858653030716868,0.23421707988980717,-0.5,1.5844675815549945,1.3028210477297415,0.5297760965477782,-0.05925466938125166,-0.4927063339731286,-0.18820526598602902,1.76723696374607,1.0246089649112107,0.3947193238980194,Specialty Retail,Consumer Cyclical,HZO
2016Q4,2016,Q4,2016-12-06,2016-09-30,5210000.0,227355000.0,7444000.0,0.22,56485000.0,0.2484440632491038,546688000.0,312473000.0,391111000.0,231879000.0,234215000.0,321978000.0,103212000.0,508836323.5,636801323.5,12.865255579577349,1.686702978708723,0.3046527452587216,0.5330060517228689,0.012925161324197956,12.865255579577349,0.016673440585266566,2.238069642189527,24.416330302303262,1.6284169304227885,0.0,0.5306884321289033,0.0,0.4158770633341138,0.2724179421163624,0.00953011589791618,-91.7648915238954,0.2484440632491038,-0.6140350877192983,1.84808385926725,0.757794440732786,0.4839350537216622,-0.2841119363260754,-0.6294715880805064,-0.6971151889978435,-0.03238749229056175,0.46859770870303163,0.36205728484709393,Specialty Retail,Consumer Cyclical,HZO
2016Q3,2016,Q3,2016-08-03,2016-06-30,14061000.0,345592000.0,24577000.0,0.57,78902000.0,0.22830968309451607,545829000.0,301657000.0,400834000.0,241709000.0,244172000.0,306631000.0,92805000.0,409979417.9,531391417.9,12.486283619361176,1.6583329540894216,0.32422608545899906,0.5866663130641755,0.031250638347257886,12.486283619361176,0.046612543385368146,1.1863104987962683,7.289300510276651,1.3590913451370263,0.0,0.8697424591773174,0.0,0.6331506753946748,0.34290820780359854,0.02576081520036495,5.563116287179765,0.22830968309451607,4.699999999999999,2.8927862424743447,1.0956753536273314,0.4017063474891127,0.6093581087971934,4.805532617671346,3.4139727011494254,-0.001800446608303584,0.9035904794445336,0.35214069896855255,Specialty Retail,Consumer Cyclical,HZO
2016Q2,2016,Q2,2016-05-02,2016-03-31,2422000.0,199566000.0,5568000.0,0.1,49027000.0,0.24566809977651505,575176000.0,286285000.0,440742000.0,288240000.0,288891000.0,346411000.0,78744000.0,470286109.59,645342109.5899999,11.85229339403505,1.5290799333888427,0.3808051796319735,0.7650767591735508,0.006695359189815274,11.85229339403505,0.00846010094835566,2.3565442489702653,48.54315747213047,1.6427200502645962,0.0,0.43456760899625013,0.0,0.34696510285547383,0.2630759089647516,0.004210885016064648,-613.1500776923076,0.24566809977651505,1.5,1.498992682667851,0.5937461524025018,0.3552075589685747,0.17813716537703658,1.7244094488188977,1.0908749530604582,5.759136483033382,0.19734795153389992,0.368175274310338,Specialty Retail,Consumer Cyclical,HZO
2016Q1,2016,Q1,2016-02-04,2015-12-31,889000.0,169537000.0,2663000.0,0.04,41614000.0,0.24545674395559672,510610000.0,285126000.0,388444000.0,224859000.0,225484000.0,326369000.0,76322000.0,446005928.28000003,608362928.28,11.775675135651586,1.7275003446604316,0.36723918450480797,0.6576601221915925,0.003488077904612039,11.775675135651586,0.0031179197968617383,2.6307291522204594,125.42348939257593,1.5642415222743629,0.0,0.3919581823028535,0.0,0.3320283582381857,0.1825988730715693,0.0017410548167877636,-7.765538327123307,0.24545674395559672,-0.9696969696969697,1.173659567521288,0.6891190420529959,0.31779061981018286,-0.13434015643201863,-0.9729277057068031,-0.5798359103818239,1.2025067500243112,0.6227269474587612,0.36398015150871993,Specialty Retail,Consumer Cyclical,HZO
2015Q4,2015,Q4,2015-12-08,2015-09-30,32838000.0,189252000.0,6338000.0,1.32,48072000.0,0.25401052564834187,467622000.0,283645000.0,345059000.0,183391000.0,183977000.0,273875000.0,75433000.0,344655794.88,449230794.88,11.628714530668042,1.8815481675763805,0.2933694308651004,0.4836538631035273,0.09118040742102704,11.628714530668042,0.11577147490701405,1.8211474377021115,2.6239097606431576,1.2150956120502743,0.0,0.5154906435417618,0.0,0.4047114977481812,0.2785578354444875,0.07022338555499955,-40.5048530826184,0.25401052564834187,1.2372881355932206,17.36111021297627,0.38718756999216697,0.28010746418073135,-0.15722300140252454,1.2113131313131313,-0.6036520542805328,20.339592758615616,0.2967871583329835,0.3284569660321997,Specialty Retail,Consumer Cyclical,HZO
2015Q3,2015,Q3,2015-08-04,2015-06-30,14850000.0,231849000.0,15991000.0,0.59,57040000.0,0.24602219548067925,444483000.0,258777000.0,333041000.0,185281000.0,185706000.0,257597000.0,42595000.0,579617326.76,669557326.76,10.496317120138674,1.7974913779610429,0.3090961859058727,0.5309127163542355,0.04036449459189984,10.496317120138674,0.05738531631481932,2.4999776870290575,9.757867453872054,2.239833241594114,0.0,0.6786142695761208,0.0,0.5216149998987588,0.38031962262725266,0.03340960171705105,19.09462450205897,0.24602219548067925,28.499999999999996,24.972246236978723,0.7993531954007941,0.12115467225599008,0.35165876777251187,37.07692307692308,8.732805842970176,1.9783580577732587,0.4174707417504498,0.18708461389322795,Specialty Retail,Consumer Cyclical,HZO
2015Q2,2015,Q2,2015-05-05,2015-03-31,390000.0,172143000.0,1643000.0,0.02,42200000.0,0.24514502477591305,460004000.0,244546000.0,346647000.0,215113000.0,215458000.0,277030000.0,27745000.0,650668650.72,773260650.72,9.963465202797622,1.6114646720560821,0.3593164407266024,0.6758932879703614,0.004008949986945902,9.963465202797622,0.0015947919818766203,3.779814751224273,417.09528892307696,2.660720889812142,0.0,0.46905750279753095,0.0,0.3742206589507917,0.3056114693207756,0.0008478187146198729,45.0227408469416,0.24514502477591305,1.0,1.0551114562589543,0.4001303023782962,0.07073001898971083,0.12668535576024562,0.822429906542056,0.20808823529411766,-0.8433012087874662,0.1033493355767114,0.15555128169276827,Specialty Retail,Consumer Cyclical,HZO
2015Q1,2015,Q1,2015-02-05,2014-12-31,214000.0,158126000.0,1360000.0,0.01,37455000.0,0.23686806723751944,431937000.0,241156000.0,318112000.0,190359000.0,190781000.0,278119000.0,27355000.0,486785649.3,626249649.3,9.9328684133417,1.6711161542138802,0.36400678802695763,0.651976314087147,0.0034137917185429133,9.9328684133417,0.0008873923933055781,3.078466851118728,568.6748239485981,2.0185508521454993,0.0,0.43388261859132243,0.0,0.36608579491916643,0.18575953855609664,0.0004954426224194732,-11.186360173269602,0.23686806723751944,-0.9523809523809523,-0.9810772620613939,0.4132606118281343,0.035435773920578804,-0.1272892492660422,-0.9581786202853234,-0.7768296685264194,1.047267291440999,0.6030996230362662,0.16780132573312426,Specialty Retail,Consumer Cyclical,HZO
2014Q4,2014,Q4,2014-12-11,2014-09-30,5117000.0,164085000.0,6094000.0,0.21,42918000.0,0.26155955754639365,402681000.0,239295000.0,288952000.0,162826000.0,163386000.0,244151000.0,27141000.0,405920223.85,502505223.85,9.933283717073413,1.7746060211514132,0.30898900121932743,0.5199607179422888,0.016461935772407548,9.933283717073413,0.021383647798742137,2.4738411423957096,19.83194370969318,1.6963171978102343,0.0,0.49627894213007523,0.0,0.4074813562100025,0.24803164113839313,0.012707329126529436,-119.74047901179942,0.26155955754639365,-0.5531914893617021,1.140369403791641,-0.28361812973027667,0.09484124107231848,-0.2082426299671623,-0.5551595236025385,-0.5145770272423132,1.8397882348841528,0.2790447897367308,0.14574854849576951,Specialty Retail,Consumer Cyclical,HZO
2014Q3,2014,Q3,2014-08-05,2014-06-30,11503000.0,214401000.0,12554000.0,0.47,54206000.0,0.25282531331477,412313000.0,233779000.0,305010000.0,177923000.0,178534000.0,234257000.0,22024000.0,401977469.34,491199469.34,9.735521909786248,1.7142808967924328,0.3178216549078006,0.5605379439556162,0.034411396273789065,9.735521909786248,0.049204590660410046,1.874886168161529,8.73636158697731,1.7194763829941953,0.0,0.683842958801658,0.0,0.5199957313982339,0.371036909224777,0.02789870802036317,10.191351300357477,0.25282531331477,6.874999999999999,1.9693012330724085,0.09462249653482988,-0.13787333361514473,0.5582705686195596,6.812531581606872,14.933407325194228,2.2039772402230557,0.3080401838433881,0.09290668649451105,Specialty Retail,Consumer Cyclical,HZO
2014Q2,2014,Q2,2014-05-05,2014-03-31,-1979000.0,136615000.0,-901000.0,-0.08,34786000.0,0.2546279691102734,425704000.0,221179000.0,319567000.0,204131000.0,204525000.0,260396000.0,10521000.0,362210137.38,491516137.38,9.275579734741878,1.5654996056453945,0.3760923082705354,0.7238661898281482,-0.002363074147024651,9.275579734741878,-0.008947504057799338,2.651320406836731,-45.756712655381506,1.6376334886223376,0.0,0.39105439407671394,0.0,0.3209154717832109,0.26958178816544276,-0.004648770037396876,-16.89728201996641,0.2546279691102734,0.4285714285714286,0.924200485170557,-0.1816868470097086,-0.21042480544698133,0.16302240053493816,0.41258533689522114,0.6201517706576728,0.5869912949831859,0.10515795996512535,0.06058256848959233,Specialty Retail,Consumer Cyclical,HZO
2014Q1,2014,Q1,2014-02-06,2013-12-31,-3369000.0,109592000.0,-2372000.0,-0.14,29910000.0,0.2729213811227097,378137000.0,221252000.0,272429000.0,156445000.0,156885000.0,238052000.0,12500000.0,381352395.59999996,491361395.59999996,9.32925084790001,1.7413723672856276,0.33298249047302964,0.5690931607397899,-0.00683248599369176,9.32925084790001,-0.015226980999041817,3.479746656690269,-28.29863428317008,1.7236110661146564,0.0,0.33472518609379465,0.0,0.289820885023153,0.18906324906516667,-0.008909469319320776,-29.330287309644667,0.2729213811227097,-1.6666666666666665,0.8167256058191543,-0.1469842423338472,-0.2675142461982421,-0.25444937434568027,-1.6471379177871686,-1.382333978078659,0.3280939739040739,0.11476978158106613,0.044016509932240246,Specialty Retail,Consumer Cyclical,HZO
2013Q4,2013,Q4,2013-12-06,2013-09-30,5206000.0,149682000.0,6204000.0,0.21,40118000.0,0.26802153899600484,381902000.0,221812000.0,276056000.0,159617000.0,160090000.0,228041000.0,15869000.0,286498151.0,385212151.0,9.445458515367521,1.729489966607567,0.3206843640515106,0.5521342398066832,0.017564632101483894,9.445458515367521,0.023470326222206194,1.914045449686669,13.758074865539761,1.2916260211350152,0.0,0.4804574615968181,0.0,0.3919382459374394,0.270434853430399,0.013631769406811172,46.03119392673522,0.26802153899600484,-0.6250000000000001,1.369862375753902,-0.28787541744041073,-0.2970215894555929,-0.14290597560193988,-0.6182444819241769,-0.5491279069767442,3.694149341066195,0.13958236134492946,0.03977115580949796,Specialty Retail,Consumer Cyclical,HZO
2013Q3,2013,Q3,2013-08-06,2013-06-30,13637000.0,175756000.0,13760000.0,0.56,46807000.0,0.2663180773344864,412038000.0,215979000.0,307011000.0,195336000.0,196059000.0,235048000.0,10663000.0,275047395.84,380076395.84,9.234455873479758,1.5717072121882296,0.34543658594595644,0.6590131447964849,0.04167199633492579,9.234455873479758,0.06314039790905597,1.5649388688864105,5.042300283053457,1.2734913849957634,0.0,0.5486070930192982,0.0,0.4265528907527946,0.34400724904779456,0.03309646197680796,58.683037303179,0.2663180773344864,55.0,1.094807768602027,-0.48986241219037097,-0.338818689570734,0.24321381142098272,38.64244186046512,7.877419354838709,24.141455317860725,0.4378377019382601,-0.013629901822476793,Specialty Retail,Consumer Cyclical,HZO
2013Q2,2013,Q2,2013-05-07,2013-03-31,344000.0,160008000.0,1550000.0,0.01,37650000.0,0.23530073496325185,393557000.0,200878000.0,286020000.0,190868000.0,192679000.0,230705000.0,-2973000.0,309565807.5,420605807.5,8.662847236447455,1.4985225391369952,0.3586062501746888,0.7025756927090074,0.004059944640994903,8.662847236447455,0.001712482203128267,1.93468956239688,224.9751507994186,1.54106376756041,0.0,0.5303656184304631,0.0,0.4065688070597144,0.2716379906532263,0.000874079231216825,-867.1311134453781,0.23530073496325185,1.0555555555555556,1.0776360363380242,-0.45676720287836375,-0.5672784436209889,0.4327574396833853,1.0826525708793848,1.4897314375987363,1.0514534094721606,0.37752414502429993,-0.06904170414707947,Specialty Retail,Consumer Cyclical,HZO
2013Q1,2013,Q1,2013-02-07,2012-12-31,-4162000.0,99051000.0,-3165000.0,-0.18,26278000.0,0.26529767493513445,363253000.0,198184000.0,260430000.0,163216000.0,165069000.0,226812000.0,-3317000.0,205224092.1,313197092.1,8.633318543987848,1.5956156259190275,0.33961453862734786,0.6224821378113269,-0.009842948219561498,8.633318543987848,-0.021000686230977273,2.0719032831571615,-12.327252048294088,1.0355230094255843,0.0,0.320851630425198,0.0,0.27267772048682326,0.17710273502597784,-0.011457579152821862,-16.332995789892557,0.26529767493513445,-1.5857501251564454,0.48128698305283646,-0.631894899628299,-0.5704700426280652,-0.20468508822372206,-1.6045056320400501,-3.87673343605547,-1.3892286883142984,-0.06370996781981977,-0.10003369660169245,Specialty Retail,Consumer Cyclical,HZO
2012Q4,2012,Q4,2012-12-07,2012-09-30,-1598000.0,137347000.0,-649000.0,-0.06961229480327666,33041000.0,0.24056586601818752,365121000.0,200944000.0,262610000.0,160865000.0,164177000.0,215120000.0,845000.0,191221105.95,288251105.95,8.753550041895885,1.6324868678705746,0.3304301861574656,0.6004011067760172,-0.0019450602539719784,8.753550041895885,-0.00795246436818218,1.392248144844809,-29.915692420212764,0.951613912084959,0.0,0.4848735589438453,0.0,0.3761684482678345,0.26380505392720605,-0.004376631308525119,-11.737837207660672,0.24056586601818752,-1.3480614740163832,-1.1929380077993752,-0.6516226308008963,-0.5696633989029729,-0.17992057582526683,-1.346412313028398,-1.115254839282543,0.9539972522199435,-0.37071867604170955,-0.03518837630850027,Specialty Retail,Consumer Cyclical,HZO
2012Q3,2012,Q3,2012-08-03,2012-06-30,4613000.0,151330000.0,5631000.0,0.2,40290000.0,0.26623934447895325,361242000.0,201687000.0,259410000.0,155136000.0,159555000.0,199096000.0,2443000.0,216921778.10999998,295477778.11,8.842096845745793,1.6721457301980198,0.3094684449759441,0.5542895674981531,0.017962868444557866,8.842096845745793,0.02287207405534318,1.4334353935769508,11.756003582809452,1.07553673816359,0.0,0.5577208984610439,0.0,0.41891585142369936,0.3504022277227723,0.01276983296515909,18.92695036297007,0.26623934447895325,1.0,-0.7316396277555861,-0.677856828171385,-0.5617569105065501,0.171970446215603,1.0082716586852416,0.6640070921985816,1.4092179914131104,-0.186633625457955,-0.21699036290883003,Specialty Retail,Consumer Cyclical,HZO
2012Q2,2012,Q2,2012-05-04,2012-03-31,2297000.0,143992000.0,3384000.0,0.1,34378000.0,0.23874937496527585,363757000.0,195314000.0,261560000.0,164136000.0,168443000.0,206212000.0,-2170000.0,186428379.62,277478379.62,8.622261392157457,1.5935565628503192,0.3301434749022012,0.6148663178266791,0.011299669295480045,8.622261392157457,0.011760549678978466,1.2947134536640925,20.290420071832827,0.954505973048527,0.0,0.5315597540395322,0.0,0.3958466778646184,0.31712726032070965,0.006314655113166207,7.370458591760892,0.23874937496527585,1.5263157894736843,-0.4407065359388291,-0.6417260285197985,-0.5536728693051742,0.3442558848830844,1.545217184903869,2.129506008010681,1.0926130665077487,-0.09207464024402152,-0.2660379285296331,Specialty Retail,Consumer Cyclical,HZO
2012Q1,2012,Q1,2012-02-07,2011-12-31,-4213000.0,91787000.0,-2996000.0,-0.19,25574000.0,0.2786233344591282,363102000.0,192162000.0,260479000.0,165624000.0,170940000.0,224714000.0,-4467000.0,147302252.39999998,263733252.39999998,8.505614948763675,1.5727128918514226,0.35867332044439304,0.6777354523787221,-0.009292890442528932,8.505614948763675,-0.021924209781330337,1.6048269624238725,-8.740935936387372,0.7665524526181035,0.0,0.29465453865802754,0.0,0.2527857186135025,0.1902260541950442,-0.011602800315062984,-8.406703138911082,0.2786233344591282,0.24,0.09923797236407204,-0.683483032776314,-0.5544737037154215,-0.14849836851568224,0.2594480576551239,0.3693959166491265,0.7594137054623252,-0.25004014016459314,-0.3321819855776445,Specialty Retail,Consumer Cyclical,HZO
2011Q4,2011,Q4,2011-12-08,2011-09-30,-5689000.0,119777000.0,-4751000.0,-0.25,30034000.0,0.25074930913280513,363129000.0,195000000.0,259951000.0,162233000.0,168129000.0,219632000.0,-254000.0,145524249.32,244966249.32,8.6696891129512,1.6023312149809226,0.3272335726422291,0.609374358974359,-0.015048926780735114,8.6696891129512,-0.029174358974358973,1.2149598781068152,-6.394983710669714,0.7462782016410255,0.0,0.4086062140307423,0.0,0.3298469689834742,0.22024495632824395,-0.0156666088359784,-6.775818285607859,0.25074930913280513,-2.666666666666667,-1.3669054022203784,-0.6990701150475345,-0.5468554823822097,-0.23153289153852058,-2.6956780923994037,-2.2311479657942472,0.5780093477786298,-0.4050359325165835,-0.35475824041566445,Specialty Retail,Consumer Cyclical,HZO
2011Q3,2011,Q3,2011-08-05,2011-06-30,3355000.0,153171000.0,3859000.0,0.15,39083000.0,0.25515926644077536,357940000.0,199891000.0,254919000.0,151839000.0,158049000.0,200944000.0,5435000.0,196571789.51999998,274740789.52,8.907916869840784,1.6788769683678106,0.2939375314298486,0.5263468590381758,0.01404191581845792,8.907916869840784,0.01678414736031137,1.2833486072428852,14.647674330849476,0.9833948978193116,0.0,0.5677601719882156,0.0,0.4279236743588311,0.31972681590368746,0.009373079287031346,-19.512784347826084,0.25515926644077536,1.7499999999999998,-0.8423537982612485,-0.7006804670639727,-0.5158967016485162,0.4585930210860235,1.7477156229106308,2.0569706929608325,1.0243108833575338,-0.5366204724026655,-0.3621986796091646,Specialty Retail,Consumer Cyclical,HZO
2011Q2,2011,Q2,2011-05-02,2011-03-31,-4487000.0,115756000.0,-3651000.0,-0.2,26795000.0,0.23147828190331388,337557000.0,195285000.0,237652000.0,137597000.0,142272000.0,190160000.0,2080000.0,220165478.16,288760478.15999997,8.745740322652589,1.7271597491224373,0.26671347357631453,0.46102363212740355,-0.012796338095304855,8.745740322652589,-0.022976675115856313,1.9019789743944158,-12.26685302874972,1.1274059869421615,0.0,0.46782183424484647,0.0,0.3429228248858711,0.3010458076847606,-0.013292569847462798,20.799761753424658,0.23147828190331388,0.04761904761904753,-1.4142926758476047,-0.6806112504213453,-0.516990844339176,0.13624798575184463,0.045725223309230116,0.05389997408655092,-0.0516237689195544,-0.5918806292588602,-0.5631378159154893,Specialty Retail,Consumer Cyclical,HZO
2011Q1,2011,Q1,2011-02-08,2010-12-31,-4702000.0,92190000.0,-3859000.0,-0.21,23582000.0,0.2557978088729797,331485000.0,198733000.0,231191000.0,128562000.0,132752000.0,189234000.0,6567000.0,207941989.75,285212989.75,8.935922716878784,1.7982840963892908,0.28540959621098994,0.47606084545596355,-0.013155293139066345,8.935922716878784,-0.0236598853738433,2.2555807544202193,-11.056039438005104,1.0463385031675665,0.0,0.3625564116385005,0.0,0.27811213177066835,0.2704687232619281,-0.014184653905908262,-695.4581596989966,0.2557978088729797,-1.5521064754098364,-6.607750941571441,-0.5970620772860424,-0.45068743428287206,-0.21591967016890545,-1.5693989071038252,-1.9776234567901234,0.3951217963018418,-0.6463635475068962,-0.5554147012989852,Specialty Retail,Consumer Cyclical,HZO
2010Q4,2010,Q4,2010-12-02,2010-09-30,-1830000.0,124392000.0,-1296000.0,-0.08228496813256063,30076000.0,0.24178403755868544,336760000.0,202030000.0,235501000.0,130982000.0,134730000.0,188724000.0,11269000.0,156568086.4,233873086.4,9.084170552907773,1.7979646058237009,0.27866730015441266,0.4645052714943325,-0.004009927254873034,9.084170552907773,-0.009058060684056823,1.258666846742556,-21.389082841530055,0.7749744414195912,0.0,0.49975625781564614,0.0,0.3693787860791068,0.300140477317494,-0.005434137070911034,-3.3845241331603977,0.24178403755868544,-5.114248406628032,-1.142692967254896,-0.5691502873812478,-0.4358620185730775,-0.12959425826242982,-4.57421875,-2.0675453047775947,-1.2280616932424995,-0.6743257304174248,-0.5534096382823273,Specialty Retail,Consumer Cyclical,HZO
2010Q3,2010,Q3,2010-08-09,2010-06-30,512000.0,115383000.0,1214000.0,0.02,34554000.0,0.2994721926106966,336527000.0,206687000.0,235857000.0,127168000.0,129840000.0,181388000.0,13099000.0,153214976.84,186070976.84,9.362059829816308,1.8546882863613487,0.1700071613867535,0.2768050240218301,0.004600244790620654,9.362059829816308,0.0024771756327200065,1.3278817229574547,74.81200041015626,0.7412898578043128,0.0,0.4456138223035703,0.0,0.34286401982604664,0.3439859084046301,0.0015214232439001922,54.27381397095289,0.2994721926106966,1.0689655172413794,-0.9707676233454751,-0.7022898383989603,-0.3980950001491245,0.42749731471535984,1.0807825812559166,1.223778801843318,-0.9692258701935763,-0.74622629848942,-0.535985853195531,Specialty Retail,Consumer Cyclical,HZO
2010Q2,2010,Q2,2010-05-07,2010-03-31,-6338000.0,110116000.0,-5425000.0,-0.29,24206000.0,0.21982273239129646,322080000.0,204555000.0,220112000.0,114357000.0,117525000.0,173695000.0,12587000.0,236533109.56,272747109.56,9.305301080657724,1.9247794188375,0.16455538996522603,0.25909901982351935,-0.020589176936040364,9.305301080657724,-0.030984331842291803,2.148035794616586,-9.329958565793627,1.1563301291095305,0.0,0.4946026080198048,0.0,0.3418902136115251,0.32440515228626143,-0.019678340784898163,4.534760536042945,0.21982273239129646,-1.6444444444444444,-1.6792695419518022,-0.6379698071137079,-0.3997125597172381,0.10172500113786355,-1.6242489904461734,0.2915904936014625,-2.5902430402066647,-0.7176681715154359,-0.5183156549441827,Specialty Retail,Consumer Cyclical,HZO
2010Q1,2010,Q1,2010-02-08,2009-12-31,10153000.0,100449000.0,-7658000.0,0.45,21971000.0,0.21872791167657218,350050000.0,209093000.0,246800000.0,137403000.0,140957000.0,190243000.0,18925000.0,200310395.59,289250395.59000003,9.592935325898429,1.7961762115819888,0.2913869447221826,0.4878212087444343,0.027404675935740096,9.592935325898429,0.048557340513551386,1.9941502214058875,4.932295764552348,0.9579966598116628,0.0,0.4125145209022145,0.0,0.28695614912155404,0.33181226028543775,0.029004427938865877,7.328250369137338,0.21872791167657218,1.2973790270745535,1.6034528695478611,-0.6043851667578756,-0.2493551132504191,0.7400015839074998,1.3078252433071582,0.7691565683969374,3.2500222440003257,-0.6409662686455886,-0.49751958300601745,Specialty Retail,Consumer Cyclical,HZO
2009Q4,2009,Q4,2009-12-14,2009-09-30,-32983000.0,207239000.0,-33174000.0,-1.5132203653594711,12627000.0,0.06092965127220262,393644000.0,197756000.0,289236000.0,192057000.0,195888000.0,205934000.0,8772000.0,170231141.41,286723141.40999997,9.072807402966,1.5059904090972993,0.360732031988294,0.7180565949958535,-0.08940319474528573,9.072807402966,-0.16678634276583265,0.8214242561004444,-1.2902945563623684,0.8608140405853678,0.0,0.945021220390999,0.0,0.5264629970226905,0.3696194358966349,-0.08378890571175987,1.7040324869117809,0.06092965127220262,-2.088204827264227,-3.9859552402899867,-0.17985584056192105,-0.27113597279936774,-0.6128587196467992,-2.5929193899782135,-4.2168579965403366,-3.195085480005869,-0.4627128108649567,-0.5257854254641615,Specialty Retail,Consumer Cyclical,HZO
2009Q3,2009,Q3,2009-08-06,2009-06-30,-9180000.0,151514000.0,-6359000.0,-0.49,32616000.0,0.21526723603099385,512092000.0,209761000.0,398102000.0,297510000.0,302331000.0,339849000.0,41755000.0,63899142.08,300074142.08,11.292449577751826,1.3381130046048872,0.48819352772548685,1.1918326094936618,-0.01303722052265659,11.292449577751826,-0.04376409342060726,0.42173754293332627,-1.7401727145969499,0.3046283249984506,0.0,0.3498553769468205,0.0,0.2958726166391976,0.16096937918053175,-0.017926466338079875,1.4232702708481824,0.21526723603099385,0.5504587155963303,-1.7436753981419453,-0.4187138979029819,-0.05896878513283226,0.654458760271888,0.5470916177413785,0.6179863030157395,-1.5210917155006247,-0.6423223731204392,-0.3863085874133007,Specialty Retail,Consumer Cyclical,HZO
2009Q2,2009,Q2,2009-05-11,2009-03-31,-20269000.0,129608000.0,-16646000.0,-1.09,19714000.0,0.15210480834516388,566079000.0,217472000.0,450355000.0,346085000.0,348607000.0,399116000.0,50935000.0,36283723.839999996,315301723.84,11.747557165841332,1.3012843665573486,0.5193621385001034,1.3518981753972925,-0.03230461812097055,11.747557165841332,-0.09320280311948205,0.27994972409110547,-0.44752730573782623,0.16684319746909948,0.0,0.2753435091552331,0.0,0.22895744233578705,0.12485372090671366,-0.0358059564124442,1.0356717428783466,0.15210480834516388,-0.39743589743589747,-4.007671992536171,-0.4654188204871034,0.03641747972452055,-0.16829093363709235,-0.41345885634588564,-0.09809354179035557,-3.257355893830953,-0.5686553275719545,-0.3512067065319288,Specialty Retail,Consumer Cyclical,HZO
2009Q1,2009,Q1,2009-02-09,2008-12-31,-14340000.0,100224000.0,-15159000.0,-0.78,23703000.0,0.23650023946360152,602275000.0,235634000.0,484452000.0,361044000.0,366641000.0,440854000.0,71204000.0,62717691.660000004,376888691.66,12.736426339323598,1.3418087546116262,0.5462620895770205,1.3962331412274969,-0.020029803997353903,12.736426339323598,-0.0608570919307061,0.6257751801963601,-1.0934046663179917,0.2661657131823082,0.0,0.1735744713669378,0.0,0.16640903241874558,0.09858632188874486,-0.023809721472749158,2.3080886048651235,0.23650023946360152,-0.30134541617819455,-6.368043415706394,-0.46594238358235185,0.16628668108334357,-0.4320049843042343,-0.2931734150960411,-0.03530938396393935,-21.558691067171143,-0.47341767598346635,-0.21706137662694847,Specialty Retail,Consumer Cyclical,HZO
2008Q4,2008,Q4,2008-12-15,2008-09-30,-11089000.0,165593000.0,-14642000.0,-0.5993796806774888,41731000.0,0.252009444843683,661323000.0,248583000.0,542824000.0,408366000.0,412740000.0,468629000.0,85544000.0,133760740.62,475496740.62,13.436342245635512,1.3292585572746016,0.5625087891998313,1.4964820603178817,-0.014388892657966458,13.436342245635512,-0.04460884292168008,0.8077680857282615,-3.0156177432590856,0.5380928728835037,0.0,0.2643071598215219,0.0,0.25039655357518187,0.16147034767830817,-0.016767903127518625,3.2962232779694434,0.252009444843683,0.9025398893207336,-2.2154502281403565,-0.1534470712443034,0.24965054813833273,-0.325232435928531,0.9020899370458338,0.8691147681663374,-2.0394032724224798,-0.31052972342830654,-0.1655868911677559,Specialty Retail,Consumer Cyclical,HZO
2008Q3,2008,Q3,2008-08-11,2008-06-30,-113257000.0,271277000.0,-111869000.0,-6.15,61845000.0,0.22797730732793417,717061000.0,257206000.0,595778000.0,456110000.0,459855000.0,515302000.0,96633000.0,132041214.3,514441214.3,13.966601487093413,1.3062156058845453,0.5634109231990025,1.5707254107602466,-0.1642906521700648,13.966601487093413,-0.44033576199622093,0.48673943718044654,-0.2914636938555674,0.5133675509124981,0.0,0.4064257464554766,0.0,0.37831788369469266,0.15566201135690952,-0.15794611616027088,3.2517661010688075,0.22797730732793417,-31.36842105263158,-12.164922834549552,0.20759118261168089,0.35824011095672137,0.13520806182198644,-31.276147050441722,-64.07795229784759,-8.751943773507405,-0.1608952078241132,-0.10206007878384366,Specialty Retail,Consumer Cyclical,HZO
2008Q2,2008,Q2,2008-05-09,2008-03-31,-3509000.0,233262000.0,-1719000.0,-0.19,54479000.0,0.23355282900772523,896125000.0,367631000.0,651361000.0,488899000.0,528494000.0,553890000.0,209893000.0,228811602.32000002,652338602.32,20.019449248005248,1.332301763758977,0.4995318733435626,1.217642146608964,-0.0009645031930640929,20.019449248005248,-0.009544896921097513,0.9809210343733656,-16.301767050441722,0.6223947445128404,0.0,0.3227770857029374,0.0,0.2603007392941833,0.17274120012517924,-0.003915748360998745,-8.926794722222223,0.23355282900772523,0.45714285714285713,-1.714904595392327,0.22287281606456477,1.056760374466729,0.132054692045549,0.4533416420003116,0.6607460035523979,-1.4501869947589674,-0.08196755687229634,0.29145997972440757,Specialty Retail,Consumer Cyclical,HZO
2008Q1,2008,Q1,2008-02-11,2007-12-31,-6419000.0,215268000.0,-5067000.0,-0.35,48124000.0,0.22355389560919411,868916000.0,369120000.0,623903000.0,456957000.0,499796000.0,532844000.0,213402000.0,284652478.0,682628478.0,20.09945615158144,1.3653429097267358,0.4842136639214838,1.1398488296488947,-0.003761255367502893,20.09945615158144,-0.017390008669267445,1.322316730772804,-11.086324894843433,0.7711651441265712,0.0,0.3136828039726449,0.0,0.24774316504702412,0.1640023021859825,-0.0073873654070128756,-3.936612012335947,0.22355389560919411,-1.970062873528524,-10.147267990756639,0.8314982479974365,1.1233447641032022,-0.4031353872103984,-1.9687594325384847,-1.3101928374655647,-2.95356297681928,0.0062621370179242,0.572777619577977,Specialty Retail,Consumer Cyclical,HZO
2007Q4,2007,Q4,2007-12-11,2007-09-30,6626000.0,315400000.0,16335000.0,0.3608013558202715,80628000.0,0.25563728598604946,825878000.0,373559000.0,581229000.0,410840000.0,452319000.0,478039000.0,220375000.0,268124269.6,594582269.6,20.34117018998865,1.4147332294810633,0.4320650265535588,0.9552252790054583,0.013564166653069377,20.34117018998865,0.017737492604916492,0.850108654407102,10.116369966797464,0.7177561498986773,0.0,0.4911147416842559,0.0,0.38189659973991313,0.21348456820173303,0.008022976759279215,9.901922948519093,0.25563728598604946,-0.5057515673694911,-0.10467860009125837,0.9368364447912675,1.1446913623669943,-0.08927845298874983,-0.5232064474346981,-0.346364691288864,-0.28805035685642105,0.4814435382939376,0.6341080069441145,Specialty Retail,Consumer Cyclical,HZO
2007Q3,2007,Q3,2007-08-02,2007-06-30,13897000.0,379780000.0,24991000.0,0.73,88532000.0,0.2331139080520301,848163000.0,372065000.0,603782000.0,434298000.0,476098000.0,491656000.0,213749000.0,369183855.04,715767855.04,20.17623793216242,1.390248170610963,0.43849000722738435,0.9995860938276914,0.026624994908591538,20.17623793216242,0.037351000497224944,0.9720992549370688,6.641430795135641,0.9922563397255856,0.0,0.5923816652293473,0.0,0.4477677050283967,0.2242008943168055,0.01638482225704257,5.0856674202746825,0.2331139080520301,3.294117647058823,0.4945576763378159,0.8442394672811279,1.218160840260674,0.20430400065294574,3.170768307322929,0.9231242785686803,0.13401747860828883,0.46766596588260056,0.6813419942258252,Specialty Retail,Consumer Cyclical,HZO
2007Q2,2007,Q2,2007-05-07,2007-03-31,3332000.0,326067000.0,12995000.0,0.17,73513000.0,0.22545366443092985,894623000.0,355029000.0,648369000.0,494614000.0,539594000.0,547959000.0,199852000.0,425999768.36,851878768.36,19.318255152301933,1.3108585684998808,0.5022987336565234,1.2657219551078926,0.009880381991594703,19.318255152301933,0.009385148818828884,1.3064792461671988,31.96276773409364,1.1999013273845234,0.0,0.46089944685642537,0.0,0.36447419751113036,0.17952989604014444,0.0037244738845301317,58.91298138016872,0.22545366443092985,1.8095238095238095,-0.17440996743480855,1.0222963856651375,1.2479405952518265,0.28832302273006083,1.8800845219228737,67.75661375661376,-0.5019614135026264,0.35471691600360467,0.7043353809625911,Specialty Retail,Consumer Cyclical,HZO
2007Q1,2007,Q1,2007-01-31,2006-12-31,-3786000.0,234738000.0,189000.0,-0.21,57061000.0,0.24308377851050958,861910000.0,349135000.0,619753000.0,469350000.0,512775000.0,545282000.0,196520000.0,,,,,,,,,,,,,,,,,,,,,,,,,,,,,,,Specialty Retail,Consumer Cyclical,HZO
