Quarters,Year,Quarter,FillingDate,Date,NetIncome,Revenue,OperatingIncome,EPSDiluted,GrossProfit,GrossProfitRatio,TotalAssets,CommonStockEquity,CurrentAssets,CurrentLiability,TotalLiability,Inventory,RetainedEarnings,MarketCap,EnterpriseValue,bookValuePerShare,currentRatio,debtToAssets,debtToEquity,roic,shareholdersEquityPerShare,roe,priceToSalesRatio,peRatio,pbRatio,payoutRatio,inventoryTurnover,dividendYield,assetTurnover,quickRatio,returnOnAssets,priceToFreeCashFlowsRatio,grossProfitMargin,epsdilutedGrowth,fiveYNetIncomeGrowthPerShare,fiveYRevenueGrowthPerShare,fiveYShareholdersEquityGrowthPerShare,grossProfitGrowth,netIncomeGrowth,operatingIncomeGrowth,threeYNetIncomeGrowthPerShare,threeYRevenueGrowthPerShare,threeYShareholdersEquityGrowthPerShare,Industry,Sector,Symbol
2023Q1,2023,Q1,2023-04-13,2023-03-31,19814000000.0,53367000000.0,25007000000.0,8.78,45185000000.0,0.8466842805,250025000000.0,79874000000.0,113943000000.0,131961000000.0,170151000000.0,25615000000.0,77070000000.0,2445292380057.5996,2455874380057.5996,35.50586770981508,0.8634596585354763,0.10206179382061793,0.3194781781305556,0.1900549028550965,35.50586770981508,0.2480657034829857,45.820308056619254,30.853088473523773,30.614372387229885,0.9254567477541132,0.31942221354674993,0.007498898761369413,0.21344665533446655,0.6493736785868552,0.07924807519248075,97.76085955533522,0.8466842805479041,0.46577629382303826,0.9967651211247278,1.1470399309177841,0.9562017127612524,0.1344463971880492,0.4577692760447322,2.020533880903491,0.7389033012255142,0.644880002939432,0.5330462338795504,Biotechnology,Healthcare,NVO
2022Q4,2022,Q4,2022-12-31,2022-12-31,13592000000.0,48092000000.0,8279000000.0,5.99,39830000000.0,0.8282042751,241257000000.0,83486000000.0,108194000000.0,120940000000.0,157771000000.0,24388000000.0,80587000000.0,2126463931451.2002,2139594931451.2002,36.914573753095155,0.8946088969737059,0.10687358294267109,0.3088422010876075,0.060605090775646,36.914573753095155,0.16280573988453154,44.21658345361391,39.1124178092113,25.470904480406297,1.8616097704532077,0.33877316713137606,0.01189909672379537,0.19933929378214932,0.6704068132958492,0.05633826168774377,2291.4482019948277,0.8282042751393163,-0.055205047318611936,0.7954708004905527,0.8730343188659794,0.827091700203381,0.038158786425480894,-0.0564387365498091,-0.589823622671423,0.6331606930807293,0.5538626091968606,0.5182963607787717,Biotechnology,Healthcare,NVO
2022Q3,2022,Q3,2022-09-30,2022-09-30,14405000000.0,45566000000.0,20184000000.0,6.34,38366000000.0,0.8419874468,242836000000.0,76680000000.0,119482000000.0,130257000000.0,166156000000.0,23222000000.0,73673000000.0,1704664704267.3599,1702168704267.3599,33.90519985850725,0.9172789178316713,0.10694048658353786,0.33866718831507564,0.15708035661502487,33.90519985850725,0.1878586332811685,37.410891986730455,29.584600907104473,22.230890770309855,0.6673377299548767,0.31005081388338646,0.005639232146905704,0.18764104169068838,0.6984883729857129,0.05931987020046451,85.17361368378934,0.8419874467804942,0.08191126279863473,0.6074057767998962,0.8665411942388835,0.7806982654781127,0.09006705307421298,0.08161886169094458,0.09749333913327171,0.4800665115853956,0.5763064908554112,0.516715529334164,Biotechnology,Healthcare,NVO
2022Q2,2022,Q2,2022-06-30,2022-06-30,13318000000.0,41265000000.0,18391000000.0,5.86,35196000000.0,0.8529262087,218928000000.0,74452000000.0,102979000000.0,109655000000.0,144476000000.0,21706000000.0,73166000000.0,1803755095626.0,1806431095626.0,32.809800810858455,0.9391181432675209,0.11617518088138566,0.34161607478643957,0.14600230925952817,32.809800810858455,0.17888035244184172,43.711501166266814,33.8593462912224,24.227087192096917,0.0,0.2796001105685064,0.0,0.1884866257399693,0.7083671515206785,0.06083278520792224,84.34279882287478,0.8529262086513995,-0.057877813504823065,0.4628042470683469,0.574900398781574,0.6800493015750916,0.0023352508970780885,-0.06277269528501056,-0.03948399227032955,0.4559105981571467,0.441054579031867,0.471110255062735,Biotechnology,Healthcare,NVO
2022Q1,2022,Q1,2022-03-31,2022-03-31,14210000000.0,42031000000.0,19147000000.0,6.22,35114000000.0,0.8354309914,197136000000.0,66550000000.0,86537000000.0,95602000000.0,130586000000.0,20289000000.0,66612000000.0,1701431497710.0,1713517497710.0,29.234756633280618,0.9051798079538085,0.12925087249411574,0.382870022539444,0.16498772104348713,29.234756633280618,0.21352366641622839,40.48039536794271,29.93369981896552,25.566213338993236,1.1041520056298382,0.34092365321109963,0.00922164660823405,0.21320814057300544,0.6727055919332231,0.07208221735248763,78.02584140649363,0.8354309914111013,0.3094736842105263,0.5340255361986468,0.6196386288288984,0.8104787872594171,0.0941667705347127,0.3046272493573265,0.6328671328671329,0.4285303384388559,0.5067436108087676,0.47678181661765173,Biotechnology,Healthcare,NVO
2021Q4,2021,Q4,2021-12-31,2021-12-31,10892000000.0,38333000000.0,11726000000.0,4.75,32092000000.0,0.8371898886,194508000000.0,70746000000.0,85595000000.0,99516000000.0,123762000000.0,19621000000.0,72004000000.0,1686022483600.0,1701947483600.0,30.86783891094725,0.8601129466618433,0.13698665350525427,0.37662906736776636,0.09594091415006506,30.86783891094725,0.15395923444435022,43.983577690240786,38.69864312339332,23.83205387725101,0.0,0.3180775699505632,0.0,0.19707672692125774,0.6459664777523212,0.05599769675283279,-316.2675827424498,0.837189888607727,-0.09867172675521814,0.37266952738052517,0.4210841724441879,0.7132813193939797,0.08554612184149105,-0.10124597739087383,-0.2310315430520034,0.3502108882177961,0.3580265993527812,0.4374901119797402,Biotechnology,Healthcare,NVO
2021Q3,2021,Q3,2021-09-30,2021-09-30,12119000000.0,35622000000.0,15249000000.0,5.27,29563000000.0,0.8299084835214193,174084000000.0,66112000000.0,91213000000.0,88328000000.0,107972000000.0,18899000000.0,67914000000.0,1411469696459.5503,1395724696459.5503,28.84593568654828,1.032662349424871,0.07897336917809793,0.20795014520813165,0.1531288070361884,28.84593568654828,0.1833101403678606,39.62353872493264,29.116876319406515,21.349674740736177,0.661853288225101,0.32059897349066085,0.0056827291582096425,0.204625353277728,0.8020333303142831,0.06961581765124883,71.21800779350878,0.8299084835214193,0.001901140684410606,0.36279779058775996,0.42601900226968215,0.7634780291834451,0.07525278242525642,-0.00032995133217850366,0.031801881047432166,0.41254435740983153,0.35153451448567985,0.4656712691719188,Biotechnology,Healthcare,NVO
2021Q2,2021,Q2,2021-06-30,2021-06-30,12123000000.0,33041000000.0,14779000000.0,5.26,27494000000.0,0.8321176719832934,158095000000.0,65559000000.0,77146000000.0,72798000000.0,92536000000.0,18822000000.0,67179000000.0,1209843509754.24,1199378509754.24,28.494002086230875,1.0597269155746036,0.08706157689996522,0.20994829085251454,0.15141696386457415,28.494002086230875,0.18491740264494577,36.616431395969855,24.949342360683,18.454270348148082,8.248783304462591e-05,0.29470832005100417,8.265531797605244e-07,0.2089945918593251,0.7890189290914585,0.07668174199057529,51.76686961423302,0.8321176719832934,-0.03486238532110099,0.340675981115927,0.3264479683099156,0.6970608780393887,-0.017825885042689244,-0.03961023528479759,-0.01354959284474703,0.23577584908567956,0.27106513464956944,0.40829955096226367,Biotechnology,Healthcare,NVO
2021Q1,2021,Q1,2021-03-31,2021-03-31,12623000000.0,33804000000.0,14982000000.0,5.45,27993000000.0,0.8280972665956692,141387000000.0,58496000000.0,61389000000.0,72384000000.0,82891000000.0,18653000000.0,60297000000.0,983313488756.8,987285488756.8,25.327329407689643,0.8481017904509284,0.06828774922729812,0.16505402078774617,0.17411104403203298,25.327329407689643,0.21579253282275712,29.08867260551414,19.474639324186008,16.809926982303065,1.069080250336687,0.31153165710609554,0.013724005776694555,0.23908845933501666,0.5744777851458885,0.08927977819742974,100.79064050397704,0.8280972665956692,0.36220755526937126,0.47072879721034705,0.3684822785705343,0.7283640224220781,0.05558278969795241,0.35468984760678257,0.3403113258185722,0.23904174322705016,0.32465858128638153,0.3954134446711416,Biotechnology,Healthcare,NVO
2020Q4,2020,Q4,2020-12-31,2020-12-31,9318000000.0,32138000000.0,11178000000.0,4.000858737655646,26519000000.0,0.8251602464372394,144922000000.0,63325000000.0,65809000000.0,70273000000.0,81597000000.0,18536000000.0,63774000000.0,984160994272.4999,981759994272.4999,27.18978102189781,0.936476313804733,0.07145912973875602,0.16353730754046586,0.11219048545710021,27.18978102189781,0.14714567706277143,30.62296951498226,26.404834574814874,15.54142904496644,0.0,0.3031398359948209,0.0,0.22176067125764204,0.6395201571015895,0.06429665613226425,-77.29215379506007,0.8251602464372394,-0.09482833989691267,0.2431343466881354,0.2261738544657956,0.4853682029442312,0.028984944901443425,-0.0951641095358322,-0.12726420986883197,0.19526442548936881,0.21545266383537662,0.3457618004133544,Biotechnology,Healthcare,NVO
2020Q3,2020,Q3,2020-09-30,2020-09-30,10298000000.0,30927000000.0,12808000000.0,4.42,25772000000.0,0.8333171662301548,139947000000.0,59573000000.0,73667000000.0,70948000000.0,80374000000.0,18105000000.0,59850000000.0,1025387702764.0,1004011702764.0,25.578789179905538,1.0383238428144557,0.029325387468112928,0.06889026908163094,0.16321338344956907,25.578789179905538,0.1728635455659443,33.155097577003914,24.89288460778792,17.212289170664565,0.7350941930471936,0.28472797569732117,0.007382573420370234,0.2209908036613861,0.75934487230084,0.07358500003572781,89.78876556602452,0.8333171662301548,-0.024282560706401835,0.3533921699577346,0.2717533726094484,0.5224805761376885,0.021320440675279384,-0.030776470588235294,-0.07443272149154502,0.11586448820949684,0.2302143104464723,0.3433958718948386,Biotechnology,Healthcare,NVO
2020Q2,2020,Q2,2020-06-30,2020-06-30,10625000000.0,30006000000.0,13838000000.0,4.53,25234000000.0,0.8409651403052723,136121000000.0,60054000000.0,73579000000.0,67284000000.0,76067000000.0,17809000000.0,60014000000.0,1014736278624.0001,994005278624.0001,25.677270395074398,1.0935586469294334,0.0304361560670286,0.06898791088020781,0.17071216962240995,25.677270395074398,0.17692410164185565,33.81777906498701,23.876147732329414,16.897063952842444,0.0,0.26795440507608514,0.0,0.22043622953107897,0.8177278401997503,0.0780555535148875,44.32324096374597,0.8409651403052723,-0.1029702970297029,0.40382628188243663,0.22237099437481425,0.6925819029311779,-0.11425462459194777,-0.10691771034714634,-0.15114709851551958,0.13228519935816166,0.1111150705874298,0.31482298360441646,Biotechnology,Healthcare,NVO
2020Q1,2020,Q1,2020-03-31,2020-03-31,11897000000.0,33875000000.0,16302000000.0,5.05,28489000000.0,0.8410036900369003,126256000000.0,54399000000.0,63193000000.0,63187000000.0,71857000000.0,17261000000.0,54854000000.0,957276974976.0,951621974976.0,23.16033719346049,1.0000949562409989,0.032552908376631606,0.07555285942756301,0.22067687677559747,23.16033719346049,0.21869887314105038,28.25909889228044,20.115932062200557,17.59732669674075,1.0549718416407499,0.31203290655234345,0.013111147899817257,0.2683040805981498,0.717457704907655,0.09422918514763655,115.48763119507781,0.8410036900369003,0.3723115750831707,0.3317788698043753,0.48612213497740153,0.8730673847719836,0.05573466740781916,0.3648044051852702,0.37303124736797777,0.2447396148020044,0.2651157019413355,0.4342961605776206,Biotechnology,Healthcare,NVO
2019Q4,2019,Q4,2019-12-31,2019-12-31,8717000000.0,32417000000.0,11873000000.0,3.679922323539345,26985000000.0,0.8324335996545023,125612000000.0,57593000000.0,62456000000.0,58983000000.0,68019000000.0,17641000000.0,57817000000.0,914444509083.84,903452509083.84,24.313154339750085,1.0588813725988844,0.03568926535681304,0.07783932075078569,0.14175602833615553,24.313154339750085,0.15135519941659575,28.208795048395594,26.22589506377882,15.877702309027832,0.0,0.3079190522079247,0.0,0.2580724771518645,0.7566078361561805,0.06939623602840493,416.2241734564588,0.8324335996545023,-0.14220924859222728,0.47326527209365804,0.4550006346486427,0.5772113497958193,0.07074835330529324,-0.1448891504806749,-0.0809660190417215,0.06290065871076654,0.1627519714674829,0.34947163829676087,Biotechnology,Healthcare,NVO
2019Q3,2019,Q3,2019-09-30,2019-09-30,10194000000.0,30277000000.0,12919000000.0,4.29,25202000000.0,0.8323810152921359,124908000000.0,52953000000.0,63400000000.0,63087000000.0,71955000000.0,17509000000.0,53721000000.0,835579821384.0001,821165821384.0001,22.35435663627153,1.004961402507648,0.03476959041854805,0.08201612750930071,0.18985090923533982,22.35435663627153,0.19251033935754347,27.597840650791035,20.4919516721601,15.779650282023683,0.6964881302727094,0.28985093380547144,0.008497093656761627,0.24239440228007814,0.7177231442293975,0.08161206648092996,58.674237861386146,0.8323810152921359,0.06451612903225801,0.7305806640168342,0.5016299413158513,0.539022119513002,0.000595545320998928,0.06242834809796769,-0.0396223609872138,0.10911488749851285,0.17270053817370418,0.36661945075955243,Biotechnology,Healthcare,NVO
2019Q2,2019,Q2,2019-06-30,2019-06-30,9595000000.0,30036000000.0,13452000000.0,4.03,25187000000.0,0.8385603941936343,117909000000.0,53085000000.0,58720000000.0,56595000000.0,64824000000.0,17129000000.0,53558000000.0,805665329280.0001,795440329280.0001,22.302747668263173,1.0375474865270784,0.03589208626992002,0.07972120184609588,0.18541756245679908,22.302747668263173,0.1807478572101347,26.823322988413906,20.99180117978114,15.176892328906472,0.0,0.28308716212271584,0.0,0.2547388240083454,0.732520540683806,0.08137631563324259,65.71495344861339,0.8385603941936343,-0.07568807339449542,0.5152349065953683,0.5337913019360111,0.5992933456560665,0.02557107374078749,-0.0813786500718047,-0.05527073530444554,0.02570889226838375,0.1655866092098738,0.3283188660564961,Biotechnology,Healthcare,NVO
2019Q1,2019,Q1,2019-03-31,2019-03-31,10445000000.0,29291000000.0,14239000000.0,4.36,24559000000.0,0.8384486702400055,110135000000.0,47319000000.0,52734000000.0,54760000000.0,62816000000.0,16838000000.0,48584000000.0,828681996885.6001,823944996885.6001,19.796259883696607,0.9630021913805697,0.03920642847414537,0.09125298505885585,0.2178360627348904,19.796259883696607,0.22073585663264228,28.291352186186888,19.834418307458115,17.51266926362772,1.1784585926280517,0.2810310013065685,0.014853707509346632,0.2659554183502066,0.6503834915997078,0.09483815317564807,120.92251523210274,0.8384486702400055,0.23872849240908559,0.7879548713367918,0.5917151463619279,0.5576225208194597,-0.020734479046213963,0.22925738495939743,0.3205044978206436,0.17587949604090186,0.14574941187190438,0.3509179278534834,Biotechnology,Healthcare,NVO
2018Q4,2018,Q4,2018-12-31,2018-12-31,8497000000.0,29732000000.0,10783000000.0,3.5197382047139723,25079000000.0,0.8435019507601238,110769000000.0,51839000000.0,59067000000.0,54164000000.0,58930000000.0,16336000000.0,53406000000.0,725906068590.3,710783068590.3,21.47342695000207,1.0905213795140685,0.004649315241628976,0.009934605220008101,0.16876275186035103,21.47342695000207,0.16391134088234727,24.414976072591823,21.357716505540193,14.003087802432534,0.0,0.2848310479921645,0.0,0.26841444808565573,0.7851524998153755,0.07670918758858525,211.57273931515596,0.8435019507601238,-0.05889352815134437,0.5511154239343335,0.5140966247513146,0.34558872393362605,0.0741851201439157,-0.059754343255505146,-0.08719207652586133,0.09364207549958606,0.09438860312508451,0.17308578447508605,Biotechnology,Healthcare,NVO
2018Q3,2018,Q3,2018-09-30,2018-09-30,9037000000.0,27762000000.0,11813000000.0,3.74,23347000000.0,0.8409696707729991,101895000000.0,47512000000.0,54135000000.0,49425000000.0,54383000000.0,15922000000.0,49007000000.0,722206906948.8,706142906948.8,19.68104055341535,1.0952959028831564,0.003307326169095638,0.007092944940225627,0.200310819094099,19.68104055341535,0.19020457989560532,26.01422472980333,19.979166397831136,15.200515805455465,0.8009295120061968,0.27728928526567015,0.010022058679249282,0.2724569409686442,0.7682144663631766,0.08868933706266255,82.94555035589755,0.8409696707729991,-0.12206572769953042,0.5565991666974195,0.4955918412072481,0.3418319661657622,0.012665365430492301,-0.12626897418543942,-0.03203867584398558,0.145801237128269,0.10136199492062976,0.1714394199821022,Biotechnology,Healthcare,NVO
2018Q2,2018,Q2,2018-06-30,2018-06-30,10343000000.0,27407000000.0,12204000000.0,4.26,23055000000.0,0.8412084503958842,103248000000.0,49081000000.0,57502000000.0,49179000000.0,54167000000.0,16134000000.0,50671000000.0,721115691341.76,702969691341.76,20.23291285349163,1.1692389027837085,0.002392298155896482,0.0050324973003810025,0.20474565583428803,20.23291285349163,0.2107332776430798,26.31136904227971,17.43004184815237,14.692359392468777,0.0,0.2697409197967026,0.0,0.26544824112815746,0.828097358628683,0.10017627460096079,54.584489542181515,0.8412084503958842,-0.03181818181818195,0.7022700639445633,0.42072115736499915,0.5384842098201841,0.014164430563497999,-0.03794995814342852,-0.01960154241645244,0.3175558943759793,0.07645164135079176,0.33370337315810816,Biotechnology,Healthcare,NVO
2018Q1,2018,Q1,2018-03-31,2018-03-31,10751000000.0,26930000000.0,12448000000.0,4.4,22733000000.0,0.8441515038989974,93558000000.0,44238000000.0,49915000000.0,44168000000.0,49320000000.0,15867000000.0,43652000000.0,727343946693.25,717058946693.25,18.15041234152546,1.1301168266618367,0.002436990957480921,0.0051539400515394004,0.2211536766120412,18.15041234152546,0.24302635743026357,27.008687214751205,16.913402164757933,16.441610079417018,1.0985024648869872,0.2645112497636604,0.016237159948456613,0.28784283546035616,0.7205216446295961,0.11491267449069027,106.07320208447572,0.8441515038989974,0.31450866351629725,1.0278048549565597,0.5205453252997786,0.4766910428447388,-0.023999656534432423,0.30267781412819583,0.23897680899771076,0.15979323191540967,0.13854080986050804,0.46789509552881403,Biotechnology,Healthcare,NVO
2017Q4,2017,Q4,2017-12-31,2017-12-31,8253000000.0,27992000000.0,10047000000.0,3.3472582738481504,23292000000.0,0.8320948842526437,102355000000.0,49815000000.0,60080000000.0,47056000000.0,52540000000.0,15373000000.0,48977000000.0,820835248656.0001,803677248656.0001,20.204007138221932,1.2767766065963957,0.016550241805480925,0.034005821539696876,0.15228216971446068,20.204007138221932,0.16567299006323397,29.323922858531013,24.864753685205386,16.477672360855166,0.0,0.30573082677421454,0.0,0.27347955644570365,0.9011178170690242,0.08063113673000831,293.0507849539451,0.8320948842526437,-0.15473275912925494,0.5837679026391858,0.4747765819067179,0.3539946701461488,0.042520812818906094,-0.15527123848515864,-0.16580870142809698,0.3400824631661326,0.20706335157118894,0.31064809298154333,Biotechnology,Healthcare,NVO
2017Q3,2017,Q3,2017-09-30,2017-09-30,9770000000.0,26614000000.0,12044000000.0,3.96,22342000000.0,0.8394829788832945,97891000000.0,46946000000.0,57094000000.0,45127000000.0,50945000000.0,15230000000.0,45262000000.0,749945648880.0,731071648880.0,19.040395846852693,1.265184922551909,0.0026560153640273363,0.005538278021556682,0.20002319571091084,19.040395846852693,0.20811144719464916,28.178614596828737,19.19001148618219,15.974644248285264,0.7570112589559878,0.28049901510177283,0.009862048017807016,0.27187381883932127,0.8706539322356904,0.09980488502518108,68.68892186114672,0.8394829788832945,-0.01246882793017452,0.9039974878753742,0.4810989336730196,0.45392590832809543,-0.07788187708943828,-0.01818912672093257,-0.10025399671298371,0.59348343982429,0.2681365033168775,0.31086708731499074,Biotechnology,Healthcare,NVO
2017Q2,2017,Q2,2017-06-30,2017-06-30,9951000000.0,28638000000.0,13386000000.0,4.01,24229000000.0,0.8460437181367414,97825000000.0,48436000000.0,58974000000.0,43824000000.0,49389000000.0,15028000000.0,47014000000.0,691400006688.8,671756006688.8,19.52907023627127,1.3457009857612268,0.01720419115767953,0.03474688248410274,0.21021563395562443,19.52907023627127,0.20544636220992651,24.14274763212515,17.370113724469903,14.274506703460236,0.0,0.29338568006388077,0.0,0.2927472527472528,0.9626004016064257,0.1017224635829287,82.16280531061201,0.8460437181367414,-0.012315270935960548,1.0604995153082675,0.6283812462879416,0.711146433065768,0.0011569769844221314,-0.020185112248916896,-0.00770941438102298,0.5080941716098104,0.4034392147237531,0.40039749990817325,Biotechnology,Healthcare,NVO
2017Q1,2017,Q1,2017-03-31,2017-03-31,10156000000.0,28452000000.0,13490000000.0,4.06,24201000000.0,0.8505904681568959,94213000000.0,40301000000.0,55648000000.0,48903000000.0,53912000000.0,15044000000.0,40739000000.0,595457949196.64,579307949196.64,16.147527846782594,1.1379260986033577,0.006506533068684789,0.01521054068137267,0.2575050438904439,16.147527846782594,0.25200367236545,20.928509391137354,14.65778724883419,14.775264861830724,1.1272154391492715,0.2825711247008774,0.01922553895778036,0.30199653975566004,0.8241212195570824,0.10779828686062433,57.33275074105912,0.8505904681568959,0.17341040462427734,1.4285418714417921,0.787604426069564,0.3890427023153269,-0.01837430031637868,0.16749051615128174,0.20381938247367481,0.664996909890685,0.48076650205762583,0.2705305536235098,Biotechnology,Healthcare,NVO
2016Q4,2016,Q4,2016-12-31,2016-12-31,8699000000.0,29572000000.0,11206000000.0,3.46,24654000000.0,0.8336940348978764,97539000000.0,45269000000.0,59766000000.0,47436000000.0,52270000000.0,14341000000.0,46111000000.0,633449244759.32,614988244759.32,18.016795351428797,1.2599291677207185,0.0023477788371830755,0.00505864940687888,0.19580822572407108,18.016795351428797,0.1921624069451501,21.42057502905857,18.204656993887802,13.993002822225364,0.0,0.34293284987099926,0.0,0.3031812915859297,0.946454169828822,0.08918483888495883,75.51850795890796,0.8336940348978764,-0.10594315245478039,1.0803177152432184,0.8300504969303497,0.35554157505475953,0.0468345293193495,-0.11261858614709783,-0.09774557165861514,0.5257371803651312,0.44691182286973713,0.12898591932947256,Biotechnology,Healthcare,NVO
2016Q3,2016,Q3,2016-09-30,2016-09-30,9803000000.0,27537000000.0,12420000000.0,3.87,23551000000.0,0.8552493009405527,87340000000.0,41327000000.0,51576000000.0,41592000000.0,46013000000.0,14252000000.0,41056000000.0,697937041468.9,683856041468.9,16.357411438749256,1.2400461627236008,0.005220975498053584,0.011033948750211726,0.23688663624949888,16.357411438749256,0.23720570087352094,25.34542765983586,17.799067669817912,16.888161286057542,0.7752728756503111,0.2796800449059781,0.010889234341259211,0.31528509274101213,0.8839680707828429,0.11223952370048088,55.46225695080261,0.8552493009405527,-0.012755102040816282,1.6022615406422935,0.8575300579882762,0.300863913533816,0.005851200136670369,-0.016552969502407703,-0.006161478754901176,0.6134201162147335,0.41747339254075017,0.11523054345977357,Biotechnology,Healthcare,NVO
2016Q2,2016,Q2,2016-06-30,2016-06-30,9968000000.0,27459000000.0,12497000000.0,3.92,23414000000.0,0.8526894642922175,88269000000.0,42585000000.0,52626000000.0,41528000000.0,45684000000.0,13635000000.0,42510000000.0,911996114981.12,899235114981.12,16.79020620589047,1.2672413793103448,0.004599576295188572,0.009533873429611366,0.2299306021359346,16.79020620589047,0.2340730304097687,33.21301267275283,22.873096784237557,21.415900316569683,0.0,0.2966629996332967,0.0,0.3110831662305,0.9246532460026969,0.11292752835083665,71.57963385771289,0.8526894642922175,0.056603773584905655,1.7051759969195037,0.92528736234039,0.29244526751234473,0.018974671424841154,0.054257006874669486,0.01527337720367211,0.5690772888265299,0.3614021600006816,0.2767053026143771,Biotechnology,Healthcare,NVO
2016Q1,2016,Q1,2016-03-31,2016-03-31,9455000000.0,27212000000.0,12309000000.0,3.71,22978000000.0,0.844406879317948,82368000000.0,37284000000.0,46381000000.0,41074000000.0,45084000000.0,12995000000.0,36070000000.0,906490819089.8999,902078819089.8999,14.653932319301969,1.1292058236353897,0.004929098679098679,0.010889389550477416,0.2583338092769245,14.653932319301969,0.2535940349747881,33.312171802509916,23.968556824164462,24.313132150249434,1.7165520888418826,0.32581762216237015,0.017904207806864077,0.33037101787101786,0.7783269221405269,0.11478972416472416,143.11506458634352,0.844406879317948,0.15275962702833618,1.6076003437597917,0.9478180860600989,0.20458290866788503,-0.05315641997692434,0.14495035117461855,0.10642696629213483,0.7083604177570901,0.47185202536726034,0.19222253418775825,Biotechnology,Healthcare,NVO
2015Q4,2015,Q4,2015-12-31,2015-12-31,8258000000.0,28876000000.0,11125000000.0,3.218363926887252,24268000000.0,0.8404211109571963,91799000000.0,46969000000.0,55140000000.0,40873000000.0,44830000000.0,12758000000.0,46816000000.0,1016927702334.7201,1001077702334.7201,18.305078140223703,1.3490568345851786,0.011688580485626205,0.022844855117204965,0.1854072413869459,18.305078140223703,0.17581809278460261,35.21705576723646,30.786137755349966,21.65104009739871,0.0,0.36118513873647906,0.0,0.314556803451018,1.0294815648472095,0.08995740694343075,146.4891533181677,0.8404211109571963,-0.012771801568327567,1.3554574305246792,1.0156805529584245,0.43013839223498057,0.057659620832425366,-0.014911129667183587,-0.07136894824707847,0.5227810552413532,0.46188170503887915,0.22673576924170952,Biotechnology,Healthcare,NVO
2015Q3,2015,Q3,2015-09-30,2015-09-30,8383000000.0,26792000000.0,11980000000.0,3.26,22945000000.0,0.8564123618990743,85195000000.0,43109000000.0,51488000000.0,38523000000.0,42086000000.0,12762000000.0,42797000000.0,922502307270.24,907648307270.24,16.800732686386844,1.3365521896010175,0.0073948001643288925,0.014614117701640028,0.2265274482001681,16.800732686386844,0.19446055348071167,34.432006093992236,27.511103043965168,21.399297299177434,0.0,0.3014417802852217,0.0,0.31447854921063445,0.9900319289774939,0.09839779329772874,85.39315998058316,0.8564123618990743,0.009287925696594366,1.6318902081440074,0.9350119754963473,0.4160785663753562,-0.010991379310344827,0.00479443845139638,-0.04021791379586605,0.5698355801974027,0.43272205337497555,0.2829050786604424,Biotechnology,Healthcare,NVO
2015Q2,2015,Q2,2015-06-30,2015-06-30,8343000000.0,27059000000.0,12482000000.0,3.23,23200000000.0,0.8573857127018737,81313000000.0,39111000000.0,47337000000.0,38593000000.0,42202000000.0,12825000000.0,39353000000.0,938898839313.12,927798839313.12,15.170474380357629,1.2265695851579301,0.00905144318866602,0.018818235279077496,0.24776540746169798,15.170474380357629,0.21331594692030376,34.69820907325178,28.134329357339087,24.00600443131395,0.0,0.30089668615984405,0.0,0.33277581690504593,0.8844350011660146,0.10260351973239211,86.71828200915489,0.8573857127018737,-0.14775725593667546,1.6633100322476018,0.9908720658482961,0.3170145738262012,0.08787395667260621,-0.15522478736330497,-0.09922782709100093,0.661938613472689,0.48017169234112544,0.32924418878125583,Biotechnology,Healthcare,NVO
2015Q1,2015,Q1,2015-03-31,2015-03-31,9876000000.0,25200000000.0,13857000000.0,3.79,21326000000.0,0.8462698412698413,77457000000.0,32108000000.0,43461000000.0,41989000000.0,45349000000.0,12288000000.0,34790000000.0,955953471113.29,950563471113.29,12.364924712134632,1.0350568005906309,0.00766877106007204,0.01850006228977202,0.3351872090554902,12.364924712134632,0.3075868942319671,37.93466155211468,24.1989031772299,29.77306188841691,1.306703118671527,0.3152669270833333,0.013499611006141351,0.3253418025485108,0.7363595227321441,0.12750300166544018,288.8949746489242,0.8462698412698413,0.5173351202328074,2.361631306828064,1.0851388435718854,0.10366231632797271,0.03594675993393569,0.5126359319957114,0.5132685377306978,1.2698229729632433,0.5217635045283974,0.0636556009712203,Biotechnology,Healthcare,NVO
2014Q4,2014,Q4,2014-12-31,2014-12-31,6529000000.0,24585000000.0,9157000000.0,2.4978002218906616,20586000000.0,0.837339841366687,77062000000.0,40294000000.0,46293000000.0,33689000000.0,36768000000.0,11357000000.0,41277000000.0,677283530404.7999,663607530404.7999,15.415279850032519,1.3741280536673692,0.009343126313877138,0.017868665309971707,0.1745328859998651,15.415279850032519,0.1620340497344518,27.548648786040264,25.93366252124368,16.808545451054748,0.0,0.3521176366998327,0.0,0.3190288339259298,0.9924010804713704,0.08472398847681088,118.0347735107703,0.837339841366687,0.011255150563020828,2.206388403649571,1.1472331508929074,0.2864041112888838,0.09366200924400998,0.004461538461538461,0.068619442175283,0.5008641768344932,0.4624700309527084,0.15980962875097793,Biotechnology,Healthcare,NVO
2014Q3,2014,Q3,2014-09-30,2014-09-30,6500000000.0,22249000000.0,8569000000.0,2.47,18823000000.0,0.8460155512607308,71283000000.0,37967000000.0,41171000000.0,30031000000.0,33316000000.0,11285000000.0,38743000000.0,731858093011.9799,720038093011.9799,14.525039213435862,1.3709500183144085,0.003984119635817796,0.007480180156451656,0.1722417631693368,14.525039213435862,0.17120130639766112,32.89397694332239,28.148388192768458,19.276163326361836,0.0,0.3035888347363757,0.0,0.31212210484968367,0.9949052645599548,0.09118583673526648,65.84418290706071,0.8460155512607308,-0.07142857142857141,1.6915994061900954,1.0278177216687587,0.24200455739134427,0.04816794743289898,-0.07063197026022305,-0.018779342723004695,0.6677679786344295,0.45064135892752333,0.15513994534987985,Biotechnology,Healthcare,NVO
2014Q2,2014,Q2,2014-06-30,2014-06-30,6994000000.0,21629000000.0,8733000000.0,2.66,17958000000.0,0.8302741689398493,63681000000.0,36661000000.0,34215000000.0,23748000000.0,27020000000.0,10699000000.0,36105000000.0,661970813575.4099,657375813575.4099,13.945376393168246,1.4407529055078323,0.006375528022487084,0.011074438776901886,0.1833117357373715,13.945376393168246,0.19077493794495512,30.605705930713853,23.662096567608305,18.05654001733204,0.0,0.3431161790821572,0.0,0.339646048271855,0.9811352534950312,0.1098286773134844,91.48297589488804,0.8302741689398493,0.09465020576131686,1.6818833833199804,0.9080526613128825,0.2335562040043944,0.06405166795046513,0.08299783214617529,0.08714054525084028,0.8312164424893975,0.4630994227131032,0.07346124889791285,Biotechnology,Healthcare,NVO
2014Q1,2014,Q1,2014-03-31,2014-03-31,6458000000.0,20343000000.0,8033000000.0,2.43,16877000000.0,0.8296219829916924,63241000000.0,33583000000.0,34506000000.0,26397000000.0,29658000000.0,10299000000.0,32365000000.0,652409372538.0,650573372538.0,12.709279442930669,1.3071939993181043,0.012713271453645578,0.023940684274781885,0.18174024331222546,12.709279442930669,0.19229967543102164,32.07046023388881,25.255859884561787,19.426774634130364,1.837410963146485,0.3365375279153316,0.018187966788151648,0.32167423032526365,0.8813501534265258,0.10211729732293923,199.63567091126072,0.8296219829916924,0.07087807698661826,1.7500550489259594,0.8707713488472416,0.2313951720587157,-0.07765876052027544,0.06690897075830167,0.09233070437856948,0.7149335406904523,0.4020796570527607,0.04472850459893724,Biotechnology,Healthcare,NVO
2013Q4,2013,Q4,2013-12-31,2013-12-31,6053000000.0,21698000000.0,7354000000.0,2.269165885660731,18298000000.0,0.8433035302792884,70337000000.0,42569000000.0,42058000000.0,24225000000.0,27768000000.0,9552000000.0,41137000000.0,534897031635.99994,524384031635.99994,15.958388003748828,1.7361403508771929,0.003056712683225045,0.00505062369329794,0.13355970655472804,15.958388003748828,0.14219267542108108,24.651904859249697,22.092228301503383,12.565412192816368,0.0,0.3559463986599665,0.0,0.3084862874447304,1.223653250773994,0.08605712498400557,118.41864769448748,0.8433035302792884,-0.05135205448966088,1.9616567656283361,0.9678414429016795,0.48594110198477297,0.07724008006593665,-0.05643024162120031,-0.07982982982982983,0.6607580024805351,0.45693332158433825,0.24679628174831916,Biotechnology,Healthcare,NVO
2013Q3,2013,Q3,2013-09-30,2013-09-30,6415000000.0,20511000000.0,7992000000.0,2.392,16986000000.0,0.8281409975135293,68134000000.0,39125000000.0,40907000000.0,25659000000.0,29009000000.0,9340000000.0,37818000000.0,497984566440.9001,489226566440.9001,14.667291471415183,1.594255426945711,0.009833563272375025,0.017124600638977635,0.15523793687739434,14.667291471415183,0.16396166134185303,24.27890236657891,19.407036883901014,12.728040036828116,0.0,0.37740899357601715,0.0,0.301039128775648,1.1842238590747887,0.09415269909296387,95.49080852174498,0.8281409975135293,-0.039357429718875625,1.7791978415699057,1.10635827499943,0.40438087264757405,-0.0443344210644762,-0.04737154737154737,-0.06907396622015143,0.9373150911260733,0.4249533802001043,0.23625781489163689,Biotechnology,Healthcare,NVO
2013Q2,2013,Q2,2013-06-30,2013-06-30,6734000000.0,21380000000.0,8585000000.0,2.49,17774000000.0,0.8313376987839102,64289000000.0,35357000000.0,36525000000.0,25420000000.0,28932000000.0,9660000000.0,34130000000.0,486175928002.05005,478821928002.05005,13.151199553654454,1.4368607395751376,0.011137208542674486,0.020250586871058063,0.1846126232917863,13.151199553654454,0.19045733518115224,22.739753414501873,18.049299376375483,13.750485844445231,0.0,0.3732919254658385,0.0,0.3325607802267884,1.0228560188827696,0.10474575743906422,76.06006383010795,0.8313376987839102,0.1446840521564694,2.1431856559978923,1.2214281894299963,0.23491299702461832,0.0855014046659338,0.12571046472751587,0.1352816715154721,1.061400188996559,0.508443435147112,0.14171258203273399,Biotechnology,Healthcare,NVO
2013Q1,2013,Q1,2013-03-31,2013-03-31,5982000000.0,19983000000.0,7562000000.0,2.1752727272727275,16374000000.0,0.8193964870139618,62447000000.0,33801000000.0,35799000000.0,25626000000.0,28646000000.0,9593000000.0,32508000000.0,517261298400.0,510377298400.0,12.291272727272727,1.3969796300632171,0.004804073854628725,0.008875477056891809,0.17074612075206738,12.291272727272727,0.17697701251442266,25.88506722714307,21.61740631895687,15.30313595455756,1.624038783015714,0.37621182111956636,0.01878161004902276,0.3199993594568194,1.0008585030828065,0.09579323266129677,83.78057959183674,0.8193964870139618,0.029238511965879645,2.1026233803856087,1.127328282541542,0.22212211759707864,-0.08057723622887304,0.039443961772371854,-0.0013206550449022716,0.9226688546110933,0.5612922733256211,0.09708832399827655,Biotechnology,Healthcare,NVO
2012Q4,2012,Q4,2012-12-31,2012-12-31,5755000000.0,20962000000.0,7572000000.0,2.1134777818582444,17809000000.0,0.8495849632668638,65669000000.0,40632000000.0,40163000000.0,21638000000.0,25037000000.0,9543000000.0,39001000000.0,501271142573.60004,490218142573.60004,14.921777451340434,1.856132729457436,0.0076139426517839465,0.012305571962984839,0.14216846027157684,14.921777451340434,0.1416371332939555,23.91332614128423,21.775462318575155,12.336856235814137,0.0,0.33039924552027666,0.0,0.3192069317333902,1.3720769017469268,0.08763647992203323,1347.5030714344086,0.8495849632668638,0.022980533329256817,5.724421455136891,1.2082783443781961,0.46320364307056333,0.08856968215158924,0.015528498323628022,-0.037131230925737536,1.7130394944043414,0.7574502304414107,0.24522136788205004,Biotechnology,Healthcare,NVO
2012Q3,2012,Q3,2012-09-30,2012-09-30,5667000000.0,19845000000.0,7864000000.0,2.066,16360000000.0,0.8243890148652053,66620000000.0,35660000000.0,40895000000.0,26226000000.0,30960000000.0,9414000000.0,34607000000.0,499696187093.74,487305187093.74,13.095850165258906,1.559330435445741,0.016376463524467127,0.030594503645541223,0.1647816145239296,13.095850165258906,0.15891755468311833,25.179953998172838,22.04412330570584,14.012792683503644,0.0,0.3701933290843425,0.0,0.29788351846292405,1.196370014489438,0.08506454518162714,72.16871564034373,0.8243890148652053,0.06825232678386758,2.012002772757583,1.193479006994885,0.24822040256425282,0.01969583644976315,0.06004489337822671,0.027570887233764538,1.252639043757786,0.7362443631930496,0.11979770582101439,Biotechnology,Healthcare,NVO
2012Q2,2012,Q2,2012-06-30,2012-06-30,5346000000.0,19468000000.0,7653000000.0,1.934,16044000000.0,0.8241216355044175,60978000000.0,31334000000.0,35918000000.0,23853000000.0,29644000000.0,9431000000.0,30839000000.0,476640897541.12006,468462897541.12006,11.412857403023128,1.505806397518132,0.014595427859227919,0.02840365098614923,0.18286645826900016,11.412857403023128,0.17061339120444247,24.483300675011304,22.289604262117475,15.211619887059426,0.0,0.3630580002120666,0.0,0.31926268490275184,1.1092944283737896,0.0876709632982387,96.44696429403481,0.8241216355044175,0.1622596153846154,0.6947285756708065,1.1332082275129252,0.08320122467615307,0.11820462782269306,0.14622641509433962,0.19859044635865308,0.9628894203923005,0.6444772590871546,0.00953897965877658,Biotechnology,Healthcare,NVO
2012Q1,2012,Q1,2012-03-31,2012-03-31,4664000000.0,17751000000.0,6385000000.0,1.664,14348000000.0,0.808292490563912,61210000000.0,32358000000.0,36353000000.0,21993000000.0,28852000000.0,9546000000.0,31287000000.0,431319233259.2,423781233259.2,11.624932638764147,1.652935024780612,0.01460545662473452,0.027628407194511404,0.14785775161627157,11.624932638764147,0.1441374621422832,24.29830619453552,23.11959869528302,13.329601126744546,1.6599485420240137,0.3564843913681123,0.01794958212621014,0.2900016337199804,1.2149320238257628,0.0761966998856396,67.88152868416745,0.808292490563912,-0.0001450202601834886,2.115349708728174,1.062655380752936,0.24366389714331632,-0.04333911188158421,-0.0053316272126252935,0.049991777668146685,0.8854248355094692,0.5496580261176619,0.12633340002956506,Biotechnology,Healthcare,NVO
2011Q4,2011,Q4,2011-12-31,2011-12-31,4689000000.0,18120000000.0,6081000000.0,1.6642413487133985,14998000000.0,0.8277041942604857,64698000000.0,37448000000.0,39591000000.0,20779000000.0,27250000000.0,9433000000.0,37111000000.0,372696904083.0,360141904083.0,13.291215616681455,1.9053371192068915,0.01318433336424619,0.022778252510147406,0.1281133087089404,13.291215616681455,0.12521362956633197,20.5682618147351,19.870809558701215,9.95238474906537,0.0,0.33096575850736776,0.0,0.28007048131317813,1.449059146253429,0.07247519243253268,138.60055934659724,0.8277041942604857,0.12600903160581764,2.0904314722298523,0.96388450536235,0.4121540275163462,0.1292824335516904,0.116162818376577,0.0839572192513369,1.1721248680857344,0.5558549089456347,0.23759138927624446,Biotechnology,Healthcare,NVO
2011Q3,2011,Q3,2011-09-30,2011-09-30,4201000000.0,16532000000.0,5610000000.0,1.478,13281000000.0,0.8033510766997338,62013000000.0,35428000000.0,38794000000.0,20355000000.0,26585000000.0,9055000000.0,34855000000.0,307153138992.0,294434138992.0,12.574267968056787,1.9058707934168508,0.0353796784545176,0.06192841820029355,0.1148151776328538,12.574267968056787,0.11857852546008807,18.579309157512704,18.278572898833612,8.66978488743367,0.0,0.3590281612368857,0.0,0.26658926354151546,1.3474330631294522,0.06774386015835389,43.51843850835931,0.8033510766997338,0.024965325936199746,1.6869409786051675,0.959071020777523,0.4221107048982326,0.029375290652611998,0.0162070633768747,0.06552706552706553,0.7231218440183009,0.6073531607899121,0.20397562537701333,Biotechnology,Healthcare,NVO
2011Q2,2011,Q2,2011-06-30,2011-06-30,4134000000.0,16001000000.0,5265000000.0,1.442,12902000000.0,0.8063246047122055,61528000000.0,36966000000.0,37875000000.0,18600000000.0,24562000000.0,8992000000.0,35440000000.0,366008785924.32,354825785924.32,12.991038481813389,2.036290322580645,0.022575087764920038,0.037575068982308064,0.10571444974113316,12.991038481813389,0.11183249472488233,22.874119487802012,22.134058171523947,9.901227774828762,0.0,0.3446396797153025,0.0,0.2600604602782473,1.4295698924731184,0.06718892211675985,96.4450028786087,0.8063246047122055,0.02124645892351277,1.687740246689343,0.8659479968296004,0.45026314634205966,0.02592239185750636,0.01497667566904002,-0.02823920265780731,0.8231350688486706,0.5708081788373122,0.21987368533088278,Biotechnology,Healthcare,NVO
2011Q1,2011,Q1,2011-03-31,2011-03-31,4073000000.0,15693000000.0,5418000000.0,1.412,12576000000.0,0.8013764098642707,59001000000.0,34768000000.0,35467000000.0,18253000000.0,24233000000.0,8959000000.0,33258000000.0,375036069477.7199,366251069477.7199,12.165150454863541,1.9430778502164028,0.02562668429348655,0.04348826507132996,0.11498215934456434,12.165150454863541,0.11714795213989876,23.89830303177977,23.019645806390862,10.786817460817991,1.3994598575988215,0.3479182944525059,0.01519853812444732,0.2659785427365638,1.3305210102448912,0.06903272825884307,83.34134877282665,0.8013764098642707,0.033415103902686205,2.8214422699374353,0.9948979656008333,0.462509768734333,-0.03550885804126083,0.03218449062341612,0.2472375690607735,1.0326730616303137,0.6074973652253147,0.20958177112092732,Biotechnology,Healthcare,NVO
2010Q4,2010,Q4,2010-12-31,2010-12-31,3946000000.0,16124000000.0,4344000000.0,1.3663434903047091,13039000000.0,0.8086703051352022,61402000000.0,36965000000.0,37293000000.0,18476000000.0,24437000000.0,9689000000.0,36097000000.0,364328986625.6,354535986625.6,12.799515235457063,2.0184563758389262,0.03622031855639882,0.060165020965778436,0.09296577372974572,12.799515235457063,0.10674962802651157,22.595446950235672,23.082170972225036,9.856052661317463,0.0,0.3184023119000929,0.0,0.2625973095338914,1.3639857111928988,0.0642650076544738,103.70879209382294,0.8086703051352022,0.11084836610138957,2.7481777991542757,0.9421226796624802,0.5164114987380584,0.030913978494623656,0.100697350069735,-0.1522248243559719,3.347275168993407,0.6015641499055612,0.25509828726038114,Biotechnology,Healthcare,NVO
2010Q3,2010,Q3,2010-09-30,2010-09-30,3585000000.0,15584000000.0,5124000000.0,1.23,12648000000.0,0.8116016427104723,57162000000.0,34264000000.0,33923000000.0,16929000000.0,22898000000.0,9764000000.0,33690000000.0,307492600562.56,297136600562.56,11.86426592797784,2.003839565243074,0.03491830236870648,0.05825356058837264,0.10880716872984915,11.86426592797784,0.10462876488442681,19.73130137080082,21.442998644529982,8.974217854382442,0.0,0.30069643588693157,0.0,0.2726286693957524,1.2992498080217378,0.06271648997585809,56.75389452981912,0.8116016427104723,0.02159468438538208,1.3197917569504507,1.006864443762494,0.4598187457964342,0.017947686116700202,0.010428410372040587,0.01646498710573299,0.7965601702141247,0.6240962778178664,0.13083294370885687,Biotechnology,Healthcare,NVO
2010Q2,2010,Q2,2010-06-30,2010-06-30,3548000000.0,15394000000.0,5041000000.0,1.204,12425000000.0,0.8071326490840587,57048000000.0,33635000000.0,33780000000.0,18288000000.0,23413000000.0,10046000000.0,33053000000.0,281594064795.2,274489064795.2,11.518835616438356,1.8471128608923884,0.07512971532744356,0.12742678757246914,0.10235476293551798,11.518835616438356,0.10548535751449382,18.29245581364168,19.84174639199549,8.37205484748625,0.0,0.2955405136372686,0.0,0.2698429392792035,1.1643700787401574,0.06219324077969429,81.7636657361208,0.8071326490840587,0.07308377896613177,1.3922929796695043,1.1083641121645142,0.48973593843304275,0.13119082301529497,0.06738868832731648,0.15038795070743952,0.057531727496995595,0.5859956480369949,0.09325968124899667,Biotechnology,Healthcare,NVO
2010Q1,2010,Q1,2010-03-31,2010-03-31,3324000000.0,13674000000.0,4382000000.0,1.122,10984000000.0,0.8032762907708059,54155000000.0,32916000000.0,31383000000.0,15520000000.0,21239000000.0,10273000000.0,32330000000.0,248629638616.32,241106638616.32,11.20353982300885,2.0221005154639173,0.037004893361647126,0.06088224571636894,0.09662224068992802,11.20353982300885,0.1009843237331389,18.182656034541466,18.699581725054152,7.553458458388626,1.3237063778580025,0.261851455271099,0.01769700516996683,0.2524974609915982,1.2269329896907217,0.06137937401901948,72.97611934732022,0.8032762907708059,0.44029444683598806,2.065340446902054,1.1349119864689676,0.45029872498647877,0.053419008343723026,0.43090830822212656,0.3612923268095682,1.1035300103620882,0.5053547587612867,0.1985822568658598,Biotechnology,Healthcare,NVO
2009Q4,2009,Q4,2009-12-31,2009-12-31,2323000000.0,13062000000.0,3219000000.0,0.7790073775989269,10427000000.0,0.798269790231205,54742000000.0,35734000000.0,32666000000.0,13415000000.0,19008000000.0,10016000000.0,35146000000.0,197677814754.0,187769814754.0,11.983232729711602,2.435035408125233,0.025355303057981074,0.03884255890748307,0.06732513468381607,11.983232729711602,0.06500811552023283,15.133809122186495,21.273979202970295,5.531925190406896,0.0,0.2630790734824281,0.0,0.23861020788425705,1.542154304882594,0.042435424354243544,82.3314513760933,0.798269790231205,-0.1495552646299925,0.8352837437176323,0.8575668153339909,0.5235423025030407,0.0605166802278275,-0.15680580762250454,-0.15600419507079183,0.4465864092922268,0.3375921623371335,0.2731845491009391,Biotechnology,Healthcare,NVO
2009Q3,2009,Q3,2009-09-30,2009-09-30,2755000000.0,12517000000.0,3814000000.0,0.916,9832000000.0,0.7854917312455061,52589000000.0,34874000000.0,31008000000.0,12935000000.0,17715000000.0,9748000000.0,33565000000.0,192157906420.2,183121906420.2,11.694835680751174,2.3972168534982607,0.02266633706668695,0.034180191546711015,0.08077150428293285,11.694835680751174,0.07899868096576246,15.351754128001918,17.43719658985481,5.510062121356885,0.0,0.2754411161263849,0.0,0.23801555458365817,1.6436026285272516,0.05238738139154576,45.29889354554456,0.7854917312455061,-0.06720977596741338,1.5183413717236303,0.9084910635825375,0.5485007934686198,-0.05379655471080743,-0.07890337679705783,-0.06748166259168704,0.6648815251974646,0.40146198420513574,0.32264964098679405,Biotechnology,Healthcare,NVO
2009Q2,2009,Q2,2009-06-30,2009-06-30,2991000000.0,13001000000.0,4090000000.0,0.982,10391000000.0,0.7992462118298592,51246000000.0,34086000000.0,29727000000.0,12475000000.0,17160000000.0,9900000000.0,33369000000.0,174206764401.20068,166775764401.20068,11.305019056203918,2.3829258517034067,0.027943644382000546,0.04201138297248137,0.08867720514087547,11.305019056203918,0.08774863580355571,13.399489608584007,14.56091310608498,5.110801044452288,0.0,0.2636363636363636,0.0,0.2536978495882605,1.5893386773547094,0.05836553096827069,84.48436682890431,0.7992462118298592,0.11337868480725621,1.8514595420191726,1.1241386551065171,0.5409874118532173,0.04014014014014014,0.1081882178584661,0.07349081364829396,0.8352155666012423,0.4308134635527145,0.2620432561153233,Biotechnology,Healthcare,NVO
2009Q1,2009,Q1,2009-03-31,2009-03-31,2699000000.0,12498000000.0,3810000000.0,0.882,9990000000.0,0.799327892462794,50205000000.0,31345000000.0,28663000000.0,14141000000.0,18860000000.0,9930000000.0,31691000000.0,163850981259.6,158262981259.6,10.321040500493908,2.0269429319001486,0.04901902200975999,0.07851331950869357,0.08678527636460215,10.321040500493908,0.08610623703940022,13.110176128948632,15.17700826783994,5.227340285838252,0.0,0.2525679758308157,0.0,0.24893934867045114,1.3247295099356482,0.05375958569863559,45.413243142904655,0.799327892462794,0.15116364290113724,1.823762709581129,1.1429663191267876,0.46838534114603764,-0.01667599397225337,0.1444095614125618,0.11622494481498132,1.383050304788429,0.4951083451157006,0.240808538413128,Biotechnology,Healthcare,NVO
2008Q4,2008,Q4,2008-12-31,2008-12-31,2358421400.0,12723748050.0,3413290500.0,0.7661812509794029,10159418400.0,0.7984611421160607,50726463600.0,33058056000.0,29137092400.0,12987857600.0,17668407600.0,9633909200.0,33512738000.0,168477759617.61942,161994529217.61942,10.73958313854647,2.2434102141680397,0.04576610777180217,0.07022653721682848,0.07317559582131082,10.73958313854647,0.07134180545885699,13.241205260868036,17.8591662645212,5.096420661203411,0.0,0.2661774775705796,0.0,0.2508305753448975,1.4559308072487644,0.046492919723266496,69.2207380897474,0.7984611421160607,-0.10632324901858438,0.92679604246073,0.9518733032329759,0.4546153243365665,0.17702739659132585,-0.11456078695849678,0.028042433003985668,1.1018020544810512,0.4378918874849142,0.27236282494754055,Biotechnology,Healthcare,NVO
2008Q3,2008,Q3,2008-09-30,2008-09-30,2663561050.0,11236732700.0,3320184450.0,0.857336,8631420500.0,0.7681432610744581,48950215400.0,32148069850.0,27122782700.0,12306393400.0,16802145550.0,9229795050.0,31915074450.0,166792627830.94785,161433733630.94785,10.44395559429974,2.203958691910499,0.036347901341410645,0.05534508318234228,0.07435716316698551,10.44395559429974,0.08285290726404217,14.84351655272069,15.655040817531463,5.188262580278916,0.0,0.2822719449225473,0.0,0.22955430549545652,1.4539586919104992,0.05441367373431415,52.09604255939675,0.7681432610744581,0.08522245836618617,1.6146751397339518,0.8628355768232151,0.0,0.008440614106792853,0.07665844649609166,0.16566441480068614,0.6170736432607916,0.35764570855997513,0.28505903773373154,Biotechnology,Healthcare,NVO
2008Q2,2008,Q2,2008-06-30,2008-06-30,2473914600.0,11113658500.0,2848319300.0,0.7900094523391346,8559175800.0,0.7701492537313432,48501996200.0,33061356800.0,26232025500.0,11028351100.0,15440639400.0,9246374300.0,31165636800.0,194004676417.3716,189364901717.3716,10.649494810841546,2.3785990545767084,0.028727770177838577,0.042144495412844034,0.06278467763603772,10.649494810841546,0.07482798165137615,17.456418731722916,19.60502965799341,5.868019198092064,0.0,0.27626858021527423,0.0,0.22913816689466485,1.5406102277610658,0.051006449091264415,80.07223018666475,0.7701492537313432,0.1360912490945671,1.1427922423403818,0.898383221980016,0.0,0.04485751962279697,0.1366019147992814,0.007132139505189711,0.5689411126624089,0.43166815791168417,0.37730372011093216,Biotechnology,Healthcare,NVO
2008Q1,2008,Q1,2008-03-31,2008-03-31,2176588450.0,10604376700.0,2828148550.0,0.695375,8191715750.0,0.7724844167408726,47488344100.0,31222948850.0,24726233650.0,11586438300.0,16265395250.0,9291813600.0,29476012350.0,203335082327.65332,200440833477.65332,10.057319600302852,2.134066829665852,0.032610857029230465,0.04959927415696356,0.06554159594625161,10.057319600302852,0.06971117495841524,19.174637800980168,23.354792028742654,6.512359972932324,0.0,0.25965447154471544,0.0,0.22330483197454762,1.3321108394458028,0.04583416186120501,72.74702111655651,0.7724844167408726,1.2124645025861192,1.2350431317123274,0.9444944506607869,0.0,-0.025225178774217635,1.1916900712670586,1.47896978971236,0.8995649434272422,0.5668581177898958,0.3019204665247904,Biotechnology,Healthcare,NVO
2007Q4,2007,Q4,2007-12-31,2007-12-31,993109600.0,11015029900.0,1140856400.0,0.3142988279302044,8403700600.0,0.7629303484686865,47795444000.0,32223314000.0,24332412000.0,10657576000.0,15572130000.0,9031324000.0,30699342000.0,209442715763.17792,205980537763.17792,10.198018247157158,2.283109404990403,0.028568371495827093,0.04237422631328361,0.024603826443453793,10.198018247157158,0.030819598505603736,19.01426665788514,52.723968171080486,6.499726122619725,0.0,0.2891413595614552,0.0,0.2304619222702482,1.3790786948176583,0.0207783319263652,118.95877196152311,0.7629303484686865,-0.5417001516052156,-0.0659604488173066,0.8064640602694966,0.5422589413454956,0.052288308368623415,-0.5451244879321974,-0.5742199808669711,-0.2595352160236023,0.4783377448680618,0.2965710131556268,Biotechnology,Healthcare,NVO
2007Q3,2007,Q3,2007-09-30,2007-09-30,2183255800.0,10498431000.0,2679450300.0,0.685793,7986119900.0,0.7606965174129353,48407690800.0,33151015700.0,23253241200.0,10764809100.0,15256675100.0,8874046900.0,31730332500.0,204840498848.7028,201952124548.7028,10.491616815712792,2.1601164483260553,0.026542943461372464,0.03875846856782732,0.0594597727188911,10.491616815712792,0.0658578856152513,19.511534518701204,23.45585190346257,6.179011246666049,0.0,0.2831077104178929,0.0,0.21687526974536037,1.3357593401261523,0.04510142425550281,71.2207734985876,0.7606965174129353,-0.39917874658541164,1.3917663942517682,0.7848813603013882,0.0,-0.026945421376628097,-0.40226767801821645,-0.04677592345762184,0.8834358821859443,0.5106626691126639,0.3891838592174605,Biotechnology,Healthcare,NVO
2007Q2,2007,Q2,2007-06-30,2007-06-30,3652564400.0,10567132850.0,2810934350.0,1.141426,8207268200.0,0.7766788131181677,48330468100.0,33494675650.0,22933043650.0,10550630300.0,14835792450.0,8944382100.0,32130464850.0,189687707447.69998,187118810497.69998,10.536230150990878,2.173618352450469,0.026064193034372865,0.03760880275907374,0.0672144390681451,10.536230150990878,0.10904910494334046,17.950726099530392,12.983187062197997,5.663219713778598,0.0,0.26383763837638374,0.0,0.21864329615297062,1.3253388946819604,0.07557477805599817,227.5784851997872,0.7766788131181677,1.133311154679291,3.721198002002495,1.1861766056194056,0.0,0.09499502708122261,1.1387793841440503,0.20782546437934674,2.3026526182758604,0.6374855808348296,0.4361937782099747,Biotechnology,Healthcare,NVO
2007Q1,2007,Q1,2007-03-31,2007-03-31,1707779880.0,9816943820.0,2327268660.0,0.535049,7495256140.0,0.763501989766913,44748297640.0,29679651640.0,20928675000.0,10654090820.0,15068646000.0,8617033120.0,28440674080.0,160271208299.3187,158490875679.3187,9.34732660927643,1.964379256155055,0.03055624844100773,0.046069951109439636,0.053970879022110375,9.34732660927643,0.057540428732606244,16.32597794568195,23.46192418827986,5.400036706742111,0.0,0.2694300518134715,0.0,0.21938139186829633,1.1550550026191724,0.0381641307059117,76.37605108099613,0.763501989766913,-0.006434811835775802,0.9377283051152496,0.7828345369421892,0.0,-0.05114697630465823,-0.009321743672746866,0.10673147132017732,0.7089549617218628,0.6099950515836658,0.3298540366457221,Biotechnology,Healthcare,NVO
