Quarters,Year,Quarter,FillingDate,Date,NetIncome,Revenue,OperatingIncome,EPSDiluted,GrossProfit,GrossProfitRatio,TotalAssets,CommonStockEquity,CurrentAssets,CurrentLiability,TotalLiability,Inventory,RetainedEarnings,MarketCap,EnterpriseValue,bookValuePerShare,currentRatio,debtToAssets,debtToEquity,roic,shareholdersEquityPerShare,roe,priceToSalesRatio,peRatio,pbRatio,payoutRatio,inventoryTurnover,dividendYield,assetTurnover,quickRatio,returnOnAssets,priceToFreeCashFlowsRatio,grossProfitMargin,epsdilutedGrowth,fiveYNetIncomeGrowthPerShare,fiveYRevenueGrowthPerShare,fiveYShareholdersEquityGrowthPerShare,grossProfitGrowth,netIncomeGrowth,operatingIncomeGrowth,threeYNetIncomeGrowthPerShare,threeYRevenueGrowthPerShare,threeYShareholdersEquityGrowthPerShare,Industry,Sector,Symbol
2023Q1,2023,Q1,2023-05-04,2023-03-31,151000000.0,3239000000.0,658000000.0,0.21,594000000.0,0.1833899352,39357000000.0,2362000000.0,7643000000.0,6776000000.0,34894000000.0,864000000.0,-1484000000.0,16527636354.88,39917636354.88,3.4413245051344767,1.1279515938606848,0.6309169906242854,10.512701100762065,0.01762301480195028,3.4413245051344767,0.06392887383573242,5.10269723830812,27.36363634913907,6.997305823403894,0.7350993377483444,3.0613425925925926,0.0067160238534184485,0.08229793937546052,0.6083234946871311,0.0038366745432832786,-17.848419389719222,0.18338993516517443,1.1448275862068966,-0.7873976607060764,0.13843326787244317,-0.28759301663204223,0.055062166962699825,1.1558307533539731,0.38526315789473686,0.02055555609624722,0.3483065286235116,-0.09460229640416284,Utilities—Diversified,Utilities,AES
2022Q4,2022,Q4,2023-03-01,2022-12-31,-969000000.0,3060000000.0,475000000.0,-1.45,563000000.0,0.1839869281,38363000000.0,2437000000.0,7643000000.0,6491000000.0,33859000000.0,1055000000.0,-1635000000.0,19237244447.64,41361244447.64,3.643355481122366,1.1774765059312895,0.6125172692438027,9.642183011899878,0.019940733423879493,3.643355481122366,-0.39762002462043494,6.286681192039215,-4.963169362136223,7.8938220958719745,-0.10939112487100103,2.366824644549763,0.005510144672149443,0.07976435628079138,0.6012940995224156,-0.025258712822250607,-24.854320991782945,0.18398692810457518,-3.457627118644068,0.2875388051943253,48.1771179323626,-0.024497112559528765,-0.3688340807174888,-3.3016627078384797,-0.4941427050053248,-11.33227702325173,0.2495411563103357,-0.19252735665378806,Utilities—Diversified,Utilities,AES
2022Q3,2022,Q3,2022-11-04,2022-09-30,421000000.0,3627000000.0,939000000.0,0.59,892000000.0,0.2459332782,37775000000.0,3409000000.0,7628000000.0,5902000000.0,32314000000.0,998000000.0,-732000000.0,15096800000.0,35748800000.0,5.1032934131736525,1.2924432395798036,0.5878226340172071,6.513640363743034,0.028044326953996872,5.1032934131736525,0.1234966265767087,4.162338020402537,8.964845605700713,4.4285127603402765,0.2494061757719715,2.7404809619238475,0.0069551163160404845,0.09601588352084713,0.6796001355472722,0.01114493712772998,-56.331343283582086,0.2459332781913427,3.8095238095238093,1.736566341002206,-0.01333621303648211,0.05717942645781881,0.5843694493783304,3.9858156028368796,0.5520661157024793,0.9927573424579414,0.37344054747647554,0.07916777909149844,Utilities—Diversified,Utilities,AES
2022Q2,2022,Q2,2022-08-04,2022-06-30,-141000000.0,3078000000.0,605000000.0,-0.21,563000000.0,0.1829109812,36070000000.0,2995000000.0,6923000000.0,5989000000.0,31217000000.0,871000000.0,-1153000000.0,14034680000.000002,34335680000.0,4.483532934131737,1.155952579729504,0.5926254505128916,7.137228714524207,0.021876666940215832,4.483532934131737,-0.04707846410684474,4.559675113710202,-24.88418439716312,4.6860367278798,-0.75177304964539,2.8874856486796787,0.0075527194064987585,0.08533407263654007,0.5585239605944231,-0.003909065705572498,-28.93748453608248,0.18291098115659518,-1.7241379310344829,-3.628516551802056,-0.12359143384700348,-0.02047939870011708,0.062264150943396226,-1.6911764705882353,0.10401459854014598,-9.244452271926736,0.23220654944641517,-0.07198694879567538,Utilities—Diversified,Utilities,AES
2022Q1,2022,Q1,2022-05-05,2022-03-31,204000000.0,2852000000.0,548000000.0,0.29,530000000.0,0.1858345021,34648000000.0,3044000000.0,6142000000.0,5753000000.0,29934000000.0,688000000.0,-974000000.0,17187640000.0,36383640000.0,4.5568862275449105,1.0676168955327656,0.5845070422535211,6.6530880420499345,0.018177135364635364,4.5568862275449105,0.06701708278580815,6.026521739130435,21.06328431372549,5.646399474375821,0.5147058823529411,3.375,0.00610904114817392,0.08231355345185869,0.5247696853815401,0.005887785730778111,-55.623430420711976,0.18583450210378682,1.1464646464646464,9.385479041916168,-0.19427982522926665,0.004008032080272899,-0.0518783542039356,1.1544284632853898,1.9163879598662208,0.32269227778209814,0.07461529770647383,-0.06015982876547458,Utilities—Diversified,Utilities,AES
2021Q4,2021,Q4,2022-02-28,2021-12-31,-1321000000.0,2770000000.0,-598000000.0,-1.98,559000000.0,0.2018050542,32963000000.0,2798000000.0,5356000000.0,4732000000.0,28396000000.0,604000000.0,-1089000000.0,16165894739.4,33921894739.4,4.205854429714264,1.1318681318681318,0.5672723963231502,6.682987848463188,-0.024033590645361473,4.205854429714264,-0.4721229449606862,5.836063082815884,-3.0594047576457233,5.777660736025733,-0.0757002271006813,3.660596026490066,0.006185862373350546,0.08403361344537816,0.547971259509721,-0.040075235870521496,-273.99821592203386,0.20180505415162456,-5.125,-0.3789447084043131,-0.225723098795702,-0.007954581458107164,-0.2644736842105263,-4.85131195335277,-1.8294036061026353,-11.450949372783299,0.06981818942323102,-0.11676504892053975,Utilities—Diversified,Utilities,AES
2021Q3,2021,Q3,2021-11-03,2021-09-30,343000000.0,3036000000.0,721000000.0,0.48,760000000.0,0.2503293807641634,35030000000.0,3482000000.0,5690000000.0,4658000000.0,29266000000.0,577000000.0,-457000000.0,15059019239.55,33659019239.55,5.278833816163945,1.2215543151567196,0.5712532115329717,5.746984491671453,0.024091120599571525,5.278833816163945,0.09850660539919587,4.960151264673913,10.975961544861516,4.324818851105686,0.2944606413994169,3.9445407279029463,0.006706944084030411,0.08666856979731659,0.6399742378703306,0.009791607193833856,62.745913498125,0.2503293807641634,11.0,0.9581714274296378,-0.14365681016196605,0.2070615839181262,0.04395604395604396,11.25,0.055636896046852125,2.4083168296958113,0.07401326226489074,0.057363989803489175,Utilities—Diversified,Utilities,AES
2021Q2,2021,Q2,2021-08-04,2021-06-30,28000000.0,2700000000.0,683000000.0,0.04,728000000.0,0.2696296296296296,34727000000.0,3265000000.0,5530000000.0,4337000000.0,29330000000.0,445000000.0,-800000000.0,18249000000.0,37045000000.0,4.664285714285715,1.2750749365921143,0.5761799176433323,6.12833078101072,0.01602745883488343,4.664285714285715,0.008575803981623277,6.7588888888888885,162.9375,5.58928024502297,3.5714285714285716,4.431460674157304,0.0054797523151953525,0.07774930169608661,0.661517177772654,0.0008062890546260835,-84.48611111111111,0.2696296296296296,1.1818181818181819,1.054688796680498,-0.2128036101402468,0.11126691457494062,0.0963855421686747,1.1891891891891893,0.10517799352750809,-0.9088275862068966,0.004955233965876422,-0.06827051763588476,Utilities—Diversified,Utilities,AES
2021Q1,2021,Q1,2021-05-06,2021-03-31,-148000000.0,2635000000.0,618000000.0,-0.22,664000000.0,0.2519924098671727,35203000000.0,3377000000.0,6237000000.0,5021000000.0,29535000000.0,446000000.0,-828000000.0,17855460000.0,35853460000.0,5.07057057057057,1.2421828321051582,0.5648382240149987,5.888066331063074,0.002952008368800426,5.07057057057057,-0.04382588095943145,6.776265654648956,-30.16125,5.287373408350607,-0.6756756756756757,4.4192825112107625,0.005600527793739283,0.07485157514984518,0.6801433977295359,-0.00420418714314121,-99.75117318435754,0.2519924098671727,-1.4583333333333333,-2.1657848324514988,-0.2465520836307353,0.047062526443969646,-0.2671081677704194,-1.4654088050314464,-0.2813953488372093,-1.2147498375568553,-0.045540978935139455,0.049685921436626035,Utilities—Diversified,Utilities,AES
2020Q4,2020,Q4,2021-02-25,2020-12-31,318000000.0,2560000000.0,860000000.0,0.48,906000000.0,0.35390625,34603000000.0,2634000000.0,5414000000.0,5362000000.0,29883000000.0,461000000.0,-680000000.0,15568750000.0,34360750000.0,3.9758490566037734,1.009697873927639,0.5745455596335578,7.547835990888383,0.027575552203347835,3.9758490566037734,0.12072892938496584,6.08154296875,12.239583333333334,5.910687167805619,0.29874213836477986,3.5878524945770067,0.006101967081493376,0.07398202467994104,0.5080193957478553,0.009189954628211428,108.87237762237763,0.35390625,1.96,4.6923076931764705,-0.25689404917203107,-0.17447011287872158,0.1984126984126984,1.954954954954955,0.20279720279720279,1.2360655737704918,40.84905660377359,0.06452753645374866,Utilities—Diversified,Utilities,AES
2020Q3,2020,Q3,2020-11-06,2020-09-30,-333000000.0,2545000000.0,715000000.0,-0.5,756000000.0,0.2970530451866405,34267000000.0,2004000000.0,5885000000.0,5777000000.0,30194000000.0,474000000.0,-998000000.0,12043150000.0,31884150000.0,3.013533834586466,1.0186948243032716,0.6229316835439344,10.651696606786427,0.021897564862307654,3.013533834586466,-0.1661676646706587,4.732082514734774,-9.041403903903904,6.009555888223553,-0.2882882882882883,3.7742616033755274,0.007971336402851414,0.0742697055476114,0.5700190410247533,-0.009717804301514577,14.10204918032787,0.2970530451866405,-3.166666666666667,-2.888947368421053,-0.3016450020509484,-0.42635562834757207,0.44274809160305345,-3.0120481927710845,0.4772727272727273,-3.1743173723783142,-0.30455268126262797,-0.37572745422879233,Utilities—Diversified,Utilities,AES
2020Q2,2020,Q2,2020-08-06,2020-06-30,-83000000.0,2217000000.0,484000000.0,-0.12,524000000.0,0.2363554352728913,34566000000.0,2462000000.0,5966000000.0,5448000000.0,29924000000.0,504000000.0,-665000000.0,10022250004.83,29978250004.83,3.559518070573726,1.0950807635829662,0.6183243649829312,8.681153533712429,-0.0015471445553258006,3.559518070573726,-0.033712428919577576,4.5206359967658996,-30.187500014548196,4.070775794000813,-1.144578313253012,3.359126984126984,0.00947890942195783,0.06413817045651797,0.5970998531571219,-0.0024012034947636404,164.2991804070492,0.2363554352728913,-1.5454545454545454,-2.20521739072352,-0.4242421633309317,-0.3616081721253644,0.03353057199211045,-1.5763888888888888,0.031982942430703626,-2.4943396219213456,-0.39034616882962386,-0.22234957743175793,Utilities—Diversified,Utilities,AES
2020Q1,2020,Q1,2020-05-07,2020-03-31,144000000.0,2338000000.0,469000000.0,0.22,507000000.0,0.21685201026518391,34142000000.0,2539000000.0,5751000000.0,5432000000.0,29425000000.0,461000000.0,-583000000.0,9084800000.0,28630800000.0,3.8008982035928143,1.0587260677466863,0.617714252240642,8.306419850334777,0.01432812962884591,3.8008982035928143,0.05671524222134699,3.8857142857142857,15.772222222222222,3.57810161480898,0.6597222222222222,3.9718004338394794,0.010457027122226138,0.06847870657840782,0.6108247422680413,0.004217679104914768,-44.75270935960591,0.21685201026518391,2.833333333333333,0.06873576790081817,-0.3815261044176707,-0.33470106033581765,-0.09464285714285714,2.8461538461538463,-0.062,6.919161676646707,-0.33949026345933564,-0.16255703237456876,Utilities—Diversified,Utilities,AES
2019Q4,2019,Q4,2020-02-28,2019-12-31,-78000000.0,2431000000.0,500000000.0,-0.12,560000000.0,0.23035787741670094,33648000000.0,2996000000.0,5231000000.0,5096000000.0,28419000000.0,487000000.0,-692000000.0,13213600000.0,32357600000.0,4.5120481927710845,1.02649136577708,0.5995304327151688,6.733311081441922,0.011304102978322841,4.5120481927710845,-0.0260347129506008,5.435458658988071,-42.35128205128205,4.4104138851802395,-1.1538461538461537,3.841889117043121,0.0068111642550099894,0.07224797907750832,0.5706436420722135,-0.0023181169757489303,-153.646511627907,0.23035787741670094,-1.3870967741935483,-1.4050685502982805,-0.3706013756618925,-0.2497401457346239,-0.20114122681883023,-1.3714285714285714,-0.24242424242424243,0.9184236947516092,-0.31918849424872175,0.06426810834317956,Utilities—Diversified,Utilities,AES
2019Q3,2019,Q3,2019-11-06,2019-09-30,210000000.0,2625000000.0,660000000.0,0.31,701000000.0,0.26704761904761903,33423000000.0,3140000000.0,5470000000.0,4991000000.0,28037000000.0,495000000.0,-614000000.0,10849760000.0,29465760000.0,4.728915662650603,1.095972750951713,0.5912395655686205,6.2933121019108285,0.01998347274939794,4.728915662650603,0.06687898089171974,4.1332419047619045,12.916380952380953,3.4553375796178343,0.43333333333333335,3.886868686868687,0.008387282299331968,0.07853873081411004,0.5974754558204769,0.0062830984651288035,53.44709359605911,0.26704761904761903,9.333333333333334,-0.5327313351767727,-0.3581763441968731,-0.2245739839046886,0.39641434262948205,11.352941176470589,0.45695364238410596,0.19096385542168678,-0.2644739035192152,0.08131694021052988,Utilities—Diversified,Utilities,AES
2019Q2,2019,Q2,2019-08-06,2019-06-30,17000000.0,2483000000.0,453000000.0,0.03,502000000.0,0.20217478856222312,33238000000.0,3208000000.0,5517000000.0,4042000000.0,27770000000.0,496000000.0,-824000000.0,11135280000.0,29721280000.0,4.831325301204819,1.3649183572488868,0.5943498405439557,6.158042394014963,0.010198056268854021,4.831325301204819,0.00529925187032419,4.484607329842932,163.75411764705882,3.4710972568578553,5.352941176470588,3.993951612903226,0.008172223778836276,0.07470365244599554,0.7711528946066304,0.0005114627835609844,-46.013553719008264,0.20217478856222312,-0.8695652173913043,-0.860437992571791,-0.37111878271611154,-0.16819975222666975,-0.14334470989761092,-0.8896103896103896,-0.16111111111111112,1.0350041243813428,-0.23682170614946618,0.15106412635357033,Utilities—Diversified,Utilities,AES
2019Q1,2019,Q1,2019-05-07,2019-03-31,154000000.0,2650000000.0,540000000.0,0.23,586000000.0,0.2211320754716981,33471000000.0,3234000000.0,5855000000.0,4357000000.0,27822000000.0,579000000.0,-839000000.0,11952640000.000002,30236640000.0,4.848575712143928,1.3438145512967639,0.5888679752621673,6.094619666048238,0.01588983050847458,4.848575712143928,0.047619047619047616,4.510430188679246,19.403636363636366,3.695930735930736,0.5844155844155844,3.564766839378238,0.007529717284215035,0.07917301544620717,0.7730089511131513,0.004600997878760719,64.26150537634409,0.2211320754716981,0.21052631578947373,3.8820762032776712,-0.32509109124461705,-0.16280257200281328,-0.09287925696594428,0.203125,-0.07056798623063683,0.2112277194735966,-0.2433990437797523,0.0012210389650535254,Utilities—Diversified,Utilities,AES
2018Q4,2018,Q4,2019-02-27,2018-12-31,128000000.0,2622000000.0,581000000.0,0.19,646000000.0,0.2463768115942029,32521000000.0,3208000000.0,5015000000.0,4399000000.0,26917000000.0,577000000.0,-1005000000.0,9741473691.060001,27870473691.06,4.761874996651807,1.140031825414867,0.5933089388395191,6.014650872817955,0.01096925034272887,4.761874996651807,0.0399002493765586,3.7152836350343255,19.026315802851563,3.0366189810037407,0.671875,3.4246100519930676,0.008828233050500808,0.08062482703483903,0.6987951807228916,0.003935918329694659,73.24416309067671,0.2463768115942029,0.2666666666666667,1.685291261654077,-0.23558572119568663,-0.18289304329970144,-0.037257824143070044,0.26732673267326734,-0.07484076433121019,2.4615384608547086,-0.2515324522732332,-0.011262733442506459,Utilities—Diversified,Utilities,AES
2018Q3,2018,Q3,2018-11-06,2018-09-30,101000000.0,2837000000.0,628000000.0,0.15,671000000.0,0.23651744800845964,32489000000.0,3305000000.0,5015000000.0,4047000000.0,26780000000.0,562000000.0,-1133000000.0,9301100000.0,27510100000.0,4.992447129909365,1.2391895231035335,0.5970020622364492,5.868683812405446,0.015498494572979377,4.992447129909365,0.030559757942511347,3.2784984138174127,23.02252475247525,2.8142511346444783,0.8514851485148515,3.8540925266903914,0.009246218189246433,0.087321862784327,0.7655053125772177,0.0031087444981378314,55.03609467455621,0.23651744800845964,-0.6590909090909092,0.5944427896685248,-0.20563580335896112,-0.2303353894883131,0.11833333333333333,-0.6517241379310345,0.11150442477876106,-0.42447969117153406,-0.21799154143503313,-0.04965752699510539,Utilities—Diversified,Utilities,AES
2018Q2,2018,Q2,2018-08-07,2018-06-30,290000000.0,2537000000.0,565000000.0,0.44,600000000.0,0.2364998029168309,32597000000.0,3309000000.0,5287000000.0,3994000000.0,26940000000.0,583000000.0,-1234000000.0,8864010000.0,27315010000.0,5.006051437216339,1.3237356034051078,0.601006227566954,5.920519794499849,0.015149773998314563,5.006051437216339,0.08763977032336054,3.4938943634213637,7.641387931034482,2.6787579329102447,0.296551724137931,3.322469982847341,0.009702155119409838,0.07782924809031506,0.8560340510766149,0.008896524220020248,-88.6401,0.2364998029168309,-0.5728155339805826,0.9624593475681014,-0.29521173336189466,-0.2125667669823952,-0.08536585365853659,-0.5760233918128655,-0.058333333333333334,3.4063671643754523,-0.31057025149227213,-0.10217555745576536,Utilities—Diversified,Utilities,AES
2018Q1,2018,Q1,2018-05-08,2018-03-31,684000000.0,2740000000.0,600000000.0,1.03,656000000.0,0.23941605839416058,32573000000.0,3193000000.0,5438000000.0,4876000000.0,27048000000.0,569000000.0,-1525000000.0,7515569999.999999,25989570000.0,4.8305597579425115,1.1152584085315833,0.6043655788536518,6.16536172878171,0.020154825144848024,4.8305597579425115,0.21421860319448793,2.742908759124087,2.746918859649123,2.353764484810523,0.12573099415204678,3.662565905096661,0.011442911183050655,0.08411874865686304,0.6823215750615258,0.02099898689098333,375.77849999999995,0.23941605839416058,1.5073891625615763,8.401498099701117,-0.2759203523028983,-0.22323181099348782,0.33877551020408164,1.5096870342771982,0.34831460674157305,4.130255055293942,-0.2675087642552055,-0.1544718872223948,Utilities—Diversified,Utilities,AES
2017Q4,2017,Q4,2018-02-27,2017-12-31,-1342000000.0,-64000000.0,445000000.0,-2.03,490000000.0,-7.65625,33112000000.0,2465000000.0,6398000000.0,6028000000.0,28267000000.0,562000000.0,-2276000000.0,7147800000.0,26163800000.0,3.734848484848485,1.0613802256138023,0.6029536119835709,8.099391480730223,-0.5515381185911725,3.734848484848485,-0.5444219066937119,-111.684375,-1.3315573770491804,2.899716024340771,-0.05886736214605067,0.9857651245551602,0.011052351772573379,-0.0019328340178787146,0.47047113470471136,-0.040529113312394296,34.037142857142854,-7.65625,-9.826086956521738,-9.772380952380953,-1.0158399223738903,-0.38283856291078877,-0.3108298171589311,-9.828947368421053,-0.3090062111801242,-8.01149425695793,-1.0166703588371615,-0.37897230698133016,Utilities—Diversified,Utilities,AES
2017Q3,2017,Q3,2017-11-02,2017-09-30,152000000.0,3632000000.0,644000000.0,0.23,711000000.0,0.19575991189427314,38834000000.0,3186000000.0,6660000000.0,6736000000.0,32655000000.0,660000000.0,-934000000.0,7273200000.0,27908200000.0,4.827272727272727,0.9887173396674585,0.567363650409435,6.915568110483365,0.01744122067061418,4.827272727272727,0.04770872567482737,2.002533039647577,11.962499999999999,2.28286252354049,0.5263157894736842,4.425757575757576,0.01099928504647198,0.09352629139413916,0.6410332541567696,0.003914095895349436,26.838376383763837,0.19575991189427314,1.8750000000000002,1.1097170686456401,-0.10382305725667401,-0.1849067072168338,0.06119402985074627,1.8679245283018868,0.037037037037037035,-0.6597367113760556,-0.10657850743417065,-0.20844584117270046,Utilities—Diversified,Utilities,AES
2017Q2,2017,Q2,2017-08-08,2017-06-30,53000000.0,3470000000.0,621000000.0,0.08,670000000.0,0.1930835734870317,36469000000.0,3021000000.0,6318000000.0,6411000000.0,30395000000.0,633000000.0,-1086000000.0,7332600000.0,26886600000.0,4.577272727272727,0.985493682732803,0.5694425402396556,6.8742138364779874,0.016098453001513368,4.577272727272727,0.017543859649122806,2.1131412103746396,34.5877358490566,2.42720953326713,1.490566037735849,4.423380726698262,0.010773804653192592,0.09514930488908388,0.6435813445640306,0.001453289094847679,-18.423618090452262,0.1930835734870317,3.0,-0.5617748917748917,-0.041796784640296056,-0.4288687957477767,0.12984822934232715,3.2083333333333335,0.15213358070500926,-0.5622579175210753,-0.11581015443228389,-0.21193950907795603,Utilities—Diversified,Utilities,AES
2017Q1,2017,Q1,2017-05-08,2017-03-31,-24000000.0,3492000000.0,539000000.0,-0.04,593000000.0,0.1698167239404353,36508000000.0,2991000000.0,6401000000.0,5243000000.0,30379000000.0,645000000.0,-1139000000.0,7367620000.0,26113620000.0,4.538694992412746,1.220865916460042,0.5569738139585845,6.79839518555667,0.013142818863879958,4.538694992412746,-0.00802407221664995,2.109856815578465,-76.74604166666666,2.463263122701438,-3.2916666666666665,4.4945736434108525,0.010722594270605705,0.09565026843431576,0.8308220484455464,-0.0006573901610605894,32.173013100436684,0.1698167239404353,0.9722222222222222,-1.0818088368139767,-0.1436737673114231,-0.46422555645119995,-0.1042296072507553,0.9747102212855637,-0.021778584392014518,0.5453927057715452,-0.09985195776773102,-0.21630928344697636,Utilities—Diversified,Utilities,AES
2016Q4,2016,Q4,2017-02-27,2016-12-31,-949000000.0,3544000000.0,551000000.0,-1.44,662000000.0,0.18679458239277652,36119000000.0,2794000000.0,6411000000.0,5272000000.0,30419000000.0,630000000.0,-1146000000.0,7657902780.36,26815902780.36,4.239578502258519,1.2160470409711683,0.5665439242503946,7.323908375089477,-0.0034614630757727454,4.239578502258519,-0.33965640658554047,2.160807782268623,-2.017361111791359,2.7408385040658554,-0.07586933614330875,4.574603174603174,0.009402051980165681,0.09812010299288464,0.8097496206373292,-0.026274260084719954,60.298447089448814,0.18679458239277652,-6.538461538461538,-4.3603827733121125,0.006443884351933673,-0.44527546674114904,-0.0377906976744186,-6.422857142857143,-0.14969135802469136,-4.193786406015661,0.05619100666405872,-0.27251574430067443,Utilities—Diversified,Utilities,AES
2016Q3,2016,Q3,2016-11-04,2016-09-30,175000000.0,3542000000.0,648000000.0,0.26,688000000.0,0.19424054206662902,37108000000.0,2882000000.0,7294000000.0,5713000000.0,31340000000.0,637000000.0,-114000000.0,8468150000.0,27974150000.0,4.373292867981791,1.2767372658848242,0.5613614314972513,7.227966689798751,0.020355664721925546,4.373292867981791,0.06072172102706454,2.3907820440429135,12.097357142857144,2.938289382373352,0.41714285714285715,4.480376766091052,0.00862053695317159,0.09545111566239085,0.700507614213198,0.004715964212568718,27.855756578947368,0.19424054206662902,1.356164383561644,2.5771061867970206,-0.04551416847270197,-0.454127731222552,0.1986062717770035,1.3630705394190872,0.22960151802656548,1.7752249460343241,-0.0037198959657343948,-0.3257878021935407,Utilities—Diversified,Utilities,AES
2016Q2,2016,Q2,2016-08-05,2016-06-30,-482000000.0,3229000000.0,527000000.0,-0.73,574000000.0,0.17776401362650976,36974000000.0,2766000000.0,7381000000.0,6216000000.0,31301000000.0,655000000.0,-284000000.0,8224320000.0,27739320000.0,4.197268588770865,1.1874195624195625,0.5620165521717964,7.512653651482285,0.015260264240982837,4.197268588770865,-0.1742588575560376,2.5470176525240014,-4.265726141078838,2.973362255965293,-0.14937759336099585,4.0534351145038165,0.008754523170304658,0.08733163844863959,0.6267696267696268,-0.01303618759128036,76.1511111111111,0.17776401362650976,-4.842105263157895,-4.2871470182966185,-0.1567602695077903,-0.5250666999828076,0.1388888888888889,-4.825396825396825,0.15570175438596492,-4.271641845292723,-0.10024910362979585,-0.33978529462795615,Utilities—Diversified,Utilities,AES
2016Q1,2016,Q1,2016-05-09,2016-03-31,126000000.0,3471000000.0,456000000.0,0.19,504000000.0,0.14520311149524634,36900000000.0,3201000000.0,6947000000.0,6572000000.0,30716000000.0,682000000.0,198000000.0,7799800000.0,27171800000.0,4.842662632375189,1.0570602556299453,0.55710027100271,6.422055607622618,0.00815725229396414,4.842662632375189,0.03936269915651359,2.2471333909536155,15.475793650793651,2.4366760387378945,0.5793650793650794,4.350439882697947,0.0093592143388292,0.09406504065040651,0.6685940353012781,0.0034146341463414634,0.0,0.14520311149524634,2.4615384615384617,-0.33027609682299547,-0.03080605881701779,-0.44378641394056123,-0.298050139275766,2.4823529411764707,-0.32142857142857145,0.7318549131028375,-0.08274435870195616,-0.22128563325717335,Utilities—Diversified,Utilities,AES
2015Q4,2015,Q4,2016-02-24,2015-12-31,-85000000.0,3400000000.0,672000000.0,-0.13,718000000.0,0.2111764705882353,36850000000.0,3149000000.0,6866000000.0,6950000000.0,30679000000.0,675000000.0,143000000.0,6257307693.78,25802307693.78,4.816117645925619,0.9879136690647482,0.564640434192673,6.607494442680216,0.0039058949846871153,4.816117645925619,-0.026992696093998094,1.840384615817647,-18.40384615817647,1.9870777052334077,-0.788235294117647,3.973333333333333,0.010707480481837344,0.09226594301221167,0.6070503597122302,-0.002306648575305292,782.1634617225,0.2111764705882353,-1.5,0.7707110092282622,-0.0920072663353529,-0.4278395690225859,0.06686478454680535,-1.4722222222222223,0.07006369426751592,-1.5608571427251765,-0.15058416289999244,-0.20416528284660923,Utilities—Diversified,Utilities,AES
2015Q3,2015,Q3,2015-11-05,2015-09-30,180000000.0,3721000000.0,628000000.0,0.26,673000000.0,0.18086535877452298,37000000000.0,3567000000.0,7220000000.0,6534000000.0,30539000000.0,670000000.0,370000000.0,6647409999.999999,25908410000.0,5.253313696612666,1.1049892868074687,0.5594054054054054,5.802635267731987,0.018864992216961807,5.253313696612666,0.050462573591253154,1.7864579414135981,9.232513888888889,1.8635856462012894,0.37777777777777777,4.549253731343284,0.0102295480495411,0.10056756756756757,0.6683501683501684,0.004864864864864865,16.786388888888887,0.18086535877452298,1.5999999999999999,0.8935409208588482,0.0750136478262242,-0.3791439340620866,-0.10742705570291777,1.608695652173913,-0.10795454545454546,1.1262924168194524,-0.10755439028078646,-0.11296895764700242,Utilities—Diversified,Utilities,AES
2015Q2,2015,Q2,2015-08-10,2015-06-30,69000000.0,3858000000.0,704000000.0,0.1,754000000.0,0.19543805080352514,38584000000.0,3864000000.0,7515000000.0,6563000000.0,31500000000.0,734000000.0,258000000.0,9189180000.0,28930180000.0,5.575757575757576,1.1450556148103002,0.5381246112378187,5.373447204968944,0.019653226133918057,5.575757575757576,0.017857142857142856,2.381850699844479,33.29413043478261,2.378152173913043,1.0289855072463767,4.228882833787466,0.007726478314713609,0.09998963300850093,0.6609782111839098,0.0017883060335890525,-23.205,0.19543805080352514,-0.5,-0.5194504569504569,-0.03776816733792609,-0.4204947636979938,0.04576976421636616,-0.5140845070422535,0.057057057057057055,-0.4566481137909709,0.014614520339711178,-0.3042824125626673,Utilities—Diversified,Utilities,AES
2015Q1,2015,Q1,2015-05-11,2015-03-31,142000000.0,3984000000.0,666000000.0,0.2,721000000.0,0.18097389558232932,37997000000.0,4022000000.0,7642000000.0,6582000000.0,30962000000.0,707000000.0,423000000.0,9046400000.0,28110400000.0,5.713068181818182,1.1610452749924036,0.5369108087480591,5.072352063649926,0.01945486912568957,5.713068181818182,0.035305818000994534,2.2706827309236948,15.926760563380283,2.2492292391844853,0.49295774647887325,4.615275813295615,0.007737884683409975,0.10485038292496776,0.718018839258584,0.0037371371424059796,-49.70549450549451,0.18097389558232932,-0.3103448275862068,-0.25034941662615456,-0.04351454722320485,-0.36440173101270434,0.018361581920903956,-0.3106796116504854,-0.004484304932735426,-0.5469041588909624,-0.08547180667433832,-0.3255955883383068,Utilities—Diversified,Utilities,AES
2014Q4,2014,Q4,2015-02-26,2014-12-31,206000000.0,4132000000.0,669000000.0,0.29,708000000.0,0.1713455953533398,38966000000.0,4272000000.0,7826000000.0,6997000000.0,31641000000.0,702000000.0,512000000.0,9781448281.56,29100448281.559998,6.013980579020982,1.1184793482921251,0.5352871734332495,4.882490636704119,0.01950612574978774,6.013980579020982,0.048220973782771535,2.3672430497483057,11.87068966208738,2.2896648599157303,0.17475728155339806,4.877492877492878,0.003680436573780925,0.10604116409177232,0.7084464770615978,0.005286660165272288,-188.1047746453846,0.1713455953533398,-0.5606060606060607,5.029791664319215,0.13845885115322004,-0.14196255696107057,-0.07692307692307693,-0.5778688524590164,-0.07340720221606649,2.0795215304716312,0.08865598027065683,-0.2131051311001809,Utilities—Diversified,Utilities,AES
2014Q3,2014,Q3,2014-11-06,2014-09-30,488000000.0,4441000000.0,722000000.0,0.66,767000000.0,0.17270884935825265,38983000000.0,4397000000.0,7887000000.0,7073000000.0,31417000000.0,741000000.0,413000000.0,10223780000.0,29619780000.0,6.098474341192788,1.115085536547434,0.5403894005079137,4.790993859449625,0.02405016843827885,6.098474341192788,0.1109847623379577,2.302134654357127,5.237592213114754,2.325171707982715,0.07377049180327869,4.958164642375169,0.003521202529788395,0.11392145294102557,0.7226070974126961,0.012518277197752867,36.2545390070922,0.17270884935825265,2.666666666666667,1.4402743936724522,0.07044996418760066,-0.11244111159162345,-0.06349206349206349,2.669172932330827,-0.05867014341590613,5.0196927507384785,0.09383509233700829,-0.2387914266889155,Utilities—Diversified,Utilities,AES
2014Q2,2014,Q2,2014-08-07,2014-06-30,133000000.0,4311000000.0,767000000.0,0.18,819000000.0,0.18997912317327767,39433000000.0,4211000000.0,7407000000.0,6667000000.0,31925000000.0,710000000.0,-75000000.0,11273750000.0,31481750000.0,5.808275862068966,1.1109944502774862,0.5508837775467248,5.158632153882688,0.018466733552193405,5.808275862068966,0.03158394680598433,2.615112502899559,21.191259398496243,2.6772144383756826,0.2706766917293233,4.918309859154929,0.0031932586761281734,0.10932467730073796,0.6941652917354132,0.0033728095757360587,-40.69945848375451,0.18997912317327767,3.25,-0.5961716171617162,0.13479828326180263,-0.11791438979963573,0.031486146095717885,3.293103448275862,0.03230148048452221,-0.17553705905667855,0.023312894609033644,-0.34277648326755444,Utilities—Diversified,Utilities,AES
2014Q1,2014,Q1,2014-05-08,2014-03-31,-58000000.0,4262000000.0,743000000.0,-0.08,794000000.0,0.18629751290473956,40973000000.0,4193000000.0,7989000000.0,7840000000.0,33332000000.0,687000000.0,-208000000.0,10338720000.0,30410720000.0,5.791436464088398,1.0190051020408164,0.5243697068801406,5.124016217505366,0.015693708655170092,5.791436464088398,-0.013832578106367757,2.4257907085875177,-44.563448275862065,2.465709515859766,-0.6206896551724138,5.048034934497816,0.0034820558057477133,0.10401972030361457,0.5892857142857143,-0.0014155663485710102,-58.08269662921348,0.18629751290473956,0.7142857142857143,-1.2443737645090984,0.15887576093605354,-0.01626941286876507,0.2329192546583851,0.7184466019417476,0.22405271828665568,-1.2814596487766379,0.0865067169052482,-0.3348131206600161,Utilities—Diversified,Utilities,AES
2013Q4,2013,Q4,2014-02-26,2013-12-31,-206000000.0,3783000000.0,607000000.0,-0.28,644000000.0,0.17023526301876818,40411000000.0,4330000000.0,7739000000.0,7653000000.0,32760000000.0,684000000.0,-150000000.0,10780930000.0,30187930000.0,5.827725437415881,1.0112374232327193,0.5208730296206479,4.861200923787528,0.04825442778702934,5.827725437415881,-0.04757505773672056,2.8498361089082738,-13.08365291262136,2.489822170900693,-0.14563106796116504,4.5891812865497075,0.0027826912891559447,0.09361312513919477,0.6106102182150791,-0.005097621934621761,634.1723529411764,0.17023526301876818,-3.8,-2.9464505598350557,-0.01979066006952181,0.06261878376430223,-0.3127001067235859,-3.9014084507042255,-0.30549199084668194,0.5109894180547496,-0.11094924105456555,-0.3076593756569113,Utilities—Diversified,Utilities,AES
2013Q3,2013,Q3,2013-11-07,2013-09-30,71000000.0,4003000000.0,874000000.0,0.1,937000000.0,0.23407444416687484,41250000000.0,4813000000.0,8251000000.0,8009000000.0,33284000000.0,711000000.0,56000000.0,9861180000.0,28866180000.0,6.486522911051213,1.0302160069921338,0.5099636363636364,4.370662788281737,0.022774755820822286,6.486522911051213,0.014751714107625182,2.4634474144391705,34.72246478873239,2.048863494701849,0.4084507042253521,4.312236286919831,0.0029408245260709167,0.09704242424242424,0.6561368460481958,0.0017212121212121212,25.220409207161126,0.23407444416687484,-0.5454545454545454,-0.5585184496700437,-0.16935009103626253,0.02612528434458774,0.020697167755991286,-0.5748502994011976,0.017462165308498253,-0.3165190606941883,0.05829261845844955,-0.23339870246695282,Utilities—Diversified,Utilities,AES
2013Q2,2013,Q2,2013-08-08,2013-06-30,167000000.0,4068000000.0,859000000.0,0.22,918000000.0,0.22566371681415928,40836000000.0,4749000000.0,7810000000.0,8273000000.0,33029000000.0,763000000.0,-15000000.0,8889300000.0,28348300000.0,6.357429718875502,0.9440348120391635,0.5159663042413557,4.436723520741209,0.026681133878113873,6.357429718875502,0.03516529795746473,2.1851769911504424,13.307335329341317,1.871825647504738,0.17964071856287425,4.128440366972477,0.003374843913469002,0.09961798413164855,0.5718602683428019,0.0040895288470957,35.989068825910934,0.22566371681415928,1.0,-0.8336290900034244,-0.11732603351176041,-0.0039186824237963875,0.21589403973509932,1.0365853658536586,0.2377521613832853,0.07899189349992568,-0.05873681245748969,-0.3392532294573839,Utilities—Diversified,Utilities,AES
2013Q1,2013,Q1,2013-05-09,2013-03-31,82000000.0,4265000000.0,694000000.0,0.11,755000000.0,0.17702227432590856,42718000000.0,4633000000.0,9258000000.0,9286000000.0,34977000000.0,755000000.0,-182000000.0,9319950000.0,28902950000.0,6.218791946308725,0.9969847081628258,0.5122899012126035,4.723505288150227,0.018994314620910193,6.218791946308725,0.017699115044247787,2.1852168815943727,28.414481707317073,2.0116447226419165,0.36585365853658536,4.6490066225165565,0.003218901388955949,0.09984081651762723,0.6229808313590351,0.0019195655227304648,129.44375,0.17702227432590856,-0.5217391304347826,-0.6855225310251462,-0.071368764541387,0.24659398985831482,-0.19680851063829788,-0.5314285714285715,-0.19675925925925927,-0.5909270358539999,-0.032403115451910276,-0.3081382419265946,Utilities—Diversified,Utilities,AES
2012Q4,2012,Q4,2013-02-27,2012-12-31,175000000.0,4622000000.0,864000000.0,0.23,940000000.0,0.2033751622674167,41830000000.0,4569000000.0,8465000000.0,8319000000.0,34316000000.0,769000000.0,-264000000.0,8078499999.999999,27481500000.0,6.051655629139073,1.0175501863204712,0.5109490796079369,4.677828846574743,0.02265420674859615,6.051655629139073,0.03830159772379076,1.7478364344439634,11.540714285714285,1.7681111840665353,0.0,4.788036410923277,0.0,0.11049486014821898,0.6464719317225628,0.004183600286875448,-2692.833333333333,0.2033751622674167,1.1095238095238096,8.107908063887807,0.11610225859625786,0.27765675103189014,-0.06374501992031872,1.1116071428571428,-0.08085106382978724,4.220888520971302,0.1981446071572925,-0.1365873145164147,Utilities—Diversified,Utilities,AES
2012Q3,2012,Q3,2012-11-07,2012-09-30,-1568000000.0,4587000000.0,940000000.0,-2.1,1004000000.0,0.21887944190102462,41356000000.0,4424000000.0,8684000000.0,7526000000.0,33520000000.0,796000000.0,-439000000.0,8067600000.000001,27684600000.0,5.92235609103079,1.1538665958012224,0.5213270142180095,4.8734177215189876,0.041265632813945886,5.92235609103079,-0.35443037974683544,1.758796599084369,-1.2862882653061225,1.823598553345389,0.0,4.501256281407035,0.0,0.11091498210658671,0.7290725484985384,-0.037914691943127965,15.975445544554457,0.21887944190102462,-12.666666666666668,-14.993752795726595,0.2147851953396993,0.27123617312136944,0.4508670520231214,-12.2,0.5210355987055016,-8.567972792069178,0.0671586816259305,-0.13807298435139936,Utilities—Diversified,Utilities,AES
2012Q2,2012,Q2,2012-08-06,2012-06-30,140000000.0,4192000000.0,618000000.0,0.18,692000000.0,0.1650763358778626,42749000000.0,6123000000.0,8317000000.0,7039000000.0,33248000000.0,826000000.0,1159000000.0,9802120000.0,29801120000.0,8.014397905759163,1.1815598806648673,0.5082224145594049,3.5482606565409114,0.01380043657614116,8.014397905759163,0.02286460885187,2.3382919847328245,17.503785714285716,1.600868855136371,0.0,4.237288135593221,0.0,0.09806077335142342,0.7441397925841738,0.0032749304077288356,103.18021052631579,0.1650763358778626,-0.5813953488372093,-0.5047403421158615,0.09535999659310107,0.7478445341169349,-0.3580705009276438,-0.5894428152492669,-0.3763874873864783,-0.5966167297358008,0.04714438726977207,0.21712281492289645,Utilities—Diversified,Utilities,AES
2012Q1,2012,Q1,2012-05-04,2012-03-31,341000000.0,4740000000.0,991000000.0,0.43,1078000000.0,0.22742616033755275,45431000000.0,6489000000.0,9559000000.0,7978000000.0,34960000000.0,799000000.0,1019000000.0,10011620000.0,30558620000.0,8.471279373368146,1.1981699674103785,0.48942352138407696,3.4265680382185235,0.02258394249738737,8.471279373368146,0.052550470026198184,2.11215611814346,7.339897360703812,1.5428602249961474,0.0,4.58322903629537,0.0,0.1043340450353283,0.7724993732765104,0.0075058880500099056,147.22970588235293,0.22742616033755275,2.592592592592592,1.6546613422861733,0.32665588319837907,1.2272229946513669,-0.033183856502242155,2.6315789473684212,-0.015888778550148957,0.3579718303111601,0.2181803004234124,0.4389274031391615,Utilities—Diversified,Utilities,AES
2011Q4,2011,Q4,2012-02-27,2011-12-31,-209000000.0,4157000000.0,1007000000.0,-0.27,1115000000.0,0.2682222756795766,45333000000.0,5946000000.0,9228000000.0,8446000000.0,35604000000.0,789000000.0,678000000.0,9211520000.0,30074520000.0,7.6426735218509,1.0925882074354725,0.49793748483444733,3.796333669693912,0.02637534572910989,7.6426735218509,-0.035149680457450386,2.215905701226846,-11.018564593301436,1.549196098217289,0.0,3.8555133079847907,0.0,0.09169920367061522,0.665403741416055,-0.004610328017117773,-418.70545454545453,0.2682222756795766,-0.5882352941176471,-3.1640245644101683,0.1142313673972894,0.6425706432831727,0.09313725490196079,-0.5954198473282443,0.08396124865446716,-2.823798063775091,0.02865972517615726,0.39355371657624755,Utilities—Diversified,Utilities,AES
2011Q3,2011,Q3,2011-11-04,2011-09-30,-131000000.0,4381000000.0,929000000.0,-0.17,1020000000.0,0.23282355626569276,40883000000.0,6233000000.0,10067000000.0,7241000000.0,31026000000.0,668000000.0,887000000.0,7593280000.0,25079280000.0,8.011568123393316,1.3902775859687888,0.5106768094317932,3.34959088721322,0.02164202139741297,8.011568123393316,-0.021017166693406066,1.7332298561972153,-14.490992366412213,1.2182384084710414,0.0,5.031437125748503,0.0,0.10715945503020816,0.9442066012981633,-0.0032042658317638136,24.105650793650792,0.23282355626569276,-1.7727272727272727,0.6761914177604719,0.16884971668258034,0.9597205405872492,0.0009813542688910696,-1.7528735632183907,0.007592190889370932,-1.776872617675738,-0.13297824820066212,0.26737741181133323,Utilities—Diversified,Utilities,AES
2011Q2,2011,Q2,2011-08-05,2011-06-30,174000000.0,4544000000.0,922000000.0,0.22,1019000000.0,0.22425176056338028,42635000000.0,6911000000.0,10173000000.0,7193000000.0,31798000000.0,654000000.0,1018000000.0,9962680000.0,27773680000.0,8.837595907928389,1.4142916724593355,0.5027559516828897,3.1015771957748517,0.023263049460241304,8.837595907928389,0.025177253653595716,2.1924911971830987,14.31419540229885,1.441568513963247,0.0,5.389908256880734,0.0,0.10657910167702592,1.0418462393994161,0.004081153981470622,73.79762962962963,0.22425176056338028,-0.21428571428571436,-0.14420617745425934,0.2432462466052339,1.343711685089128,0.002952755905511811,-0.22321428571428573,0.0010857763300760044,-0.834413846428359,-0.058172114249336555,0.3846734553807128,Utilities—Diversified,Utilities,AES
2011Q1,2011,Q1,2011-05-09,2011-03-31,224000000.0,4264000000.0,921000000.0,0.28,1016000000.0,0.23827392120075047,40500000000.0,6852000000.0,8746000000.0,7551000000.0,29398000000.0,634000000.0,844000000.0,10231000000.0,27675000000.0,8.706480304955527,1.158257184478877,0.4802962962962963,2.8388791593695273,0.02415595700387287,8.706480304955527,0.03269118505545826,2.399390243902439,11.418526785714286,1.493140688849971,0.0,5.1230283911671926,0.0,0.10528395061728395,0.8233346576612369,0.005530864197530864,393.5,0.23827392120075047,1.4912280701754388,-0.46297139838616835,0.19089803560429158,1.6328720490226452,0.004945598417408506,1.5137614678899083,0.025612472160356347,-0.18678526013382707,-0.12113334265141898,0.7452659800621894,Utilities—Diversified,Utilities,AES
2010Q4,2010,Q4,2011-02-28,2010-12-31,-436000000.0,4404000000.0,898000000.0,-0.57,1011000000.0,0.2295640326975477,40511000000.0,6473000000.0,9446000000.0,8065000000.0,30098000000.0,600000000.0,620000000.0,9366420000.0,26545420000.0,8.41742522756827,1.1712337259764414,0.4871022685196613,3.0485091920284257,0.01454218693391085,8.41742522756827,-0.0673567124980689,2.1267983651226157,-5.370653669724771,1.4469983006334004,0.0,5.655,0.0,0.10871121423810817,0.8274023558586485,-0.010762508948186911,29.640569620253164,0.2295640326975477,-5.07142857142857,-3.1021136849529434,0.2641405943478301,2.3498698032696645,0.026395939086294416,-4.824561403508772,0.012401352874859075,-23.278589459190698,0.04409969278993302,0.7771302313576498,Utilities—Diversified,Utilities,AES
2010Q3,2010,Q3,2010-11-04,2010-09-30,114000000.0,4151000000.0,887000000.0,0.14,985000000.0,0.2372922187424717,41780000000.0,6890000000.0,9768000000.0,7029000000.0,30997000000.0,611000000.0,1056000000.0,9242142853.9,26369142853.9,8.461403511740844,1.3896713615023475,0.47809956917185253,2.8991291727140784,0.023397829040214195,8.461403511740844,0.016545718432510886,2.226485871814021,20.267857135745615,1.3413850295936138,3.587719298245614,5.181669394435352,0.044253806337499986,0.09935375777884155,0.9779484990752596,0.0027285782671134513,19.664133731702126,0.2372922187424717,-0.22222222222222213,-0.6315789473297458,0.17658964480542502,2.8234424540854883,0.003054989816700611,-0.20833333333333334,0.00681044267877412,-0.06666666588610687,0.008479954208043003,0.816243747280144,Utilities—Diversified,Utilities,AES
2010Q2,2010,Q2,2010-08-06,2010-06-30,144000000.0,4021000000.0,881000000.0,0.18,982000000.0,0.24421785625466302,40701000000.0,6687000000.0,9564000000.0,6364000000.0,30047000000.0,551000000.0,942000000.0,6421800000.0,23202800000.0,9.62158273381295,1.502828409805154,0.4833296479201985,2.941827426349634,0.01740263915222633,9.62158273381295,0.021534320323014805,1.5970654066152699,11.148958333333335,0.960340960071781,0.0,5.5154264972776765,0.0,0.0987936414338714,1.069610307982401,0.003537996609419916,28.79730941704036,0.24421785625466302,-0.3333333333333334,0.5938018819466777,0.4178784988264861,4.122992561804888,-0.018,-0.22994652406417113,-0.04030501089324619,-0.44001555476072585,0.15499001365185366,1.0983523639079722,Utilities—Diversified,Utilities,AES
2010Q1,2010,Q1,2010-05-07,2010-03-31,187000000.0,4112000000.0,918000000.0,0.27,1000000000.0,0.24319066147859922,41882000000.0,6247000000.0,10460000000.0,6894000000.0,31346000000.0,575000000.0,791000000.0,7645000000.0,24895000000.0,8.988489208633094,1.5172613867130837,0.4928608948951817,3.304306066912118,0.02260326937947962,8.988489208633094,0.029934368496878503,1.859192607003891,10.220588235294118,1.223787417960621,0.3850267379679144,5.412173913043478,0.009417920209287115,0.09818060264552791,1.0707861908906295,0.004464925266224154,40.026178010471206,0.24319066147859922,4.770949720670392,0.3453237410071941,0.4875249894602277,2.4195339380669383,0.32100396301188905,4.895833333333333,0.37631184407796103,1.3956834532026248,0.2684607011052998,1.363205009573858,Utilities—Diversified,Utilities,AES
2009Q4,2009,Q4,2010-02-26,2009-12-31,-48000000.0,3408000000.0,667000000.0,-0.0716,757000000.0,0.2221244131455399,39535000000.0,4675000000.0,8787000000.0,6621000000.0,30655000000.0,569000000.0,650000000.0,8877770000.0,26984770000.0,7.008995502248876,1.3271409152695968,0.5037561654230429,4.260106951871657,0.020416354289362695,7.008995502248876,-0.010267379679144385,2.604979460093897,-46.238385416666674,1.8989882352941176,-5.9375,4.659050966608084,0.03210265641033728,0.08620209940558998,0.8507778281226401,-0.0012141140761350701,-20.130997732426305,0.2221244131455399,-1.2557142857142858,-1.2893553221889056,0.2925979001439116,1.7411066489019928,-0.2490079365079365,-1.2594594594594595,-0.2796976241900648,-1.5797101449275361,0.06548834882654558,0.5063799621928168,Utilities—Diversified,Utilities,AES
2009Q3,2009,Q3,2009-11-06,2009-09-30,185000000.0,3838000000.0,926000000.0,0.28,1008000000.0,0.26263678999478896,39261000000.0,4583000000.0,8728000000.0,6238000000.0,30696000000.0,578000000.0,698000000.0,9884940000.0,27524940000.0,6.871064467766117,1.3991663994870152,0.5007513817783551,4.289766528474798,0.02570807364377728,6.871064467766117,0.040366572114335586,2.5755445544554454,13.358027027027028,2.156871045166921,1.227027027027027,4.896193771626297,0.02296422638882988,0.09775604289243779,0.9285027252324463,0.004712055220193067,21.6775,0.26263678999478896,-0.3636363636363636,0.2607332690083529,0.5112317767868026,2.0576892083203155,0.19008264462809918,-0.38943894389438943,0.22002635046113306,1.5333871527030603,0.19438449301634889,0.6807403951122083,Utilities—Diversified,Utilities,AES
2009Q2,2009,Q2,2009-08-07,2009-06-30,303000000.0,3495000000.0,759000000.0,0.44,847000000.0,0.24234620886981403,37418000000.0,4392000000.0,8022000000.0,5397000000.0,29187000000.0,577000000.0,513000000.0,7743870000.0,25228870000.0,6.584707646176912,1.4863813229571985,0.5136565289432893,4.376138433515482,0.026384961311394277,6.584707646176912,0.06898907103825136,2.2156995708154508,6.389331683168317,1.7631762295081965,1.0627062706270627,4.589254766031196,0.04158127654518994,0.0934042439467636,0.9636835278858625,0.008097706985942595,-62.450564516129035,0.24234620886981403,0.33333333333333326,6.571214388818748,0.46645634242202805,2.5522272916386783,-0.04077010192525481,0.38990825688073394,-0.04887218045112782,0.7472033214162149,0.12110666194223497,0.7462504977621349,Utilities—Diversified,Utilities,AES
2009Q1,2009,Q1,2009-05-08,2009-03-31,218000000.0,3378000000.0,798000000.0,0.33,883000000.0,0.2613972764949674,34838000000.0,3915000000.0,7213000000.0,4525000000.0,27141000000.0,502000000.0,210000000.0,3863649999.9999995,20553650000.0,5.887218045112782,1.5940331491712707,0.5154429071703313,4.586717752234994,0.02694109388172851,5.887218045112782,0.05568326947637293,1.143768502072232,4.43079128440367,0.9868837803320561,0.05504587155963303,4.97011952191235,0.0031058713910421497,0.096963086285091,1.0172375690607736,0.006257534875710431,-19.513383838383835,0.2613972764949674,5.838709677419355,3.0977443609022552,0.3503852675552417,2.2797872117619957,-0.7458992805755396,5.638297872340425,-0.9166318428750523,-0.3814725492449071,0.11652927643270149,0.7803166485837884,Utilities—Diversified,Utilities,AES
2008Q4,2008,Q4,2009-02-26,2008-12-31,-47000000.0,3475000000.0,9572000000.0,-0.0682,3475000000.0,1.0,34806000000.0,3669000000.0,7326000000.0,5182000000.0,31137000000.0,574000000.0,-8000000.0,5512560000.0,22700560000.0,5.484304932735426,1.4137398687765341,0.5197667068896167,4.930771327337149,0.41091847525300434,5.484304932735426,-0.012810029980921232,1.586348201438849,-29.322127659574466,1.5024693376941947,0.0,0.0,0.0,0.09983910819973568,0.8778463913546893,-0.0013503418950755618,-19.20752613240418,1.0,-1.3247619047619048,0.9062254683843035,0.4750351704050201,4.039158432627663,-0.2002301495972382,-1.3241379310344827,10.314420803782506,-1.2604760457044413,0.14657666381589773,1.1825804197135374,Utilities—Diversified,Utilities,AES
2008Q3,2008,Q3,2008-11-06,2008-09-30,145000000.0,4345000000.0,846000000.0,0.21,4345000000.0,1.0,36653000000.0,4229000000.0,8393000000.0,5415000000.0,28719000000.0,597000000.0,40000000.0,7820610000.0,24757610000.0,6.321375186846039,1.5499538319482917,0.5086623195918478,4.408607235753133,0.017134478770049765,6.321375186846039,0.03428706550011823,1.7999102416570771,13.483810344827585,1.8492811539371008,0.0,0.0,0.0,0.11854418465064251,0.7678670360110803,0.00395601997108013,37.96412621359223,1.0,-0.8384615384615385,0.8061783747344821,0.7714699661552782,4.827565671366376,0.04799807042932947,-0.8394241417497231,1.261111111111111,-0.4296278815028548,0.4990384307699831,1.8564308774605562,Utilities—Diversified,Utilities,AES
2008Q2,2008,Q2,2008-08-07,2008-06-30,903000000.0,4146000000.0,-3240000000.0,1.3,4146000000.0,1.0,38115000000.0,4289000000.0,8904000000.0,5825000000.0,30017000000.0,600000000.0,-105000000.0,12909120000.0,29725120000.0,6.382440476190476,1.5285836909871244,0.5011675193493376,4.453718815574726,-0.10252366925488365,6.382440476190476,0.2105385870832362,3.1136324167872647,3.5739534883720934,3.009820470972255,0.0,0.0,0.0,0.10877607241243605,0.8472103004291845,0.023691460055096418,-29.88222222222222,1.0,2.8235294117647056,7.1079545416666665,0.6503896982370958,17.167140796954463,0.01023391812865497,2.875536480686695,-0.011235955056179775,9.336538463970587,0.511992973649336,2.3983177186409375,Utilities—Diversified,Utilities,AES
2008Q1,2008,Q1,2008-05-08,2008-03-31,233000000.0,4104000000.0,-3204000000.0,0.34,4104000000.0,1.0,35745000000.0,3321000000.0,8363000000.0,6033000000.0,28985000000.0,514000000.0,-1008000000.0,11097457147.62,27776457147.620003,4.988626607301018,1.3862091828277805,0.5160162260456008,5.554049984944294,-0.07266937053144086,4.988626607301018,0.07015959048479374,2.7040587591666667,11.90714286225322,3.3416010682384827,0.0,0.0,0.0,0.11481326059588753,0.7173877009779546,0.006518394181004336,-68.5028218988889,1.0,12.54581673306773,1.0588235302991806,0.517099412224421,19.951890313647255,0.12008733624454149,12.705882352941176,-1.4434602076124567,0.749999999248927,0.5499419904590253,0.8978470788645179,Utilities—Diversified,Utilities,AES
2007Q4,2007,Q4,2008-03-17,2007-12-31,17000000.0,3664000000.0,7225000000.0,0.0251,3664000000.0,1.0,34453000000.0,3164000000.0,8336000000.0,5482000000.0,31289000000.0,480000000.0,-1241000000.0,14288520000.0,30224520000.0,4.736526946107785,1.5206129149945276,0.5222767248135141,5.687104930467762,0.28745921858836637,4.736526946107785,0.005372945638432364,3.8997052401746726,210.12529411764706,4.515967130214918,0.0,0.0,0.0,0.10634777813252837,1.0379423568040862,0.0004934258264882594,-76.00276595744681,1.0,-0.8326666666666667,1.0049611196678974,0.3854375905695638,8.487003099847227,0.055603572457505045,-0.8349514563106796,3.6523494860499266,-0.8976734032466317,0.3876140751010759,0.8523803447318129,Utilities—Diversified,Utilities,AES
2007Q3,2007,Q3,2007-11-06,2007-09-30,103000000.0,3471000000.0,-2724000000.0,0.15,3471000000.0,1.0,33350000000.0,3199000000.0,7620000000.0,5578000000.0,26914000000.0,511000000.0,-1260000000.0,14227733340.24,27949733340.239998,4.658737861816147,1.366081032628182,0.47961019490254875,5.0,-0.054492239795400195,4.658737861816147,0.03219756173804314,4.099030060570441,34.53333335009709,4.4475565302407,0.0,0.0,0.0,0.10407796101949025,0.787378988884905,0.003088455772113943,70.08735635586207,1.0,-0.5833333333333334,1.258620689364902,0.279978283009574,0.045231781641484094,0.03797846889952153,-0.582995951417004,-4.405,-0.31818181890240826,0.32757965501550174,1.0731827726686636,Utilities—Diversified,Utilities,AES
2007Q2,2007,Q2,2007-08-09,2007-06-30,247000000.0,3344000000.0,800000000.0,0.36,3344000000.0,1.0,32622000000.0,3061000000.0,7555000000.0,5660000000.0,26298000000.0,497000000.0,-1364000000.0,14606378387.84,29605378387.84,4.585303640754459,1.3348056537102473,0.52538164428913,5.599150604377654,0.01998102161029846,4.585303640754459,0.08069258412283567,4.367936120765551,14.783783793360323,4.771766869598171,0.0,0.0,0.0,0.10250751026914352,0.7378091872791519,0.007571577463061738,-77.69350206297872,1.0,1.537313432835821,2.681818181606215,0.22874778889325326,-0.31732746567685843,0.07145145786606857,1.542857142857143,1.3421727972626176,5.1666666594264505,0.4019057961944356,1.4736163863850564,Utilities—Diversified,Utilities,AES
2007Q1,2007,Q1,2007-06-21,2007-03-31,-455000000.0,3121000000.0,-2338000000.0,-0.67,3121000000.0,1.0,31955000000.0,2545000000.0,6834000000.0,5022000000.0,26140000000.0,496000000.0,-1533000000.0,14399411763.44,29426411763.440002,3.8035164838508586,1.3608124253285543,0.5310905961508371,6.668369351669941,-0.04752032520325202,3.8035164838508586,-0.1787819253438114,4.613717322473566,-7.911764705186813,5.657922107442043,0.0,0.0,0.0,0.09766859646377718,0.7574671445639187,-0.014238773274917854,137.13725488990477,1.0,-6.583333333333334,-0.15254237390323927,-0.08993082749234799,-0.5262273469159238,-0.002556727388942154,-6.617283950617284,-6.412037037037037,-9.500000000747253,0.23996942368498922,1.118950687382094,Utilities—Diversified,Utilities,AES
