Quarters,Year,Quarter,FillingDate,Date,NetIncome,Revenue,OperatingIncome,EPSDiluted,GrossProfit,GrossProfitRatio,TotalAssets,CommonStockEquity,CurrentAssets,CurrentLiability,TotalLiability,Inventory,RetainedEarnings,MarketCap,EnterpriseValue,bookValuePerShare,currentRatio,debtToAssets,debtToEquity,roic,shareholdersEquityPerShare,roe,priceToSalesRatio,peRatio,pbRatio,payoutRatio,inventoryTurnover,dividendYield,assetTurnover,quickRatio,returnOnAssets,priceToFreeCashFlowsRatio,grossProfitMargin,epsdilutedGrowth,fiveYNetIncomeGrowthPerShare,fiveYRevenueGrowthPerShare,fiveYShareholdersEquityGrowthPerShare,grossProfitGrowth,netIncomeGrowth,operatingIncomeGrowth,threeYNetIncomeGrowthPerShare,threeYRevenueGrowthPerShare,threeYShareholdersEquityGrowthPerShare,Industry,Sector,Symbol
2023Q1,2023,Q1,2023-05-05,2023-03-31,57426000.0,421894000.0,132104000.0,9.62,309733000.0,0.734148862,6879347000.0,1742613000.0,330186000.0,189128000.0,5136734000.0,0.0,1665334000.0,4014558990.0,7614995990.0,304.719479536157,1.745833509580813,0.5528386633208064,2.182451869692238,0.018267035771234695,304.719479536157,0.03295396051791189,9.51556312723101,17.477096567756767,2.3037582010463593,0.28729147076237244,0.0,0.004109542303674058,0.06132762310143681,1.3159394695655853,0.008347594619082306,65.88156410003938,0.7341488620364357,1.8737511353315168,0.4085864262862643,0.5829953248280804,1.4827116573768584,-0.010115117386496559,1.9039620948573048,6.597423510466989,-0.1746715424973777,0.3087226447210345,1.141178458420413,Telecom Services,Communication Services,CABO
2022Q4,2022,Q4,2023-02-24,2022-12-31,-63527000.0,425515000.0,17388000.0,-11.01,312898000.0,0.7353395297,6913890000.0,1757973000.0,346705000.0,244155000.0,5155917000.0,0.0,1624406000.0,4107102608.82,7700474608.82,304.6991465693001,1.4200200692183245,0.5508508234872119,2.1664280395660227,0.008478570951330745,304.6991465693001,-0.036136504940633335,9.652074800700328,-16.162822928912117,2.3362717225008574,-0.2597950477749618,0.0,0.00401840459611544,0.06154494792367249,1.1858573447195428,-0.00918831511638166,67.57659326422825,0.7353395297463075,-1.9549002601908065,-1.4447984414934176,0.6268591109587799,1.5798448918851482,0.028488221121450476,-1.8997266559972807,-0.8641976272854365,-2.167728577674388,0.3155791740299759,1.0586197870044993,Telecom Services,Communication Services,CABO
2022Q3,2022,Q3,2022-11-04,2022-09-30,70607000.0,424718000.0,128039000.0,11.53,304231000.0,0.7163129418,6932252000.0,1897132000.0,381575000.0,268767000.0,5035120000.0,5137000.0,1718120000.0,4979023379.55,8542640379.55,325.0333105980043,1.419724147681821,0.5509516965049741,2.0132157382828395,0.017066184593103613,325.0333105980043,0.03721775817391726,11.723127768425167,17.629354665790927,2.6245002348545063,0.2359964309487728,23.45474012069301,0.0033466402404212026,0.06126695913535746,1.1918353071619656,0.0101852904366431,43.26462969813092,0.7163129417637114,0.0378037803780378,1.180563608294078,0.6283766795506057,2.5127471808422426,-0.020795514528858163,0.01966929020145859,0.05768404705260376,0.3792964295827277,0.4508210138991827,1.3838297475482442,Telecom Services,Communication Services,CABO
2022Q2,2022,Q2,2022-08-05,2022-06-30,69245000.0,429085000.0,121056000.0,11.11,310692000.0,0.7240803104,6895076000.0,1905504000.0,396021000.0,235267000.0,4989572000.0,25192000.0,1664176000.0,7666950405.24,11212527405.24,320.4408907615849,1.6832832483943774,0.5548241962815204,2.007634200715401,0.016135540760291143,320.4408907615849,0.036339467143600854,17.86813895904075,27.680519912051412,4.023581375447126,0.23721568344284785,4.699626865671642,0.0021424424486655874,0.06223064111258527,1.516192241155793,0.010042673931367834,123.76629062327473,0.7240803104280038,-0.573020753266718,1.3139318878466002,0.6998640890706196,2.6164103433885044,0.011021623468541027,-0.5870801927297014,-0.44894391842680265,0.8153014603677379,0.4332144079569936,1.383086228282297,Telecom Services,Communication Services,CABO
2022Q1,2022,Q1,2022-05-06,2022-03-31,167696000.0,426726000.0,219680000.0,26.02,307305000.0,0.7201459485,6959420000.0,1936147000.0,467378000.0,249312000.0,5023273000.0,27344000.0,1611357000.0,8813086315.44,12276789315.44,321.67889679161294,1.8746710948530356,0.5506017742857882,1.9791209035264368,0.030468930392646552,321.67889679161294,0.08661325818752398,20.65279902194851,13.138486182496898,4.551868383671281,0.09935836275164583,4.367356641310708,0.0018905976185447286,0.06131631658960086,1.7101583557951483,0.024096260895304495,98.47463926253688,0.7201459484540431,1.6336032388663966,3.7576940193077446,0.9386163876007814,2.7943761425087206,-0.017281242305146317,1.6269816404536626,0.8476496463325399,3.080910378516729,0.44391942151021085,1.373422096345715,Telecom Services,Communication Services,CABO
2021Q4,2021,Q4,2022-02-25,2021-12-31,63836000.0,432588000.0,118897000.0,9.88,312709000.0,0.7228795066,6953994000.0,1793095000.0,500953000.0,269075000.0,5160899000.0,0.0,1456543000.0,10624237817.050001,14088503817.050001,297.6244914882743,1.8617597324166124,0.5540798568419818,2.148836508941244,0.015327893822931041,297.6244914882743,0.035601013889392366,24.55971459460272,41.6075483154098,5.925083621921873,0.2606366313678802,0.0,0.00156604175155972,0.062207128737815996,1.743930131004367,0.009179760580754025,180.42043638640766,0.7228795065975016,0.18607442977190886,1.4830096210595882,0.984944555119973,2.7422260334197905,0.013380646833884244,0.22162472490670748,0.011880749951064246,0.4311774584439231,0.5097625670499106,1.1780149370296022,Telecom Services,Communication Services,CABO
2021Q3,2021,Q3,2021-11-05,2021-09-30,52255000.0,430237000.0,117501000.0,8.33,308580000.0,0.7172325950580727,6900599000.0,1731224000.0,598802000.0,297647000.0,5169375000.0,0.0,1408346000.0,10914166858.210001,14285267858.210001,287.6018125706764,2.0117857730801925,0.5594641856453331,2.230004898268508,0.016699613503882618,287.6018125706764,0.0301838468043419,25.36780160286075,52.215897321835236,6.3043065820540845,0.3182853315472204,0.0,0.0015238909406528685,0.062347775895976565,1.9007616404667274,0.007572531022306904,165.73781902159388,0.7172325950580727,-0.500599520383693,1.378899356717095,0.9891784801920824,2.759334675985502,0.06627873627759598,-0.5077388298022666,0.01812683586202116,0.2856276025759479,0.511763014733773,1.1895082175559093,Telecom Services,Communication Services,CABO
2021Q2,2021,Q2,2021-08-09,2021-06-30,106153000.0,401749000.0,115409000.0,16.68,289399000.0,0.7203477793348584,6830002000.0,1680845000.0,554208000.0,298688000.0,5149157000.0,0.0,1372724000.0,11504310736.31,14923185736.31,279.47238197438094,1.855474608956503,0.5663014447140718,2.3011283015388093,0.02254690290157536,279.47238197438094,0.06315454429171041,28.63556782047995,27.093701394002053,6.844361458855516,0.14220982920878356,0.0,0.0013122037770028135,0.0588212126438616,1.7448876419541461,0.015542162359542502,117.4724373678675,0.7203477793348584,0.49061662198391426,2.8062507187901433,0.875537134839092,2.717925194766377,-0.15197414303379808,0.5478259601644746,0.12763566724639946,1.2924962352370806,0.41530927636675974,1.2200205691937542,Telecom Services,Communication Services,CABO
2021Q1,2021,Q1,2021-05-07,2021-03-31,68582000.0,341262000.0,102346000.0,11.19,341262000.0,1.0,4590219000.0,1600647000.0,1613002000.0,225400000.0,3831618000.0,0.0,1281667000.0,10992835320.72,9519289320.72,266.2242145485282,7.156175687666371,0.013888661957087451,0.03982889419091155,0.04854219377242231,266.2242145485282,0.04284642397730418,32.21230409691088,40.07186769385552,6.867744931093489,0.21998483567116736,0.0,0.0013724393716299066,0.07434547240556497,10.602732919254658,0.014940899333996917,113.16020876966152,1.0,-0.3620296465222349,1.444772584811316,0.6222154071900632,2.6550995931226544,0.43796429338917847,-0.3544494437018769,-0.46072377018083716,0.6000656408861834,0.21791487831006282,1.1690702607583108,Telecom Services,Communication Services,CABO
2020Q4,2020,Q4,2021-02-26,2020-12-31,106238000.0,336768000.0,189784000.0,17.54,237323000.0,0.7047076919422273,4488338000.0,1495299000.0,672813000.0,221582000.0,2993039000.0,0.0,1228172000.0,13378019985.439999,14990919985.439999,248.99854327511986,3.0364063868003717,0.4874430134272419,1.4631247663510776,0.03688561461756395,248.99854327511986,0.07104799775830788,39.72473627375522,31.48124961275626,8.946719007663349,0.14190779193885428,0.0,0.001126923118399285,0.07503178236576658,6.601181503912772,0.023669786009877153,140.69093876661617,0.7047076919422273,0.6003649635036494,2.9322242888220877,0.5977247170617477,2.3151982663341344,-0.2998536709129637,0.6026973614735921,0.974222675307653,-0.2853481493434559,0.23701684512738252,1.1082357045888869,Telecom Services,Communication Services,CABO
2020Q3,2020,Q3,2020-11-06,2020-09-30,66287000.0,338962000.0,96131000.0,10.96,338962000.0,1.0,3826808000.0,1384399000.0,739795000.0,226543000.0,2442409000.0,0.0,1137010000.0,11315523156.23,12419742156.23,230.6731532013088,3.2655831343276995,0.45195656536727213,1.2493154069022008,0.02490865646619296,230.6731532013088,0.04788142724749151,33.382866386881126,42.67625309725135,8.173599631486299,0.2273447282272542,0.0,0.0013317987857859575,0.08857564842552854,3.283182442185369,0.017321747001678683,239.1833088044558,1.0,0.0310442144873001,2.3409854072668015,0.6731350368504444,2.148607117176531,0.0,0.05991365526063319,0.05977356160910163,0.9909246257753003,0.26389406347401334,1.4929643891362547,Telecom Services,Communication Services,CABO
2020Q2,2020,Q2,2020-08-07,2020-06-30,62540000.0,328303000.0,90709000.0,10.63,0.0,0.0,3743450000.0,1323546000.0,717804000.0,207118000.0,2419904000.0,0.0,1085793000.0,10350563130.6,11444230130.6,226.95341195062377,3.465676570843674,0.46380184054815743,1.3117934699662874,0.024368135349917205,226.95341195062377,0.04725185222122994,31.527470448335837,41.37577202830189,7.8203274616824805,0.21784457946913974,0.0,0.0013162568865188156,0.0877006504694867,3.370861055050744,0.016706514044531114,125.40968728766327,0.0,-0.11784232365145227,1.9234200117529385,0.6228643279754911,2.202998336973351,0.0,-0.09788535325851773,-0.021752259344736104,1.1309813023093431,0.32618871665118404,1.5613356163593026,Telecom Services,Communication Services,CABO
2020Q1,2020,Q1,2020-05-11,2020-03-31,69326000.0,321196000.0,92726000.0,12.05,0.0,0.0,3298359000.0,810891000.0,317784000.0,184940000.0,2487468000.0,0.0,1036877000.0,9367411155.039999,10969107155.039999,142.31391051867493,1.7183086406402077,0.558941582768886,2.2735361472750344,0.03178346770825679,142.31391051867493,0.0854936113485043,29.164158815925475,33.780295830712866,11.551997931953863,0.18469261171854714,0.0,0.001366866446671447,0.09738054590176509,1.5859630150319022,0.021018330630474123,205.8545468638611,0.0,0.29291845493562235,2.208340621728874,0.619653987497039,-0.03976610343860336,-1.0,0.29308190177755394,0.0476685459907126,1.0776413306810217,0.5413935312834084,0.6786693569425972,Telecom Services,Communication Services,CABO
2019Q4,2019,Q4,2020-02-28,2019-12-31,53613000.0,318751000.0,88507000.0,9.32,215303000.0,0.6754582730720845,3151831000.0,841569000.0,181488000.0,189542000.0,2310262000.0,0.0,980355000.0,8463202264.8,10089179264.8,148.01137562787557,0.9575080984689409,0.5556287757814425,2.0809321636134412,0.025689262650438287,148.01137562787557,0.0637060062811249,26.55113949383688,39.46431959039785,10.056456766824823,0.23986719638893553,0.0,0.0015195193967521114,0.10113200866417013,0.875104198541748,0.01701011253458704,110.67349633581797,0.6754582730720845,0.07373271889400929,1.0441884365700436,0.622256044807104,0.01127206747371879,0.1326192968704792,0.07581017357279021,0.104501266644204,1.2096467231655046,0.5497636383294203,0.8610431565869081,Telecom Services,Communication Services,CABO
2019Q3,2019,Q3,2019-11-08,2019-09-30,49835000.0,284991000.0,80133000.0,8.68,190093000.0,0.6670140460575948,2608327000.0,774759000.0,196118000.0,153179000.0,1833568000.0,0.0,939602000.0,7129414934.900001,8278891934.900001,136.34921324910022,1.280319103793601,0.4966114294718415,1.6719070059205507,0.029391096566120968,136.34921324910022,0.06432322825549623,25.01628098746978,35.765099502859435,9.202106635611848,0.25781077555934584,0.0,0.0018021114098867091,0.10926199054029652,1.1655644703255668,0.019106116679388743,117.19457761942336,0.6670140460575948,0.36692913385826775,-0.2611580415951484,0.46431972995012477,0.0,0.0006896116065318327,0.3692814947108119,0.08121272634050247,1.4034236541850906,0.39586941840423545,0.7822638905821235,Telecom Services,Communication Services,CABO
2019Q2,2019,Q2,2019-08-08,2019-06-30,36395000.0,285650000.0,74114000.0,6.35,189962000.0,0.6650166287414668,2549452000.0,762908000.0,155716000.0,143048000.0,1786544000.0,0.0,902615000.0,6700262668.860001,7895769668.860001,134.46466475220885,1.0885576869302611,0.5090466500251819,1.7011094391460044,0.02847678226166891,134.46466475220885,0.047705621123385784,23.4561969853317,46.024609622613,8.782530356032444,0.31388927050419013,0.0,0.001705007783216312,0.1120436862510061,0.9459482131871819,0.014275616877666259,143.79480360674737,0.6650166287414668,-0.06342182890855466,0.39196112879055844,0.43103361534269435,0.0,0.031914257932390666,-0.060507498902914375,0.09479002023723355,0.3833485458502235,0.4136108370111538,0.7888335203507869,Telecom Services,Communication Services,CABO
2019Q1,2019,Q1,2019-05-10,2019-03-31,38739000.0,278605000.0,67697000.0,6.78,184087000.0,0.6607454999012939,2624237000.0,769035000.0,242369000.0,141204000.0,1855202000.0,0.0,877644000.0,5660615594.4,6883423594.4,135.53379202413765,1.7164457097532648,0.537438882235103,1.8339438387069509,0.023409493531516726,135.53379202413765,0.050373520060855485,20.317709999461602,36.53047054905909,7.360673564142075,0.29414801621105346,0.0,0.0020130319414858305,0.10616609704077795,1.5624699017025014,0.014762005108532499,113.21231188799999,0.6607454999012939,-0.07629427792915526,0.6349657726910454,0.3726413587925677,0.0,0.033842334930164385,-0.07781851075985527,-0.022623585123585123,0.46327590359526644,0.40332735416408133,0.860798083006438,Telecom Services,Communication Services,CABO
2018Q4,2018,Q4,2019-02-28,2018-12-31,42008000.0,269852000.0,69264000.0,7.34,178061000.0,0.6598468790299868,2303234000.0,775358000.0,317863000.0,133713000.0,1527876000.0,0.0,850292000.0,4653302346.7,5556559346.7,136.64942624047265,2.377203413280683,0.5068395134840837,1.5055883862680206,0.027000350896292186,136.64942624047265,0.05417884383729838,17.243905350710758,27.692953405898876,6.001488791887104,0.27144829556274996,0.0,0.0024505177507080987,0.11716221625766206,2.2793071728253795,0.01823870262422316,111.26712289758733,0.6598468790299868,0.09552238805970144,0.605029421434937,0.37623836724429466,-0.06635724985941961,0.009919914696674078,0.09641384350368011,0.0938896697673684,0.6456109834637509,0.3549820879698457,0.8193678364914163,Telecom Services,Communication Services,CABO
2018Q3,2018,Q3,2018-11-08,2018-09-30,38314000.0,268268000.0,63319000.0,6.7,176312000.0,0.6572233736412841,2267948000.0,745335000.0,290329000.0,139309000.0,1522613000.0,0.0,819687000.0,4942646299.68,5871856299.68,131.3545253060154,2.084064920428687,0.5141700779735691,1.5645461436803585,0.02571205339443357,131.3545253060154,0.05140507288668854,18.424285787645193,32.250915459623116,6.631442639457426,0.2978284700109621,0.0,0.0023086822944904588,0.1182866626571685,1.9642305952953507,0.016893685393139526,105.22985521992761,0.6572233736412841,-0.12418300653594773,-0.4311705142249444,0.38032437599991853,0.0,-0.0018060249899508015,-0.12495146739751056,-0.1039933208807381,1.0424971426976766,0.40057574205526364,0.7929429043306556,Telecom Services,Communication Services,CABO
2018Q2,2018,Q2,2018-08-09,2018-06-30,43785000.0,268414000.0,70668000.0,7.65,176631000.0,0.6580543488789705,2228058000.0,715933000.0,264920000.0,130735000.0,1512125000.0,0.0,792784000.0,4170289892.5499997,5136182892.549999,125.88729395236057,2.026389260718247,0.5248584193050629,1.6334140205857253,0.02899767769242911,125.88729395236057,0.06115795751837113,15.536782330839673,23.811179014217196,5.824972298455302,0.22850291195614936,0.0,0.002399113792514376,0.12046993390656796,1.887910658966612,0.019651642820788327,76.70203959076696,0.6580543488789705,0.08050847457627122,0.6706452894624632,0.3415111414785528,0.0,0.032796950099987135,0.077042284702236,0.09289989328961816,1.098797476516497,0.3605808928347411,0.7766500609526442,Telecom Services,Communication Services,CABO
2018Q1,2018,Q1,2018-05-09,2018-03-31,40653000.0,265761000.0,64661000.0,7.08,171022000.0,0.6435180481711011,2213786000.0,699910000.0,247226000.0,132097000.0,1513876000.0,0.0,759004000.0,3918271572.29,4905989572.29,122.73655647072296,1.8715489375231837,0.5299568250951086,1.6762312297295368,0.027759080046029394,122.73655647072296,0.058083182123415865,14.743591318101602,24.095832855447323,5.598250592633338,0.24684525127296877,0.0,0.002561078224125014,0.12004818893967167,1.7241269673043293,0.018363563596481322,80.215193815178,0.6435180481711011,-0.7155484130172761,0.7071949277667786,0.3028357752865863,0.0,0.03211828605914303,-0.7111153747761576,0.1735634687284475,0.8798525720965318,0.3390297601038713,-0.17186028097411632,Telecom Services,Communication Services,CABO
2017Q4,2017,Q4,2018-03-01,2017-12-31,140724000.0,257714000.0,55098000.0,24.89,165700000.0,0.6429608015086491,2218329000.0,671416000.0,242384000.0,170604000.0,1546913000.0,0.0,723354000.0,3998393529.75,5020692529.75,118.10754496432143,1.4207404281259526,0.5337580674462625,1.763513231737105,0.09933658591299281,118.10754496432143,0.20959286046206824,15.514847970036552,7.103254472851113,5.955165694219381,0.07126005514340127,0.0,0.0025080072597623983,0.1161748324977945,1.3729103655248411,0.063436938344132,70.95640691659273,0.6429608015086491,3.5419708029197077,4.366604360212653,0.31185684926009566,-0.19304269233600616,0.023142659553447936,3.465443929682046,-0.1098581537367928,4.366604360212653,0.31185684926009566,-0.19304269233600616,Telecom Services,Communication Services,CABO
2017Q3,2017,Q3,2017-11-08,2017-09-30,31514000.0,253846000.0,61898000.0,5.48,161952000.0,0.6379931139352205,2165233000.0,525624000.0,202966000.0,151281000.0,1639609000.0,0.0,577892000.0,4102074872.0,5160256872.0,92.5296623596099,1.3416489843403996,0.5435364231008857,2.2390206687670275,0.023792047428869586,92.5296623596099,0.05995540538483783,16.159698683453747,32.54168680586406,7.804200097408033,0.3180491210255759,0.0,0.0024433976250446167,0.11723726730564332,1.2619760577997237,0.014554553713156967,102.51086745301879,0.6379931139352205,0.10261569416499008,-0.5326519843872011,0.30465257944195123,0.0,0.030274885013963727,0.10281354983202688,0.055433355499855064,-0.5326519843872011,0.30465257944195123,0.0,Telecom Services,Communication Services,CABO
2017Q2,2017,Q2,2017-08-08,2017-06-30,28576000.0,241042000.0,58647000.0,4.97,157193000.0,0.6521394611727417,2124494000.0,503148000.0,165400000.0,134646000.0,1621346000.0,0.0,556401000.0,4036770294.6,5125685294.6,88.60744781006743,1.2284063395867684,0.5548182296584504,2.342666571267301,0.02140937832671408,88.60744781006743,0.05679442231709159,16.747165616780478,35.316089503429446,8.023027607383911,0.3004619260918253,0.0,0.002126947875009266,0.11345854589375164,1.129955587243587,0.013450732268483695,344.3168112077789,0.6521394611727417,-0.14310344827586208,0.09200667622941688,0.2065541056881104,0.0,0.13624732550743074,-0.13966581363841638,-0.02826702897950392,0.09200667622941688,0.2065541056881104,0.0,Telecom Services,Communication Services,CABO
2017Q1,2017,Q1,2017-05-05,2017-03-31,33215000.0,207427000.0,60353000.0,5.8,138344000.0,0.6669527110742575,1423494000.0,480846000.0,218666000.0,112545000.0,942648000.0,0.0,536412000.0,3541892675.86,3904707675.86,84.77780923926248,1.9429206095339642,0.3767363965004419,1.1152884707369928,0.03716234623299346,84.77780923926248,0.06907616991718762,17.07536953173888,26.658833929399368,7.365960569205109,0.25828691856089114,0.0,0.002422151314315855,0.14571680667428175,1.8171042694033497,0.023333431682887318,85.9682688315534,0.6669527110742575,0.371158392434988,0.4023913188232569,0.022370144710085502,0.0,0.050886854798890956,0.3619961454873498,0.2993950093655134,0.4023913188232569,0.022370144710085502,0.0,Telecom Services,Communication Services,CABO
2016Q4,2016,Q4,2017-03-01,2016-12-31,24387000.0,206727000.0,46447000.0,4.23,131645000.0,0.6368060292076023,1397271000.0,454511000.0,185937000.0,111143000.0,942760000.0,0.0,511776000.0,3553101151.26,3960177151.26,79.5314042578806,1.6729528625284544,0.39012904440155133,1.199346110435171,0.029086573526337624,79.5314042578806,0.053655467084404995,17.18740731138168,36.42413120986591,7.817415092836037,0.35145774387993606,0.0,0.0024122589352573182,0.1479505407326138,1.575564812898698,0.017453307196671226,150.09720983693816,0.6368060292076023,0.16528925619834725,-0.07487997283042061,0.04677642750466601,-0.4566100931649761,0.021731537894369202,0.1682954872089681,0.05994979461433136,-0.07487997283042061,0.04677642750466601,-0.4566100931649761,Telecom Services,Communication Services,CABO
2016Q3,2016,Q3,2016-11-04,2016-09-30,20874000.0,205536000.0,43820000.0,3.63,128845000.0,0.6268731511754632,1384508000.0,437619000.0,169770000.0,112450000.0,946889000.0,0.0,495960000.0,3340630088.0,3754910088.0,76.50338087956537,1.509737661182748,0.3885719692482817,1.2293364776209443,0.023081622913718063,76.50338087956537,0.04769902586496473,16.25326019772692,40.009462585034015,7.633649562747505,0.4106064961195746,0.0,0.00256568365075445,0.14845418011307987,1.3754468652734548,0.015076835959055492,97.78217094017094,0.6268731511754632,-0.21428571428571433,-0.6925877145636379,0.04903776144343219,0.0,0.0009088931700950842,-0.21623549731536065,-0.13325553335838755,-0.6925877145636379,0.04903776144343219,0.0,Telecom Services,Communication Services,CABO
2016Q2,2016,Q2,2016-08-04,2016-06-30,26633000.0,204557000.0,50557000.0,4.62,128728000.0,0.6293013683227657,1373887000.0,431730000.0,146046000.0,110524000.0,942157000.0,0.0,483656000.0,2937265435.65,3373336435.65,75.16890936046445,1.3213962578263545,0.39218072519792385,1.2480300187617261,0.03212135010820964,75.16890936046445,0.061689018599587704,14.359153857604483,27.57167269599745,6.803477719060525,0.3232455975669282,0.0,0.0029309574461713153,0.14888924634995454,1.2109044189497304,0.019385145939949937,156.07148967322,0.6293013683227657,-0.006451612903225859,0.006225895105157007,0.012325017519233329,0.0,0.02190221403678683,-0.015197455997633487,0.066986049849102,0.006225895105157007,0.012325017519233329,0.0,Telecom Services,Communication Services,CABO
2016Q1,2016,Q1,2016-05-05,2016-03-31,27044000.0,202805000.0,47383000.0,4.65,125969000.0,0.6211336012425729,1377664000.0,422178000.0,151727000.0,122522000.0,955486000.0,0.0,465632000.0,2533715636.7599998,2966536636.7599998,72.83637771442649,1.2383653547934248,0.3912695693579857,1.2768026756486601,0.03304898518877757,72.83637771442649,0.06405828821018622,12.493358826261678,23.422160523221418,6.001534037207056,0.32147611300103535,0.0,0.0034313242866975758,0.14720933406113537,1.1096374528656079,0.019630330762798475,82.31962171480554,0.6211336012425729,0.03357640065958514,0.11733253358026136,-0.021866598182141435,0.0,-0.017348841200377555,0.03708248648234076,-0.07135857635622452,0.11733253358026136,-0.021866598182141435,0.0,Telecom Services,Communication Services,CABO
2015Q4,2015,Q4,2016-03-07,2015-12-31,26077000.0,203444000.0,51024000.0,4.498941729931687,128193000.0,0.6301144295236035,1408595000.0,435346000.0,166353000.0,126832000.0,973249000.0,0.0,447282000.0,2513602642.32,2952157642.32,75.10819060316908,1.3116011732055002,0.39596477340896424,1.2811740546599717,0.030881582353528038,75.10819060316908,0.059899482250899284,12.355255708303023,24.097889350001918,5.7738043816183,0.3367718679295931,0.0,0.003493790089230017,0.14443044310110428,1.2134477103570076,0.018512773366368616,-2398.475803740458,0.6301144295236035,0.3633156757368749,-0.024660483210555757,0.015687498353795206,-0.48683123257742317,0.04286388337509355,0.34334432309911395,0.30844189147604884,-0.024660483210555757,0.015687498353795206,-0.48683123257742317,Telecom Services,Communication Services,CABO
2015Q3,2015,Q3,2015-11-16,2015-09-30,19412000.0,198215000.0,38996000.0,3.3,122924000.0,0.6201548823247484,1401158000.0,430189000.0,190636000.0,132998000.0,970969000.0,0.0,434009000.0,2462804041.76,2867978041.76,73.26196778979579,1.433374937968992,0.392304079911045,1.2777639595619599,0.024685809334307442,73.26196778979579,0.04512435231956187,12.424912553338547,31.71754638574078,5.724934951288852,0.0,0.0,0.0,0.14146513098451424,1.3151400772943953,0.013854254837784175,50.76062578342059,0.6201548823247484,-0.10081743869209812,-0.7215029221417856,-0.0144593151567993,0.0,-0.00533244863775762,-0.09437835316071845,0.08960853893654475,-0.7215029221417856,-0.0144593151567993,0.0,Telecom Services,Communication Services,CABO
2015Q2,2015,Q2,2015-08-07,2015-06-30,21435000.0,202698000.0,35789000.0,3.67,123583000.0,0.6096902781477863,1368944000.0,414037000.0,151401000.0,102409000.0,954907000.0,0.0,919463000.0,2486329681.5,2930864681.5,70.85655004275827,1.4783954535245927,0.4017695391484239,1.3283836951770012,0.02284945013141919,70.85655004275827,0.051770735465670945,12.26617767072196,28.998480073477957,6.00509056316223,0.0,0.0,0.0,0.14806887644783132,1.3206358816119677,0.01565805467572085,101.67374178048581,0.6096902781477863,-0.03224470971428543,-0.20399880972063308,-0.014015889431209674,0.0,0.01596501179700923,-0.030485322719254603,-0.004007458325216375,-0.20399880972063308,-0.014015889431209674,0.0,Telecom Services,Communication Services,CABO
2015Q1,2015,Q1,2015-03-31,2015-03-31,22109000.0,202909000.0,35933000.0,3.792281,121641000.0,0.5994854836404496,1257516000.0,864050000.0,51042000.0,86117000.0,393466000.0,0.0,1348028000.0,2331067176.68,2322003176.68,148.20754716981133,0.5927052730587457,0.0,0.0,0.025601176529970036,148.20754716981133,0.025587639604189572,11.488239440734516,26.358803843231264,2.697838292552514,0.0,0.0,0.0,0.1613569926744471,0.40577354064818794,0.017581486040734274,127.01286855990845,0.5994854836404496,-0.17785965231295553,-0.09184637502567257,-0.027030007768070356,0.0,-0.006298402117439467,-0.17785958649412464,-0.190807548529478,-0.09184637502567257,-0.027030007768070356,0.0,Telecom Services,Communication Services,CABO
2014Q4,2014,Q4,2014-12-31,2014-12-31,26892000.0,201468000.0,44406000.0,4.612692967409949,122412000.0,0.6076002144261123,1262040000.0,853288000.0,50121000.0,95623000.0,408752000.0,0.0,1325919000.0,2331067176.68,2332041176.68,146.3615780445969,0.5241521391297073,0.005850844664194479,0.00865358472168834,0.031933557083664486,146.3615780445969,0.031515736773516094,11.570409080747314,21.670637891194406,2.7318644779722674,0.0,0.0,0.0,0.15963677854901587,0.37793208746849605,0.021308357896738614,308.4238127388198,0.6076002144261123,-0.6114153461805392,0.0,0.0,0.0,0.017970744526033047,-0.6114153601618381,0.21334499152959177,0.0,0.0,0.0,Telecom Services,Communication Services,CABO
2014Q3,2014,Q3,2014-09-30,2014-09-30,69205000.0,199687000.0,36598000.0,11.870497,120251000.0,0.6021974389920225,,,,,,,,2331067176.68,,,0.0,0.0,0.0,0.0,,0.0,11.67360507534291,8.420877020013004,0.0,0.0,0.0,0.0,0.0,0.0,0.0,-304.8342064443572,0.6021974389920225,1.5758363251493737,0.0,0.0,0.0,-0.02649687510119491,1.5758365280827782,-0.157543391188251,0.0,0.0,0.0,Telecom Services,Communication Services,CABO
2014Q2,2014,Q2,2014-06-30,2014-06-30,26867000.0,205111000.0,43442000.0,4.608405,123524000.0,0.60223001204226,,,,,,,,2331067176.68,,,0.0,0.0,0.0,0.0,,0.0,11.364905717782078,21.69080262664235,0.0,0.0,0.0,0.0,0.0,0.0,0.0,120.64940617359349,0.60223001204226,0.10359414868714256,0.0,0.0,0.0,0.023795512751444224,0.10359416718011911,0.10351309472400742,0.0,0.0,0.0,Telecom Services,Communication Services,CABO
2014Q1,2014,Q1,2014-03-31,2014-03-31,24345000.0,208546000.0,39367000.0,4.175815,120653000.0,0.5785438224660266,,,,,,,,2331067176.68,,,0.0,0.0,0.0,0.0,,0.0,11.17771223941001,23.937843260217704,0.0,0.0,0.0,0.0,0.0,0.0,0.0,253.34932905988478,0.5785438224660266,0.0,0.0,0.0,0.0,0.0,0.0,0.0,0.0,0.0,0.0,Telecom Services,Communication Services,CABO
