Quarters,Year,Quarter,FillingDate,Date,NetIncome,Revenue,OperatingIncome,EPSDiluted,GrossProfit,GrossProfitRatio,TotalAssets,CommonStockEquity,CurrentAssets,CurrentLiability,TotalLiability,Inventory,RetainedEarnings,MarketCap,EnterpriseValue,bookValuePerShare,currentRatio,debtToAssets,debtToEquity,roic,shareholdersEquityPerShare,roe,priceToSalesRatio,peRatio,pbRatio,payoutRatio,inventoryTurnover,dividendYield,assetTurnover,quickRatio,returnOnAssets,priceToFreeCashFlowsRatio,grossProfitMargin,epsdilutedGrowth,fiveYNetIncomeGrowthPerShare,fiveYRevenueGrowthPerShare,fiveYShareholdersEquityGrowthPerShare,grossProfitGrowth,netIncomeGrowth,operatingIncomeGrowth,threeYNetIncomeGrowthPerShare,threeYRevenueGrowthPerShare,threeYShareholdersEquityGrowthPerShare,Industry,Sector,Symbol
2023Q4,2023,Q4,2023-06-28,2023-03-31,-1984329.0,23774006.0,-1830347.0,-0.16,2452960.0,0.1031782359,83719333.0,68234234.0,57284226.0,14446442.0,15485099.0,32656833.0,46172082.0,58868280.2,41835415.2,5.447770831939473,3.9652826626791566,0.009182454905607047,0.011266324173874364,-0.027160029164238323,5.447770831939473,-0.0290811354312265,2.4761615774808843,-7.4166481717497446,0.8627381997136511,-0.31188678893469785,0.6528816189861399,0.010513064045652212,0.28397271153605586,1.3945639348429184,-0.023702159691119374,9.135762955486259,0.10317823592708776,-3.2857142857142856,-0.8295327817006056,1.4282928597117517,0.8281784057262176,-0.5768296936873277,-3.2275358153966356,-2.379666515660769,-1.4243777783803426,0.48873515975394427,0.13311913004378628,Apparel Manufacturing,Consumer Cyclical,JRSH
2023Q3,2023,Q3,2023-02-13,2022-12-31,890818.0,43027047.0,1326659.0,0.07,5796626.0,0.1347205166,91133505.0,71069831.0,66030003.0,18930867.0,20063674.0,26664044.0,48806821.0,48286266.58,29136558.58,5.7254714885020626,3.487954513652227,0.06010194604059177,0.07706928415237121,0.012529648134261086,5.7254714885020626,0.012534404366319656,1.1222305490776534,13.551103193918399,0.679420028169196,0.6980202465599034,1.3962781114522613,0.012877553889360977,0.4721320331090086,1.594848561346926,0.009774868200229981,-63.53949396071537,0.1347205166090064,-0.5,-0.6317726807184281,2.4006217121836655,0.8678587543942813,-0.16206931494132445,-0.5028229353169412,-0.49164368512432255,-0.6079896675781377,0.5426738538479099,0.1647738434503268,Apparel Manufacturing,Consumer Cyclical,JRSH
2023Q2,2023,Q2,2022-11-14,2022-09-30,1791752.0,37825695.0,2609703.0,0.14,6917787.0,0.1828859192,93371507.0,70987199.0,68659098.0,21138067.0,22384308.0,36426607.0,48537812.0,52993347.440000005,32265808.440000005,5.679688834542512,3.2481256682552857,0.024485606727971093,0.03220662361956273,0.0250820937413046,5.679688834542512,0.025240494416465142,1.4009880701464972,7.394068409020893,0.7465197695714124,0.349778317535016,0.8484981321482948,0.011826314627691313,0.4051096122931806,1.2803631949884537,0.019189494285446203,30.271240048508613,0.18288591921443875,0.0,-0.7177514184960683,0.24410272115862286,0.9754930980087245,0.0446094274146993,0.0408799441379078,0.17500996170652475,-0.548108704113211,0.11967098590555726,0.18762547159894247,Apparel Manufacturing,Consumer Cyclical,JRSH
2023Q1,2023,Q1,2022-08-12,2022-06-30,1721382.0,33436561.0,2221005.0,0.14,6622367.0,0.1980576591,86298461.0,70586086.0,69639508.0,14003313.0,15712375.0,28972649.0,47372776.0,58104990.36,39194903.36,5.721719649210523,4.973073729052547,0.029980047964007144,0.03665356937343147,0.022456295184439,5.721719649210523,0.02438698754312571,1.73776813829628,8.438712377612871,0.8231790945314633,0.358267949821713,0.9255002537047958,0.01061382156986903,0.38745257577652514,2.4531246998478147,0.019946844706767136,-23.871497070343793,0.19805765909957068,14.461538461538463,-0.5394887925348664,0.4376931193079454,1.4731217258440805,0.4134114686157659,14.253634123806592,7.078937700290638,0.01984629974838867,0.3625663611963465,0.27212541777806043,Apparel Manufacturing,Consumer Cyclical,JRSH
2022Q4,2022,Q4,2022-06-27,2022-03-31,-129880.0,30940021.0,274913.0,-0.0104,4685378.0,0.1514342217,85310984.0,69304258.0,69872938.0,14135533.0,16006726.0,28255179.0,46268110.0,79186321.56,55618615.56,5.6188155680759975,4.943070629172596,0.018853539422309325,0.02320801125956792,-0.001788091565012261,5.6188155680759975,-0.0018740551265984263,2.5593493152444857,-152.42208492454571,1.1425895586386625,-4.748344625808438,0.9291975464037938,0.007788150628170182,0.36267335751279106,2.6245608142261068,-0.0015224299839279782,-9.48720031801988,0.15143422171562199,-1.0799999999999998,-1.0427862196559616,1.333906633374907,1.932239085125904,-0.3220146160987773,-1.0775824941206829,-0.8817936418392023,0.45268677769192245,0.9403055244585966,0.25975410228963414,Apparel Manufacturing,Consumer Cyclical,JRSH
2022Q3,2022,Q3,2022-02-11,2021-12-31,1674089.0,36815023.0,2325704.0,0.13,6910736.0,0.1877151075,82558700.0,69718987.0,68372226.0,10675571.0,12539023.0,21482341.0,47049143.0,79521734.8,47974056.8,5.672434674928646,6.404549789421099,0.018813438196095628,0.0222781923093633,0.02299470362054782,5.672434674928646,0.024011952439871222,2.160034907488717,11.875374427524463,1.1406037038375212,0.36838901635456656,1.3920404205482075,0.007755313708271867,0.44592542033728727,3.903551201148866,0.02027756008754983,21.84824504887861,0.18771510749837098,-0.6666666666666666,-0.356978911378977,1.688860271374782,2.398818244322744,-0.3160787797294672,-0.6230743251610404,-0.5821296921165183,-0.05145597489634897,0.8162297678019887,0.27105941248040955,Apparel Manufacturing,Consumer Cyclical,JRSH
2022Q2,2022,Q2,2021-11-12,2021-09-30,4441430.0,45711166.0,5565612.0,0.39,10104579.0,0.22105275109368244,76815172.0,62029615.0,66940514.0,12617401.0,14484159.0,20560272.0,45991062.0,76166616.96,52580205.95999999,5.47272584023141,5.305412263587406,0.018952102326868447,0.023469579812803933,0.06930913559136659,5.47272584023141,0.07160176634983145,1.6662584577256243,4.287280051695062,1.2279072981510526,0.12759764310143354,1.731814977934144,0.007440477503387332,0.5950799146814382,3.3017436792252224,0.05781969738998957,3.6794325973078514,0.22105275109368244,1.2941176470588234,0.6228278977931959,1.4273339289421836,0.0,0.7944739974235216,1.2956887510770498,1.4029127093844471,-0.05384553473568137,0.3347055935380507,0.22492984823175194,Apparel Manufacturing,Consumer Cyclical,JRSH
2022Q1,2022,Q1,2021-08-12,2021-06-30,1934683.0,29888692.0,2316194.0,0.17,5630942.0,0.18839707003571785,71502161.0,57839868.0,62579190.0,11210170.0,13360190.0,31300441.0,42116348.0,75484000.44,69403083.44,5.103247292599375,5.582358697504142,0.02203529205222203,0.02724022468377694,0.031231301976934252,5.103247292599375,0.03344895254601895,2.5255036399719333,9.754052787976118,1.305051395345508,0.29288984293550935,0.7749970679326851,0.007506875585514477,0.41801103046382054,2.5612403736963847,0.027057685711065434,-6.246694482900332,0.18839707003571785,1.8333333333333337,-0.3196665471525943,0.6137858344966768,0.0,0.20986430945171375,1.8392389886250402,1.0143514870687032,3.086800270616889,0.5541532971534247,0.23555619430738559,Apparel Manufacturing,Consumer Cyclical,JRSH
2021Q4,2021,Q4,2021-06-23,2021-03-31,681409.0,23756363.0,1149846.0,0.06,4654193.0,0.1959135327238433,73250105.0,56391329.0,64655869.0,14526835.0,16556656.0,25035966.0,40748314.0,71349719.0468,52172148.0468,4.979132900776758,4.450788420189257,0.02660090384853373,0.03455352151746592,0.01158225108525833,4.979132900776758,0.012083577601088281,3.0033940400220356,26.177273504899407,1.265260463125457,0.8309987100258435,0.7629891333132502,0.007936261103264933,0.32431848391207085,2.30876698193378,0.009302498610752845,-12.872918096669771,0.1959135327238433,4.999999999999999,1.9184402129024012,2.3210363874749307,2.447713404563499,0.9305155225013533,6.22252371614818,22.830017408604824,1.694799121251295,1.6835119061994361,0.6709115580033168,Apparel Manufacturing,Consumer Cyclical,JRSH
2021Q3,2021,Q3,2021-02-10,2020-12-31,94345.0,20663925.0,48252.0,0.01,2410855.0,0.1166697517533576,72413698.0,56276549.0,64461087.0,14208835.0,15833963.0,19213770.0,40766731.0,66251249.99999999,42314673.99999999,4.969231699779249,4.5366905168509595,0.022847141434483846,0.0293984977650282,0.0006757066488613743,4.969231699779249,0.0016764531883431586,3.206130974633328,175.55580581906833,1.177244361590118,6.001907891250199,0.9499994014709242,0.008547008547008548,0.28535933905764627,2.5250563469841123,0.0013028612349006124,35.48327577563638,0.1166697517533576,-0.9565217391304347,-0.9556284747191183,0.8899826531450344,0.0,-0.5901823126938932,-0.9631479239092223,-0.9840703634876832,-0.9572553537844949,0.7900510431477156,0.6211456037613805,Apparel Manufacturing,Consumer Cyclical,JRSH
2021Q2,2021,Q2,2020-11-12,2020-09-30,2560100.0,27086318.0,3029071.0,0.23,5882750.0,0.2171852962813181,70187180.0,56731711.0,62401201.0,11503082.0,13152274.0,10304880.0,41238636.0,51188999.99999999,25560785.999999993,5.009422604856512,5.424737561637829,0.024304709207578934,0.0300692323557807,0.04235673783583789,5.009422604856512,0.045126437311224406,1.8898471176481053,4.998730518339127,0.9022995974861395,0.22118276629819147,2.057623960686587,0.011061946902654869,0.38591546205446636,4.108332445165566,0.03647532213147757,5.676954253989388,0.2171852962813181,2.2857142857142856,-0.06381052265124357,0.43950899321170483,0.0,0.9277781600946398,2.1456308770929606,1.6144414945036734,-0.554930241517406,-0.016811969474994307,0.7423630183254636,Apparel Manufacturing,Consumer Cyclical,JRSH
2021Q1,2021,Q1,2020-08-13,2020-06-30,813859.0,18706755.0,1158592.0,0.07,3051570.0,0.1631266352715904,65374453.0,54737149.0,57107123.0,8450871.0,10334101.0,18077080.0,39244786.0,55152750.0,38241584.0,4.83330233995585,6.757542861558294,0.012902700692577878,0.015410137637968686,0.014458018100400795,4.83330233995585,0.014868494520969661,2.948279912790861,16.941739908264207,1.0075926680068779,0.6957593391484275,0.8660239928129986,0.01026694045174538,0.2861477862002149,3.9785609081004787,0.012449190205843863,-7.132705022712944,0.1631266352715904,2.081916537867079,-0.7135797959236823,0.010834174715521852,0.0,1.4319969013970013,2.099717320981215,2.575719659774942,-0.7628263524008522,-0.12381187061941175,1.089117565584877,Apparel Manufacturing,Consumer Cyclical,JRSH
2020Q4,2020,Q4,2020-06-29,2020-03-31,-740062.0,14439084.0,-735278.0,-0.0647,1254759.0,0.08690018009452677,67479036.0,54447942.0,58978175.0,10850318.0,12727885.0,22633772.0,38997177.0,57596685.0,32326525.0,4.807765298013245,5.435617186519326,0.012748418634789033,0.01579951359777749,-0.012901532213965922,4.807765298013245,-0.013592102342454008,3.988943135173949,-19.456709370296,1.0578303400337885,-0.7651385964959693,0.5825067514155395,0.009831294978174527,0.2139788126196705,2.900021824245151,-0.010967287677316553,7881.319786535304,0.08690018009452677,-1.3594444444444445,-4.169796935834123,1.0186160642262603,2.3290529082623244,-0.7446469345641477,-1.356954162725628,-1.3164989426044944,-1.2655257669374205,0.18625880107470041,1.5089838148529438,Apparel Manufacturing,Consumer Cyclical,JRSH
2020Q3,2020,Q3,2020-02-13,2019-12-31,2073269.0,25446708.0,2323161.0,0.18,4913820.0,0.19310238479570718,67142131.0,55668287.0,59344456.0,9233747.0,11168852.0,14132051.0,40303489.0,66364500.0,40356848.0,4.915522030905077,6.4269094658972135,0.01435988083249845,0.017319609636991345,0.03593039751086268,4.915522030905077,0.03724326922436108,2.607979782689376,8.00239862748153,1.1921419460958087,0.2731194070812808,1.4529305052748536,0.008532423208191127,0.37899762222322075,4.00438121165763,0.03087880841911318,16.95324201104543,0.19310238479570718,-0.41935483870967744,-0.024918036487696024,1.327429890480486,0.0,-0.32709123917113336,-0.42292930729606065,-0.44534535423573507,-0.13573747503009737,1.0170567580460066,1.9452901472542246,Apparel Manufacturing,Consumer Cyclical,JRSH
2020Q2,2020,Q2,2019-11-12,2019-09-30,3592747.0,30611119.0,4188482.0,0.31,7302357.0,0.23855243579955376,62735318.0,54160573.0,55227746.0,6227134.0,8269753.0,13050654.0,38796470.0,83691750.0,61016289.0,4.78239055187638,8.86888671417702,0.014703727173264668,0.017031632955581914,0.06417420449546747,4.78239055187638,0.06633509951971889,2.734031055839546,5.8236601408337405,1.5452523000449052,0.15760920543528392,1.786022524235184,0.006765899864682004,0.4879407640844349,6.087086611593712,0.05726833169156806,10.350549672076609,0.23855243579955376,1.214285714285714,0.31381271675962374,0.6268354042352188,0.0,0.6181780631253597,1.3186671984552316,1.217276568127088,0.31381271675962374,0.6268354042352188,0.0,Apparel Manufacturing,Consumer Cyclical,JRSH
2020Q1,2020,Q1,2019-08-14,2019-06-30,1549488.0,22527325.0,1889021.0,0.14,4512703.0,0.20032129868948045,60572728.0,50937175.0,54348909.0,7331218.0,9326550.0,20471483.0,35769973.0,81540000.0,66340548.0,4.497763796909492,7.413353279086777,0.015230319492957292,0.01811136954493452,0.029464925664025827,4.497763796909492,0.030419590407202598,3.619604191798183,13.155958613425856,1.600795489738094,0.36544329481738486,0.8799861739376673,0.006944444444444445,0.37190540601044086,4.027457783958955,0.02558062103460158,-8.343227742490788,0.20032129868948045,8.0,-0.4546909609971685,0.21728167044061575,0.0,0.7568678275812531,8.191067135710108,10.00434243767577,-0.4546909609971685,0.21728167044061575,0.0,Apparel Manufacturing,Consumer Cyclical,JRSH
2019Q4,2019,Q4,2019-06-28,2019-03-31,-215474.0,14479015.0,-209790.0,-0.02,2568607.0,0.17740205393806138,59251097.0,49953126.0,55350892.0,7585881.0,8988968.0,21074243.0,34786735.0,83549239.8,57015792.8,4.460247883188998,7.296567399356778,0.010948506151708887,0.012986394485101893,-0.004344722374729873,4.460247883188998,-0.004313523842331709,5.770367652771959,-96.9365675209074,1.6725527807809264,-2.6279272673269163,0.5651642149139118,0.00677744048127174,0.24436703678245822,4.1132370781983,-0.0036366246518608762,-37.66767556542603,0.17740205393806138,-1.1428571428571428,-1.9332387118468635,1.0468576274526773,2.088420558557038,-0.19721749077237055,-1.1325003966267662,-1.2043525863815594,-1.9332387118468635,1.0468576274526773,2.088420558557038,Apparel Manufacturing,Consumer Cyclical,JRSH
2019Q3,2019,Q3,2019-02-13,2018-12-31,1626214.0,18677164.0,1026608.0,0.14,3199630.0,0.17131241124187804,60191416.0,50540771.0,53896259.0,7750633.0,9341633.0,12121042.0,35709499.0,69082500.0,42391644.0,4.46276123620309,6.953788032538761,0.00034747479607391194,0.0004138243162139335,0.03150772680596563,4.46276123620309,0.03217628001757235,3.698768185576782,10.620142859426865,1.3668667618861612,0.0,1.2769144764946776,0.0,0.31029613923686394,5.14180867549786,0.02701737403884966,22.57328782677883,0.17131241124187804,-0.6585365853658536,-0.23517308163523504,0.708267716319379,0.0,-0.6167640098833618,-0.645455516627169,-0.8304972191424705,-0.23517308163523504,0.708267716319379,0.0,Apparel Manufacturing,Consumer Cyclical,JRSH
2019Q2,2019,Q2,2018-11-13,2018-09-30,4586770.0,33464397.0,6056585.0,0.41,8348981.0,0.24948846381424414,58892186.0,49480497.0,52346880.0,7510957.0,9101957.0,8741996.0,34649535.0,71987142.5,47362254.5,4.467787153796249,6.969402168059276,0.036588147704349094,0.0435475819897282,0.08893018943336285,4.467787153796249,0.09269854342813089,2.151156122729479,3.923629400427752,1.4548589214857726,0.0,2.8729612779507105,0.0,0.5682315307501067,5.654043818916817,0.07788418653707302,3.8422253415040752,0.24948846381424414,6.125,0.7151828346969129,0.8186287228390067,0.0,0.7917071817169482,6.181379985789181,12.540111160015929,0.7151828346969129,0.8186287228390067,0.0,Apparel Manufacturing,Consumer Cyclical,JRSH
2019Q1,2019,Q1,2018-08-13,2018-06-30,-885241.0,18363085.0,-524829.0,-0.08,4659791.0,0.25375861408908146,56950438.0,44698956.0,50293694.0,10350733.0,11941733.0,20007447.0,30062765.0,79867415.34,73997573.34,4.130323910892694,4.858949989338919,0.12395923978670717,0.15793507570959822,-0.017287253920859585,4.130323910892694,-0.019804511765330716,4.349346274877016,-22.555274591890797,1.7867848041014651,0.0,0.6849096738829297,0.0,0.3224397501560919,2.5282629742260765,-0.015544059555784277,-7.539047985747935,0.25375861408908146,0.11111111111111106,-1.3260175218619696,0.038369791096203074,0.0,1.183658100657095,0.0973210480053677,-2.17146715475101,-1.3260175218619696,0.038369791096203074,0.0,Apparel Manufacturing,Consumer Cyclical,JRSH
2018Q4,2018,Q4,2018-06-28,2018-03-31,-980682.0,8852298.0,448010.0,-0.09,2133938.0,0.2410603438790696,43268281.0,33747256.0,36850286.0,7923421.0,9211421.0,20293392.0,30948006.0,97281750.0,89664115.0,2.9798901545253864,4.650804999507157,0.02265389281353701,0.029045176295222342,-0.030585785518915658,2.9798901545253864,-0.029059607098129697,10.989434607827256,-24.799514521526856,2.882656592879729,0.0,0.3310614607947257,0.0,0.20459093348312127,1.7536550184573052,-0.022665148171705736,-17.18175382847026,0.2410603438790696,-1.5294117647058822,-5.200408612559054,0.2375709531240345,1.0633727668287847,-0.43130715742322956,-1.4443150685241828,-0.7958865683147396,-5.200408612559054,0.2375709531240345,1.0633727668287847,Apparel Manufacturing,Consumer Cyclical,JRSH
2018Q3,2018,Q3,2018-02-09,2017-12-31,2207177.0,11543763.0,2194907.0,0.17,3752356.0,0.32505483697127185,38943899.0,34714062.0,32483107.0,3916375.0,3916375.0,6721888.0,31928688.0,97281750.0,83883951.0,3.0652593377483446,8.294176885512751,0.024333850085221306,0.027298879629816874,0.06154871499224237,3.0652593377483446,0.06358164020102286,8.427213032699996,11.01879799399867,2.802372998008703,0.0,1.1591099107869693,0.0,0.2964203199068486,5.410956049918611,0.056675809476601204,10.920024717785637,0.32505483697127185,-0.6136363636363636,0.03806041713795775,0.05582612315992633,0.0,-0.4799114048267183,-0.6162854051332619,-0.6187241639934248,0.03806041713795775,0.05582612315992633,0.0,Apparel Manufacturing,Consumer Cyclical,JRSH
2018Q2,2018,Q2,2017-11-15,2017-09-30,5752132.0,27549479.0,5756743.0,0.44,7214840.0,0.2618866222479198,37043321.0,32560213.0,30321270.0,4169131.0,4169131.0,5412339.0,29721511.0,97281750.0,92779485.0,2.875073995584989,7.27280337317297,0.009463136418033362,0.010766084361917411,0.1749198187985209,2.875073995584989,0.17666137503461662,3.5311647817368885,4.228073608185626,2.987749189478582,0.0,3.757088940659482,0.0,0.7437097499978471,5.71355397563665,0.1552812179016023,17.787833435880934,0.2618866222479198,0.6923076923076923,1.1034668375145724,0.4641237978080668,0.0,0.4868159876551351,0.6762782348192767,0.6759135694214944,1.1034668375145724,0.4641237978080668,0.0,Apparel Manufacturing,Consumer Cyclical,JRSH
2018Q1,2018,Q1,2017-06-30,2017-06-30,3431490.0,21350158.0,3434988.0,0.26,4852544.0,0.22728375124905398,40432112.0,26201086.0,36899464.0,13917516.0,13917516.0,15568525.0,23969379.0,97281750.0,95822623.0,2.313561677704194,2.651296682540189,0.0,0.0,0.1312087289463267,2.313561677704194,0.13096747211165216,4.556488528094265,7.087427764615372,3.712889992422452,0.0,1.0596773939727753,0.0,0.5280495364674495,1.4499547189311657,0.08487041191417356,-21.9597828079303,0.22728375124905398,0.2380952380952382,0.20763924228379077,0.15367252855858726,0.0,0.1532091958360792,0.23117929847511282,0.22835196429720858,0.20763924228379077,0.15367252855858726,0.0,Apparel Manufacturing,Consumer Cyclical,JRSH
2017Q4,2017,Q4,2017-03-31,2017-03-31,2787157.0,12171951.0,2796420.0,0.21,4207861.0,0.3457014409604508,33897294.0,21701193.0,30258664.0,11879504.0,11879504.0,19151609.0,20537889.0,97281750.0,93627377.0,1.9162201324503312,2.5471319341278895,0.0,0.0,0.12944501189663593,1.9162201324503312,0.12843335387137472,7.9922889929478025,8.72589434323219,4.482783504114266,0.0,0.4158444337496656,0.0,0.35908326487654146,0.8252722504239234,0.08222358398283945,95.97760628578871,0.3457014409604508,0.16666666666666666,10.937812937684443,0.7016658273873116,0.3268530823334333,0.12451412196410576,0.1618537422339017,0.1680996294472285,10.937812937684443,0.7016658273873116,0.3268530823334333,Apparel Manufacturing,Consumer Cyclical,JRSH
2017Q3,2017,Q3,2016-12-31,2016-12-31,2398888.0,12615762.0,2393991.0,0.18,3741937.0,0.2966080843947437,26200651.0,18900782.0,22418452.0,6971513.0,6971513.0,8365284.0,17750732.0,97281750.0,94274694.0,1.6689432229580574,3.2157226128675367,0.0,0.0,0.12713416110206097,1.6689432229580574,0.12692003960471054,7.711127556147619,10.138212997021952,5.14696958041207,0.0,1.060791839225064,0.0,0.48150566945836576,1.8250903354838468,0.09155833570700209,19.19338148033789,0.2966080843947437,-0.14285714285714285,0.1282242783189755,0.1538742681366829,0.0,0.0025234975424097083,-0.12276328934877401,-0.12375104773268816,0.1282242783189755,0.1538742681366829,0.0,Apparel Manufacturing,Consumer Cyclical,JRSH
2017Q2,2017,Q2,2016-09-30,2016-09-30,2734596.0,18816359.0,2732090.0,0.21,3732518.0,0.19836558177913166,,,,,,,,97281750.0,,,0.0,0.0,0.0,0.0,,0.0,5.170062390922707,8.893612621389046,0.0,0.0,0.0,0.0,0.0,0.0,0.0,107.64804105778232,0.19836558177913166,-0.0454545454545455,0.0,0.0,0.0,-0.01543147106358475,-0.037617640910425035,-0.03980057188325034,0.0,0.0,0.0,Apparel Manufacturing,Consumer Cyclical,JRSH
2017Q1,2017,Q1,2016-06-30,2016-06-30,2841486.0,18506255.0,2845336.0,0.22,3791019.0,0.20485068426864322,,,,,,,,97281750.0,,,0.0,0.0,0.0,0.0,,0.0,5.256695641554707,8.559055895401208,0.0,0.0,0.0,0.0,0.0,0.0,0.0,486.8128046278411,0.20485068426864322,11.29050279329609,0.0,0.0,0.0,0.8558181884935933,11.170512221969993,10.583640701205859,0.0,0.0,0.0,Apparel Manufacturing,Consumer Cyclical,JRSH
2016Q4,2016,Q4,2016-03-31,2016-03-31,233473.0,7152962.0,245634.0,0.0179,2042775.0,0.2855844893346281,25020946.0,16355385.0,20555949.0,8303459.0,8303459.0,16510702.0,15153000.0,97281750.0,94457776.0,1.444184105960265,2.4755886673252676,0.0,0.0,0.016588481881349464,1.444184105960265,0.014274992609467768,13.600205061903027,104.16809438350474,5.947995109867484,0.0,0.30950755455461554,0.0,0.2858789591728466,0.34009609730113677,0.009331102029475624,146.851682167231,0.2855844893346281,-0.888125,0.0,0.0,0.0,-0.18494881928249243,-0.8901949957930649,-0.884059653813041,0.0,0.0,0.0,Apparel Manufacturing,Consumer Cyclical,JRSH
2016Q3,2016,Q3,2015-12-31,2015-12-31,2126251.0,10933394.0,2118624.0,0.16,2506315.0,0.22923485607488397,,,,,,,,97281750.0,,,0.0,0.0,0.0,0.0,,0.0,8.897671665358443,11.43817804200915,0.0,,0.0,,0.0,0.0,0.0,0.0,0.22923485607488397,0.0,0.0,0.0,0.0,0.0,0.0,0.0,0.0,0.0,0.0,Apparel Manufacturing,Consumer Cyclical,JRSH
