Year,Date,FillingDate,NetIncome,Revenue,OperatingIncome,EPSDiluted,GrossProfit,GrossProfitRatio,TotalAssets,CommonStockEquity,CurrentAssets,CurrentLiability,TotalLiability,Inventory,RetainedEarnings,EnterpriseValue,bookValuePerShare,currentRatio,debtToAssets,debtToEquity,roic,shareholdersEquityPerShare,roe,priceToSalesRatio,peRatio,pbRatio,payoutRatio,inventoryTurnover,dividendYield,assetTurnover,quickRatio,returnOnAssets,priceToFreeCashFlowsRatio,grossProfitMargin,epsdilutedGrowth,fiveYNetIncomeGrowthPerShare,fiveYRevenueGrowthPerShare,fiveYShareholdersEquityGrowthPerShare,grossProfitGrowth,netIncomeGrowth,operatingIncomeGrowth,threeYNetIncomeGrowthPerShare,threeYRevenueGrowthPerShare,threeYShareholdersEquityGrowthPerShare,Industry,Sector,Price,MarketCap,AvgVolume,Symbol
2022,2022-12-31,2022-12-31,-177274676.0,-164685920.0,-177274676.0,0.0,-164685920.0,1.0,1252456830.0,1041159645.0,4011590.0,1842231.0,211297185.0,0.0,657574137.0,3335136.0,0.0,2.177571650895029,0.0028083874156365134,0.003378333012513177,-0.16969328421980645,0.0,-0.170266564643888,0.0,0.0,0.0,,0.0,,-0.1314902965557703,2.177571650895029,-0.14154154598685847,0.0,1.0,-1.0,-1.0,-1.0,-1.0,-1.5339960526114285,-1.603774171229074,-1.603774171229074,-1.0,-1.0,-1.0,Asset Management,Financial Services,41.26,989179618,19526,GAM
2021,2021-12-31,2021-12-31,293610897.0,308402879.0,293610897.0,12.36,308402879.0,1.0,1496802508.0,1472905839.0,-2382804.0,2873704.0,23896669.0,0.0,880935015.0,1017574171.8000001,64.4887898577036,-0.8291751690501179,0.002691935628424268,0.002735610039223967,0.19879742179740345,64.4887898577036,0.19934125402024427,3.273366263873302,3.438276951280865,0.6853904391372299,,0.0,,0.20604112924161402,-0.8291751690501179,0.1961587420055285,0.0,1.0,2.791411042944785,2.2551892172268495,1.9537861335408817,0.1368313022503609,2.463500425678647,2.814512556516935,2.814512556516935,6.373029580642548,7.847271923799869,0.7781904884907693,Asset Management,Financial Services,41.26,989179618,19526,GAM
2020,2020-12-31,2020-12-31,76972062.0,89043696.0,76972062.0,3.26,89043696.0,1.0,1306920382.0,1278088238.0,-3399280.0,8007518.0,28832144.0,0.0,675941735.0,758101295.0799999,63.45662388787284,-0.424511065725984,0.0034633310967829103,0.0035414597094508274,0.06001184287217528,63.45662388787284,0.06022437239579698,8.412147436916813,9.731436051173995,0.5860696286917867,,0.0,,0.06813245644217063,-0.424511065725984,0.058895754523476396,0.0,1.0,-0.7305785123966942,-0.032292582105867065,-0.03290156003169033,0.11863591377725811,-0.712691793337847,-0.7407273513530643,-0.7407273513530643,-0.42444618664626405,-0.3839432119029718,0.2943661936928901,Asset Management,Financial Services,41.26,989179618,19526,GAM
2019,2019-12-31,2019-12-31,296876907.0,309923956.0,296876907.0,12.1,309923956.0,1.0,1294921135.0,1271814789.0,229615.0,1721344.0,23106346.0,0.0,670106930.0,900697051.9200001,53.88952551159285,0.1333928604625223,0.0038680556403151148,0.0039383305205456295,0.232512073930813,53.88952551159285,0.2334277833279701,2.873864316316355,3.000163963308874,0.7003216235756479,,0.0,,0.23933809374421863,0.1333928604625223,0.22926253883407346,0.0,1.0,6.06276150627615,2.1853101866136133,1.8726784474403149,-0.05001629585269917,6.243953870444386,5.140264077630258,5.140264077630258,2.1853101866136133,1.8726784474403149,-0.05001629585269917,Asset Management,Financial Services,41.26,989179618,19526,GAM
2018,2018-12-31,2018-12-31,-71704824.0,-59101198.0,-71704824.0,-2.39,-59101198.0,1.0,1108268289.0,1086906377.0,8540561.0,2162215.0,21361912.0,0.0,442386804.0,854382717.2800001,36.26652502929433,3.9499129365026144,0.004942216658515256,0.005039350321154662,-0.06564069509500609,36.26652502929433,-0.06597148155291392,-14.421801048432219,-11.886867183161904,0.7841942390959034,,0.0,,-0.053327518784578344,3.9499129365026144,-0.06469987882148995,0.0,1.0,-1.385483870967742,-1.6058386927468897,-1.4313814562079914,-0.3606808102908924,0.0,-1.41997878142856,0.0,-1.6058386927468897,-1.4313814562079914,-0.3606808102908924,Asset Management,Financial Services,41.26,989179618,19526,GAM
2017,2017-12-31,2017-12-31,170734397.0,184525449.0,0.0,6.2,0.0,0.0,1276430286.0,1260600620.0,0.0,0.0,15829666.0,0.0,-2614547.0,884537313.5999999,49.02524818484944,0.0,0.0,0.0,0.0,49.02524818484944,0.1354389283102209,4.793578979992076,5.1807797909638555,0.7016792626993948,,0.0,,0.14456367184631344,0.0,0.13375928076341492,0.0,0.0,0.8128654970760235,0.681350023997459,0.5698202806199627,-0.13576550497990442,0.0,1.0224039942237944,0.0,0.681350023997459,0.5698202806199627,-0.13576550497990442,Asset Management,Financial Services,41.26,989179618,19526,GAM
2016,2016-12-31,2016-12-31,84421509.0,97722947.0,0.0,3.42,0.0,0.0,1228017205.0,1212651867.0,0.0,0.0,15365338.0,0.0,-2167055.0,666536668.4399999,56.726789392628305,0.0,0.0,0.0,0.0,56.726789392628305,0.06961726716246419,6.820677117320254,7.895341795418512,0.5496521191106202,,0.0,,0.07957783213631767,0.0,0.06874619399163874,0.0,0.0,0.0,0.0,0.0,0.0,0.0,0.0,0.0,0.0,0.0,0.0,Asset Management,Financial Services,41.26,989179618,19526,GAM
2010,2010-12-31,2010-12-31,0.0,0.0,0.0,0.0,0.0,0.0,,,,,,,,,,0.0,0.0,0.0,0.0,,0.0,0.0,0.0,0.0,0.0,0.0,,0.0,0.0,0.0,0.0,0.0,0.0,0.0,0.0,0.0,0.0,0.0,0.0,0.0,0.0,0.0,Asset Management,Financial Services,41.26,989179618,19526,GAM
TTM,,,,,,,,,,,,,,,,992514754.0,0.0,2.177571650895029,0.0028083874156365134,0.003378333012513177,-0.16969328421980645,0.0,-0.1410262995361182,-6.006461378119028,0.0,0.0,0.0,0.0,0.024236548715462918,-0.1314902965557703,2.177571650895029,-0.14154154598685847,0.0,1.0,,,,,,,,,,,Asset Management,Financial Services,41.26,989179618,19526,GAM
