Quarters,Year,Quarter,FillingDate,Date,NetIncome,Revenue,OperatingIncome,EPSDiluted,GrossProfit,GrossProfitRatio,TotalAssets,CommonStockEquity,CurrentAssets,CurrentLiability,TotalLiability,Inventory,RetainedEarnings,MarketCap,EnterpriseValue,bookValuePerShare,currentRatio,debtToAssets,debtToEquity,roic,shareholdersEquityPerShare,roe,priceToSalesRatio,peRatio,pbRatio,payoutRatio,inventoryTurnover,dividendYield,assetTurnover,quickRatio,returnOnAssets,priceToFreeCashFlowsRatio,grossProfitMargin,epsdilutedGrowth,fiveYNetIncomeGrowthPerShare,fiveYRevenueGrowthPerShare,fiveYShareholdersEquityGrowthPerShare,grossProfitGrowth,netIncomeGrowth,operatingIncomeGrowth,threeYNetIncomeGrowthPerShare,threeYRevenueGrowthPerShare,threeYShareholdersEquityGrowthPerShare,Industry,Sector,Symbol
2023Q1,2023,Q1,2023-05-23,2023-03-31,-573743.0,0.0,2076303.0,-0.0167,0.0,0.0,54569088.0,45633637.0,200791.0,6533748.0,8935451.0,0.0,-16010590.0,82278016.79,83430205.79,5.718207801128989,0.030731365825556786,0.02290674163365164,0.02739207484163491,0.035672808799356893,5.718207801128989,-0.01257280895669131,0.0,-35.8514251110689,1.8030124749863792,0.0,0.0,0.0,0.0,0.014970121284138905,-0.010514066132092954,-344.8510699945513,0.0,-1.075909090909091,-2.619884368113623,0.0,-0.8394953608640285,0.0,-1.0811234838207047,2.4960949406080783,-2.619884368113623,0.0,-0.8394953608640285,Shell Companies,Financial Services,PLMI
2022Q4,2022,Q4,2023-04-17,2022-12-31,7072465.0,0.0,-1387815.0,0.22,0.0,0.0,324041674.0,308614129.0,130032.0,3875756.0,15427545.0,0.0,-15298312.0,321770070.72,322683669.72,9.667867534600516,0.033550099645075694,0.0030860228181638144,0.0032402923457856333,-0.011153415413506158,9.667867534600516,0.02291685420533679,0.0,11.37404252689833,1.0426290972569179,0.0,0.0,0.0,0.0,0.02229268302751773,0.021825788370664942,-1180.9896230611691,0.0,0.5714285714285713,-0.5776478730479311,0.0,-0.7411267898896746,0.0,0.2621211520952296,-1.1922675933970461,-0.5776478730479311,0.0,-0.7411267898896746,Shell Companies,Financial Services,PLMI
2022Q3,2022,Q3,2022-11-14,2022-09-30,5603634.0,0.0,-633050.0,0.14,0.0,0.0,321386809.0,305771804.0,231286.0,3589195.0,15615005.0,0.0,-15384517.0,79085853.19,79726994.19,38.31530489226805,0.06443951916794713,0.002333636537024144,0.0024528095468213935,-0.004656600496047775,38.31530489226805,0.018326195962790604,0.0,3.528328812606248,0.2586433809639296,0.0,0.0,0.0,0.0,0.030329642162100417,0.017435793390014335,-368.0517374591045,0.0,0.0,8.852549732132532,0.0,4.137934333316635,0.0,-0.026597815330209697,0.5901251929431995,8.852549732132532,0.0,4.137934333316635,Shell Companies,Financial Services,PLMI
2022Q2,2022,Q2,2022-08-15,2022-06-30,5756751.0,0.0,-1544496.0,0.14,0.0,0.0,319987621.0,303286512.0,275569.0,3000428.0,16701109.0,0.0,-16426339.0,78208008.2,78634272.2,38.00388075348018,0.09184323036580115,0.0015625604466742793,0.0016486061206704768,-0.015572911720363061,38.00388075348018,0.018981229867551776,0.0,3.3963605599755837,0.25786840200793365,0.0,0.0,0.0,0.0,0.02457516061041958,0.017990542827905208,-403.17147054881383,0.0,-0.22222222222222213,3.4526222797109503,0.0,0.6068832221335386,0.0,-0.20894270076197352,-2.0339202790938877,3.4526222797109503,0.0,0.6068832221335386,Shell Companies,Financial Services,PLMI
2022Q1,2022,Q1,2022-05-16,2022-03-31,7277287.0,0.0,-509076.0,0.18,0.0,0.0,319814271.0,301407083.0,555616.0,1735979.0,18407188.0,0.0,-17810056.0,77968595.92999999,78200877.92999999,37.768375405320704,0.32005917122269334,0.0015634074065444066,0.0016588860322170995,-0.0036400713266492605,37.768375405320704,0.02414437951347016,0.0,2.6784911715725928,0.258682029479712,0.0,0.0,0.0,0.0,0.15421730331991343,0.022754728790698647,-229.65307219901854,0.0,0.7999999999999998,19.54641791460024,0.0,0.06012227537201996,0.0,0.738334484692654,0.6656427272386934,19.54641791460024,0.0,0.06012227537201996,Shell Companies,Financial Services,PLMI
2021Q4,2021,Q4,2022-04-22,2021-12-31,4186356.0,0.0,-1522551.0,0.1,0.0,0.0,319732251.0,298036004.0,450854.0,1170936.0,21696247.0,0.0,-21181135.0,77649379.57000001,77542155.57000001,37.34595607819098,0.3850372693298353,0.0,0.0,-0.016093659784340582,37.34595607819098,0.014046477418211526,0.0,4.637050669484392,0.2605369100640606,0.0,0.0,0.0,0.0,0.09157118749444888,0.013093317883656348,-297.52316051435713,0.0,0.4285714285714285,0.0,0.0,0.0,0.0,0.4721262221547057,-2.1594291014656353,0.0,0.0,0.0,Shell Companies,Financial Services,PLMI
2021Q3,2021,Q3,2021-11-22,2021-09-30,2843748.0,0.0,-481907.0,0.07,0.0,0.0,320255067.0,297562959.0,914185.0,177254.0,22692108.0,0.0,-21654180.0,385852755.81,385484545.81,7.457336432623262,5.157485867737822,0.0,0.0,-0.0016195127297413386,7.457336432623262,0.0095567943320526,0.0,33.92114524651973,1.296709634514691,0.0,0.0,0.0,0.0,2.0773014995430286,0.008879634681939318,-1149.0244627451914,0.0,-0.5882352941176471,0.0,0.0,0.0,0.0,0.40860703464420356,0.4541746706293833,0.0,0.0,0.0,Shell Companies,Financial Services,PLMI
2021Q2,2021,Q2,2021-08-16,2021-06-30,2018837.0,0.0,-882896.0,0.17,0.0,0.0,320704956.0,294719211.0,949269.0,150141.0,25985745.0,0.0,2421393.0,120999630.82000001,120295611.82000001,23.650679918743904,6.322516834175874,0.0,0.0,-0.0029957192033877966,23.650679918743904,0.006850035303602927,0.0,14.98382866224465,0.41055902127805305,0.0,0.0,0.0,0.0,4.689052290846604,0.0062949978234823414,-76.96266906078543,0.0,3.25,0.0,0.0,0.0,0.0,4.893450997793061,-0.42875683513311014,0.0,0.0,0.0,Shell Companies,Financial Services,PLMI
2021Q1,2021,Q1,2021-06-04,2021-03-31,342556.0,0.0,-617947.0,0.04,0.0,0.0,303174983.0,274976568.0,3174482.0,1018415.0,28198415.0,0.0,342556.0,76025550.5,73749345.5,35.62643317919809,3.117080954227893,0.0,0.0,-0.002247271483874219,35.62643317919809,0.001245764329999202,0.0,55.484030713226446,0.2764801053884708,0.0,0.0,0.0,0.0,2.235046616556119,0.0011298953383630601,2486.526590351594,0.0,0.0,0.0,0.0,0.0,0.0,0.0,0.0,0.0,0.0,0.0,Shell Companies,Financial Services,PLMI
