Quarters,Year,Quarter,FillingDate,Date,NetIncome,Revenue,OperatingIncome,EPSDiluted,GrossProfit,GrossProfitRatio,TotalAssets,CommonStockEquity,CurrentAssets,CurrentLiability,TotalLiability,Inventory,RetainedEarnings,MarketCap,EnterpriseValue,bookValuePerShare,currentRatio,debtToAssets,debtToEquity,roic,shareholdersEquityPerShare,roe,priceToSalesRatio,peRatio,pbRatio,payoutRatio,inventoryTurnover,dividendYield,assetTurnover,quickRatio,returnOnAssets,priceToFreeCashFlowsRatio,grossProfitMargin,epsdilutedGrowth,fiveYNetIncomeGrowthPerShare,fiveYRevenueGrowthPerShare,fiveYShareholdersEquityGrowthPerShare,grossProfitGrowth,netIncomeGrowth,operatingIncomeGrowth,threeYNetIncomeGrowthPerShare,threeYRevenueGrowthPerShare,threeYShareholdersEquityGrowthPerShare,Industry,Sector,Symbol
2023Q1,2023,Q1,2023-05-15,2023-03-31,-6339000.0,2316000.0,-5769000.0,-0.69,1191000.0,0.5142487047,11496000.0,827000.0,10528000.0,5911000.0,10669000.0,302000.0,-504965000.0,50709850.830000006,46688850.830000006,0.08953349153442974,1.7810861106411775,0.3056715379262352,4.249093107617896,-1.2896105808628637,0.08953349153442974,-7.665054413542927,21.895445090673576,-1.9999152401798392,61.31783655380895,0.0,3.725165562913907,0.0,0.20146137787056367,1.5376416849940788,-0.5514091858037579,-8.874667628631432,0.5142487046632125,-17.498659517426272,-13.456929082038746,22.19498078612453,3.3384476562911183,-0.03640776699029126,-0.36469321851453174,-0.029994643813604713,-17.015744647367814,18.994732817122742,0.6428679867690804,Diagnostics & Research,Healthcare,AWH
2022Q4,2022,Q4,2023-03-30,2022-12-31,-4645000.0,2153000.0,-5601000.0,-0.0373,1236000.0,0.5740826753,17373000.0,6731000.0,16309000.0,5775000.0,10642000.0,316000.0,-498898000.0,621110224.704,611635224.704,0.05406602188203156,2.824069264069264,0.22051459160766707,0.5691576288812955,-0.4674459611206933,0.05406602188203156,-0.6900906254642698,288.48593808824893,-33.42896796038752,92.27606963363542,0.0,2.901898734177215,0.0,0.1239279341506936,2.5196536796536795,-0.26736890577332645,-86.86856289566434,0.5740826753367394,-8.459999999999999,0.2422845606027832,0.30052600897308507,-0.047674615977313796,0.06920415224913495,-8.994836488812393,0.422398680004125,-0.07132130786922418,0.2858357817551251,-0.39824906836506974,Diagnostics & Research,Healthcare,AWH
2022Q3,2022,Q3,2022-11-10,2022-09-30,581000.0,2072000.0,-9697000.0,0.005,1156000.0,0.5579150579,23942000.0,11178000.0,22976000.0,7297000.0,12764000.0,280000.0,-493797000.0,653870553.288,636454553.288,0.09544209276008286,3.148691242976566,0.13094144181772618,0.2804616210413312,0.08420594162495874,0.09544209276008286,0.051977097870817675,315.57459135521236,281.35565976247847,58.49620265593129,0.0,3.2714285714285714,0.0,0.0865424776543313,2.980951075784569,0.024266978531451006,-75.28734062037996,0.5579150579150579,1.0679347826086958,1.1136017677754249,0.4541934823098065,-0.07385569042130209,0.19668737060041408,1.070287926445681,-0.17968369829683697,1.1261557992962108,0.33746083521833287,-0.2160579531451892,Diagnostics & Research,Healthcare,AWH
2022Q2,2022,Q2,2022-08-10,2022-06-30,-8266000.0,2066000.0,-8220000.0,-0.0736,966000.0,0.4675701839,24016000.0,14122000.0,22956000.0,7044000.0,9894000.0,191000.0,-489239000.0,989140494.5625,972121494.5625,0.12581642919699157,3.2589437819420786,0.14411225849433712,0.2450786007647642,-0.458833054513543,0.12581642919699157,-0.5853278572440165,478.77081053363986,-29.915935596494677,70.0425219205849,0.0,5.7591623036649215,0.0,0.08602598267821453,3.065303804656445,-0.3441872085276482,-156.3364145033191,0.4675701839303001,0.1111111111111111,-0.7510362281988533,0.1501797418467956,0.5595433322722249,0.005202913631633715,0.11013026159974162,0.11106304747485671,-0.30090316599522426,0.228270224031006,-0.28266097060867545,Diagnostics & Research,Healthcare,AWH
2022Q1,2022,Q1,2022-05-11,2022-03-31,-9289000.0,1893000.0,-9247000.0,-0.0828,961000.0,0.5076597993,30861000.0,21744000.0,29800000.0,6139000.0,9117000.0,189000.0,-480996000.0,1749368992.8,1726297992.8,0.1939021449426024,4.854210783515231,0.12261430284177441,0.17402501839587933,-0.3575047221462132,0.1939021449426024,-0.42719830757910227,924.1251942947702,-47.081736268704915,80.45295220750552,0.0,4.931216931216931,0.0,0.06133955477787499,4.5595373839387525,-0.300994783059525,-170.5869325012189,0.5076597992604331,-0.02985074626865671,-0.6772405133909973,0.25845976002790105,0.6049201955971827,-0.05226824457593689,-0.03108003108003108,-0.0374733535285538,-0.6831650582497526,0.5873347280258191,3.0255904355573797,Diagnostics & Research,Healthcare,AWH
2021Q4,2021,Q4,2022-03-31,2021-12-31,-9009000.0,1851000.0,-8913000.0,-0.0804,1014000.0,0.5478119935,41079000.0,30172000.0,40005000.0,7840000.0,10907000.0,174000.0,-471728000.0,2975647881.15,2941446881.15,0.26920745733208573,5.102678571428571,0.0725188052289491,0.09873392549383535,-0.27030083212689315,0.26920745733208573,-0.29858809492244465,1607.5893469205835,-82.57431127622378,98.6228251740024,0.0,4.810344827586207,0.0,0.04505951946249909,4.873341836734694,-0.21930913605491859,-387.5046075205105,0.5478119935170178,0.10666666666666665,-0.47683355392356114,0.0727546315737275,2.741753449475737,0.3538050734312417,0.07190687132996806,0.08028067278918584,-1.1497976936476644,0.3509697096415216,1.838877856482308,Diagnostics & Research,Healthcare,AWH
2021Q3,2021,Q3,2021-11-10,2021-09-30,-9707000.0,1666000.0,-9691000.0,-0.09,749000.0,0.4495798319327731,48047000.0,38504000.0,47188000.0,6409000.0,9543000.0,137000.0,-462767000.0,5463760233.75,5422280233.75,0.3435491163036799,7.362771103136215,0.07055591400087415,0.08804280074797424,-0.22901502977597127,0.3435491163036799,-0.25210367753999585,3279.567967436975,-140.71701436463377,141.90110725509038,0.0,6.693430656934306,0.0,0.03467438133494287,7.173193946013418,-0.20203134430869774,-681.3518186494575,0.4495798319327731,-0.5,-0.30157399283505326,0.24638022761811593,1.8531118898174417,0.07614942528735633,-0.372208085948544,-0.20056987115956393,-1.459373582385834,0.44626218241660603,1.6644011508753371,Diagnostics & Research,Healthcare,AWH
2021Q2,2021,Q2,2021-08-12,2021-06-30,-7074000.0,1799000.0,-8072000.0,-0.06,696000.0,0.386881600889383,55829000.0,46838000.0,54907000.0,5791000.0,8991000.0,101000.0,-453060000.0,9438137630.4,9388799630.4,0.4183498434354427,9.481436712139526,0.06546776764763833,0.07803492890388146,-0.1585013843344395,0.4183498434354427,-0.15103121397156155,5246.32441934408,-333.55024139100937,201.50599151116614,0.0,10.92079207920792,0.0,0.03222339644270899,9.336211362458988,-0.1267083415429257,-1433.278303781321,0.386881600889383,-0.1999999999999999,0.12106413099948211,0.18193202797435215,1.295375776847226,0.15422885572139303,-0.19493243243243244,-0.37138973836221545,-0.4372027737894131,0.5740130229130976,1.404215852285455,Diagnostics & Research,Healthcare,AWH
2021Q1,2021,Q1,2021-05-14,2021-03-31,-5920000.0,1496000.0,-5886000.0,-0.05,603000.0,0.40307486631016043,62297000.0,52325000.0,61373000.0,6148000.0,9972000.0,71000.0,-445986000.0,11001998340.0,10947543340.0,0.481540360785039,9.98259596616786,0.07888020289901601,0.09391304347826086,-0.10205992509363296,0.481540360785039,-0.11313903487816532,7354.276965240641,-464.61141638513516,210.26274897276636,0.0,12.577464788732394,0.0,0.0240139974637623,9.811483409238777,-0.09502865306515562,-2077.416604984894,0.40307486631016043,0.9137931034482758,0.42022127317314273,0.42072783389269314,0.9487907736755583,1.6103896103896105,0.026475908567669793,0.030951596970694766,-0.1476790418670145,0.27359252355604335,22.33358851367996,Diagnostics & Research,Healthcare,AWH
2020Q4,2020,Q4,2021-03-31,2020-12-31,-6081000.0,1446000.0,-6074000.0,-0.58,231000.0,0.15975103734439833,19605000.0,9719000.0,18603000.0,6400000.0,9886000.0,30000.0,-440066000.0,1049081995.5,1037160995.5,0.9324508038418623,2.90671875,0.24024483550114767,0.48461775902870663,-0.40872081286589057,0.9324508038418623,-0.6256816544912028,725.5062209543569,-43.129501541687226,107.94135152793498,0.0,40.5,0.0,0.07375669472073451,2.73375,-0.3101759755164499,-210.65903524096385,0.15975103734439833,-13.499999999999998,-5.089378143772096,18.987106147316876,1.763963381499314,-0.4652777777777778,-0.4184744576627012,-0.4188273767811259,-10.84826998898709,9.432846687521842,15.424300123070141,Diagnostics & Research,Healthcare,AWH
2020Q3,2020,Q3,2020-11-12,2020-09-30,-4287000.0,1239000.0,-4281000.0,-0.04,432000.0,0.3486682808716707,21265000.0,14550000.0,20251000.0,4615000.0,6715000.0,45000.0,-433985000.0,4775608320.3,4758935320.3,0.14098753600414696,4.388082340195016,0.10171643545732424,0.14865979381443298,-0.24970835277648157,0.14098753600414696,-0.294639175257732,3854.4054239709444,-278.4936039363191,328.22050311340206,0.0,17.933333333333334,0.0,0.05826475429108864,4.26522210184182,-0.20159887138490476,-1487.2651262223608,0.3486682808716707,0.0,0.5939834107475614,0.8298582291176899,-0.6793608939675261,1.8235294117647058,-0.11902897415818324,-0.11892315734448511,0.048728863310842765,-0.013162537057709771,0.3681049987031857,Diagnostics & Research,Healthcare,AWH
2020Q2,2020,Q2,2020-08-14,2020-06-30,-3831000.0,746000.0,-3826000.0,-0.04,153000.0,0.20509383378016086,13091000.0,7267000.0,12690000.0,4199000.0,5824000.0,66000.0,-429698000.0,5651930246.400001,5643197246.400001,0.07405951272427932,3.0221481305072637,0.16820716522801926,0.3030136232282923,-0.4040553384729116,0.07405951272427932,-0.527177652401266,7576.314003217159,-368.82865090054815,777.7528892803083,0.0,8.984848484848484,0.0,0.056985715376976546,2.7992379137889976,-0.2926438010847147,-1610.6954250213737,0.20509383378016086,0.0,0.6538915299711516,-0.38914616447098554,-0.6547534099090895,-0.6357142857142857,-0.03372908796546142,-0.006842105263157895,0.07168274157144812,-0.5249287309485648,-0.08200367791679829,Diagnostics & Research,Healthcare,AWH
2020Q1,2020,Q1,2020-05-14,2020-03-31,-3706000.0,1220000.0,-3800000.0,-0.04,420000.0,0.3442622950819672,10353000.0,5302000.0,9986000.0,3985000.0,5051000.0,63000.0,-425867000.0,1211228889.45,1204340889.45,0.054498287297270506,2.5058971141781683,0.12015840819086256,0.23462844209732175,-0.5805071799572258,0.054498287297270506,-0.6989815164089023,992.8105651229508,-81.70729151713437,228.4475461052433,0.0,12.698412698412698,0.0,0.1178402395440935,2.278042659974906,-0.3579638752052545,-343.7085384364359,0.3442622950819672,-0.3333333333333334,0.6029918953238734,-0.4314629229904087,-0.8453102889750637,-0.18604651162790697,-0.09418364334219073,-0.11633372502937721,0.22868504312945306,-0.06513584803577196,-0.5489198846421336,Diagnostics & Research,Healthcare,AWH
2019Q4,2019,Q4,2020-04-07,2019-12-31,-3387000.0,1308000.0,-3404000.0,-0.03,516000.0,0.3944954128440367,13828000.0,8738000.0,13410000.0,3978000.0,5090000.0,25000.0,-422161000.0,1181627728.65,1171216728.65,0.08984784075886115,3.3710407239819005,0.0934336129592132,0.14785992217898833,-0.33938185443668994,0.08984784075886115,-0.38761730373083086,903.385113646789,-87.21787191098318,135.22862538910508,0.0,31.68,0.0,0.09459068556551924,3.17420814479638,-0.24493780734741105,-409.71835251386966,0.3944954128440367,0.25000000000000006,0.6862411234301231,-0.6852253132566344,-0.8286502333153875,0.5357142857142857,0.11335078534031413,0.11584415584415585,0.36014321753089085,-0.12639654983249188,0.24880815494165193,Diagnostics & Research,Healthcare,AWH
2019Q3,2019,Q3,2019-11-12,2019-09-30,-3820000.0,1285000.0,-3850000.0,-0.04,336000.0,0.2614785992217899,16533000.0,11827000.0,16050000.0,3537000.0,4706000.0,29000.0,-418774000.0,757727770.8,744431770.8,0.12174636268458645,4.5377438507209495,0.08105002116978165,0.11330007609706604,-0.29239766081871343,0.12174636268458645,-0.32298976917223304,589.6714169649805,-49.58951379581152,64.06762245708971,0.0,32.724137931034484,0.0,0.07772334119639508,4.41956460277071,-0.2310530454243029,-217.67531479459925,0.2614785992217899,0.3333333333333333,0.7474112706160735,0.4707562511074271,-0.6522983907767865,0.4358974358974359,0.11451089476124246,0.10569105691056911,0.40905698087526354,0.10911631180140657,0.011081031599496567,Diagnostics & Research,Healthcare,AWH
2019Q2,2019,Q2,2019-08-08,2019-06-30,-4314000.0,1142000.0,-4305000.0,-0.06,234000.0,0.20490367775831875,18152000.0,13366000.0,17565000.0,3561000.0,4786000.0,90000.0,-414954000.0,994486916.7,979694916.7,0.17539325763962563,4.932603201347936,0.07641031291317761,0.1037707616339967,-0.2918050565986579,0.17539325763962563,-0.3227592398623373,870.8291739929948,-57.631369767037555,74.4042283929373,0.0,10.088888888888889,0.0,0.0629131776112825,4.768042684639147,-0.2376597620096959,-278.02262138663684,0.20490367775831875,-0.1999999999999999,0.6346296145580764,0.6582818964885567,-0.6455653702078991,1.146788990825688,-0.16092572658772875,-0.15756923904275344,0.21251472340791364,0.10229442528107119,-0.03766323490820855,Diagnostics & Research,Healthcare,AWH
2019Q1,2019,Q1,2019-05-14,2019-03-31,-3716000.0,803000.0,-3719000.0,-0.05,109000.0,0.1357409713574097,8254000.0,3637000.0,7576000.0,3336000.0,4617000.0,98000.0,-410640000.0,1302504927.0,1297764927.0,0.04816738017605979,2.2709832134292567,0.17373394717712623,0.3942810008248557,-0.7333859199368961,0.04816738017605979,-1.0217211987902117,1622.0484769613947,-87.62815709095801,358.1261828430025,0.0,7.081632653061225,0.0,0.09728616428398353,2.060251798561151,-0.4502059607463048,-412.5767903072537,0.1357409713574097,-0.25000000000000006,0.5577576002817498,0.2492421072229621,-0.9247192721223814,-0.35502958579881655,-0.3177304964539007,-0.31692634560906513,0.47627591985311146,0.09744081618949807,-0.8050669191546099,Diagnostics & Research,Healthcare,AWH
2018Q4,2018,Q4,2019-04-29,2018-12-31,-2820000.0,922000.0,-2824000.0,-0.04,169000.0,0.18329718004338394,11408000.0,7152000.0,10788000.0,2964000.0,4256000.0,92000.0,-406924000.0,339390468.0,331511468.0,0.09482882707242091,3.639676113360324,0.1298211781206171,0.20707494407158836,-0.32711687709950193,0.09482882707242091,-0.39429530201342283,368.10245986984813,-30.087807446808508,47.45392449664429,0.0,8.184782608695652,0.0,0.08082047685834502,3.423076923076923,-0.24719495091164095,-144.23734296642584,0.18329718004338394,0.0,0.48057359837902247,-0.8053154472225917,-0.9105719272369664,43.25,-0.06334841628959276,-0.06848278471433976,0.6097386194629913,0.7612502773983545,-0.7189091323008251,Diagnostics & Research,Healthcare,AWH
2018Q3,2018,Q3,2018-11-08,2018-09-30,-2652000.0,774000.0,-2643000.0,-0.04,-4000.0,-0.00516795865633075,13474000.0,9710000.0,12773000.0,2424000.0,3764000.0,115000.0,-404104000.0,790713777.0,780481777.0,0.12894046235898582,5.269389438943894,0.11340359210331008,0.15736354273944386,-0.23518419647624134,0.12894046235898582,-0.2731204943357364,1021.5940271317829,-74.53938320135747,81.43293274974253,0.0,6.765217391304348,0.0,0.0574439661570432,5.122112211221122,-0.19682351194893868,-341.2661963746224,-0.00516795865633075,0.0,0.6425639215333293,-0.2684984640150009,-0.7044060855605202,0.96,0.13020662512299114,0.1280105575717585,0.6557958669509619,0.566532335516763,-0.7067587975934055,Diagnostics & Research,Healthcare,AWH
2018Q2,2018,Q2,2018-08-09,2018-06-30,-3049000.0,708000.0,-3031000.0,-0.04,-100000.0,-0.14124293785310735,16121000.0,12068000.0,15286000.0,2666000.0,4053000.0,110000.0,-401452000.0,811437377.4,798876377.4,0.17400677357557476,5.733683420855214,0.09763662303827306,0.13042757706330793,-0.2221814983140302,0.17400677357557476,-0.2526516407026848,1146.097990677966,-66.53307456543128,67.23876179980113,0.0,7.345454545454546,0.0,0.0439178710998077,5.567141785446362,-0.1891321878295391,-334.06232087278715,-0.14124293785310735,0.20000000000000004,0.5922010341749362,-0.3793592471151022,-0.72661820723305,0.35064935064935066,-0.06982456140350878,-0.0691358024691358,0.6102710541671367,-0.1797676418453507,-0.18882473000671593,Diagnostics & Research,Healthcare,AWH
2018Q1,2018,Q1,2018-05-14,2018-03-31,-2850000.0,649000.0,-2835000.0,-0.05,-154000.0,-0.23728813559322035,5447000.0,1239000.0,4428000.0,2774000.0,4208000.0,102000.0,-398403000.0,1224758084.3999999,1223275084.3999999,0.02063721833882185,1.596250901225667,0.29741141912979624,1.3075060532687652,-0.9916054564533053,0.02063721833882185,-2.3002421307506054,1887.146509090909,-107.43491968421053,988.5053142857142,0.0,7.872549019607843,0.0,0.11914815494767762,1.3936553713049749,-0.5232237929135304,-514.3881076858462,-0.23728813559322035,0.0,0.7193194015667571,-0.49899684183446513,-0.862222631315359,-2.8333333333333335,0.03553299492385787,0.03571428571428571,0.5052616917332265,-0.509904877427835,-0.9414226483159451,Diagnostics & Research,Healthcare,AWH
2017Q4,2017,Q4,2018-04-30,2017-12-31,-2955000.0,798000.0,-2940000.0,-0.05,84000.0,0.10526315789473684,7497000.0,3407000.0,6305000.0,2609000.0,4090000.0,102000.0,-396053000.0,1737327368.711306,1733454368.711306,0.056772635476388396,2.416634725948639,0.2222222222222222,0.48899324919283826,-0.5795387344766411,0.056772635476388396,-0.867331963604344,2177.1019658036416,-146.9820108892814,509.928784476462,0.0,7.0,0.0,0.10644257703081232,2.201609812188578,-0.3941576630652261,-805.8104678623869,0.10526315789473684,-0.14499374252690325,0.45838744622251987,-0.8238953909837463,-0.8160209941683043,2.05,-0.17776006377042647,-0.17647058823529413,0.5563815219737047,-0.6887808835711209,-0.8917283068709663,Diagnostics & Research,Healthcare,AWH
2017Q3,2017,Q3,2017-11-08,2017-09-30,-2509000.0,699000.0,-2499000.0,-0.04366836092016912,-80000.0,-0.11444921316165951,9678000.0,5921000.0,8303000.0,2229000.0,3757000.0,155000.0,-393098000.0,1551306222.0,1545273222.0,0.10305315464660078,3.7249887842081653,0.17761934283942962,0.2903225806451613,-0.32709424083769634,0.10305315464660078,-0.4237459888532342,2219.3222060085836,-154.57415524113193,262.00071305522715,0.0,5.025806451612903,0.0,0.0722256664600124,3.5769403319874384,-0.25924777846662533,-862.3158543635353,-0.11444921316165951,-0.09170902300422792,0.6746582437304645,-0.42576196925539384,-0.7122266075762159,-1.392156862745098,-0.06313559322033899,-0.06521739130434782,0.719497912113152,0.3526940588980374,-0.7056852712800741,Diagnostics & Research,Healthcare,AWH
2017Q2,2017,Q2,2017-08-11,2017-06-30,-2360000.0,898000.0,-2346000.0,-0.04,204000.0,0.22717149220489977,8173000.0,4527000.0,6613000.0,2061000.0,3646000.0,102000.0,-390589000.0,44526393139.5,44522091139.5,0.08067517368284947,3.2086365841824356,0.21118316407683838,0.3812679478683455,-0.3751799136414521,0.08067517368284947,-0.521316545173404,49583.95672550111,-4716.7789342690685,9835.739593439364,0.0,6.803921568627451,0.0,0.10987397528447326,3.0286268801552643,-0.28875565887678944,-24916.840033296026,0.22717149220489977,0.20000000000000004,0.6813270014192285,-0.2543213365539339,-0.8315873490560663,205.0,0.11709689487467265,0.11671686746987951,0.7285541649408319,0.7708695453426496,-0.8369716390327532,Diagnostics & Research,Healthcare,AWH
2017Q1,2017,Q1,2017-05-11,2017-03-31,-2673000.0,726000.0,-2656000.0,-0.05,-1000.0,-0.0013774104683195593,10442000.0,6539000.0,8711000.0,2263000.0,3903000.0,90000.0,-388229000.0,43108999767.0,43102881767.0,0.12081731258322935,3.8493150684931505,0.17036966098448572,0.272059948004282,-0.3193075258475595,0.12081731258322935,-0.4087781006270072,59378.78755785124,-4031.8929823232324,6592.598220981801,0.0,8.077777777777778,0.0,0.0695269105535338,3.633672116659302,-0.2559854434016472,-17617.082046178995,-0.0013774104683195593,0.0,0.5855608333515443,-0.359252646435246,-0.7936516867631112,-1.0256410256410255,0.06078706957132818,0.062146892655367235,0.5561954600194227,0.5757082137161047,-0.8111747992471512,Diagnostics & Research,Healthcare,AWH
2016Q4,2016,Q4,2017-03-31,2016-12-31,-2846000.0,805000.0,-2832000.0,-0.05,39000.0,0.0484472049689441,8019000.0,3762000.0,6108000.0,2561000.0,4257000.0,93000.0,-385556000.0,42126296893.95,42122903893.95,0.07194687222639022,2.3850058570870756,0.23057737872552686,0.4914938862307283,-0.5047228657993228,0.07194687222639022,-0.7565124933545986,52330.803594968944,-3700.4828613800073,11197.846064314195,0.0,8.236559139784946,0.0,0.10038658186806335,2.1542366263178447,-0.3549070956478364,-15126.138920628366,0.0484472049689441,0.28571428571428575,0.7412517397540173,-0.7356640431245242,-0.8964903009347663,1.2010309278350515,0.1812428078250863,0.18268398268398267,0.24388115555892914,-0.7548247045537845,-0.9321506938009411,Diagnostics & Research,Healthcare,AWH
2016Q3,2016,Q3,2016-09-30,2016-09-30,-3476000.0,623000.0,-3465000.0,-0.07,-194000.0,-0.3113964686998395,10682000.0,6290000.0,8589000.0,2641000.0,4392000.0,92000.0,-382710000.0,31671467108.1,31665273108.1,0.12041207270201455,3.252177205603938,0.1765586968732447,0.2998410174880763,-0.4238013698630137,0.12041207270201455,-0.5526232114467409,50837.02585569823,-2277.8673121475836,5035.209397154213,0.0,8.880434782608695,0.0,0.05832241153342071,3.1090496024233243,-0.3254072271110279,-10809.374439624573,-0.3113964686998395,0.0,0.7879582618649476,-0.4476351991394576,-0.8645472118844545,-2.5901639344262297,0.07281941851160309,0.07870247274660995,0.32461092983445705,-0.15118758751770553,-0.7239572802471865,Diagnostics & Research,Healthcare,AWH
2016Q2,2016,Q2,2016-06-30,2016-06-30,-3749000.0,709000.0,-3761000.0,-0.07,122000.0,0.17207334273624825,13899000.0,9505000.0,11792000.0,2589000.0,4394000.0,80000.0,-379234000.0,27489024024.0,27479900024.0,0.18225767112087413,4.554654306682116,0.13943449169004965,0.20389268805891636,-0.3286725509044831,0.18225767112087413,-0.39442398737506573,38771.54305218618,-1833.090425713524,2892.059339715939,0.0,7.3375,0.0,0.05101086409094179,4.36655079181151,-0.26973163536945105,-6984.000006097561,0.17207334273624825,0.22222222222222213,0.8145647912140662,-0.34095718017263005,-0.845556886804072,6.304347826086956,0.234429242393302,0.2318218954248366,0.33318251592268283,-0.17347478156957313,-0.7136552339158608,Diagnostics & Research,Healthcare,AWH
2016Q1,2016,Q1,2016-03-31,2016-03-31,-4897000.0,505000.0,-4896000.0,-0.09,-23000.0,-0.04554455445544554,15872000.0,12877000.0,13931000.0,2940000.0,2995000.0,71000.0,-375485000.0,27312495101.7,27299483101.7,0.247097003582801,4.73843537414966,0.0,0.0,-0.3785957315187133,0.247097003582801,-0.3802904403199503,54084.14871623763,-1394.3483306973658,2121.0293625611557,0.0,7.436619718309859,0.0,0.03181703629032258,4.484353741496599,-0.30853074596774194,-4900.860416597883,-0.04554455445544554,0.10000000000000009,0.7253432330807044,-0.7180105749864365,-0.8576050155527292,0.8174603174603174,0.01725867951033514,0.020016012810248198,0.4443893413551815,-0.5508823989396238,0.6496590967133794,Diagnostics & Research,Healthcare,AWH
2015Q4,2015,Q4,2015-12-31,2015-12-31,-4983000.0,361000.0,-4996000.0,-0.1,-126000.0,-0.3490304709141274,20960000.0,17546000.0,19366000.0,3351000.0,3414000.0,87000.0,-370588000.0,29013620070.600002,28995041070.600002,0.33736004249667506,5.779170396896449,0.0,0.0,-0.28371855301266397,0.33736004249667506,-0.2839963524450017,80370.138699723,-1455.6301460264901,1653.5746079220335,0.0,5.597701149425287,0.0,0.01722328244274809,5.589077887197852,-0.2377385496183206,-5355.042464119601,-0.3490304709141274,0.0,0.7006391746884549,-0.7476696121241231,-0.08337061980237512,0.7049180327868853,0.03167508744656043,0.02858253937390628,-0.05383039369028656,-0.9080771186538581,0.09325848104568754,Diagnostics & Research,Healthcare,AWH
2015Q3,2015,Q3,2015-09-30,2015-09-30,-5146000.0,330000.0,-5143000.0,-0.1,-427000.0,-1.293939393939394,25389000.0,22116000.0,24534000.0,3202000.0,3273000.0,81000.0,-365605000.0,28797565099.05,28773662099.05,0.4397078626768248,7.6620861961274205,0.0,0.0,-0.23180240681480146,0.4397078626768248,-0.23268222101645866,87265.348785,-1399.0266760129225,1302.1145369438414,0.0,9.345679012345679,0.0,0.012997754933238804,7.50843222985634,-0.2026862026862027,-6552.34700774744,-1.293939393939394,0.09090909090909087,0.607529345743237,-0.8332686031251401,0.03010635806713928,-9.948717948717949,-0.06124974221488967,-0.06084983498349835,0.23774488409746913,-0.6903150242091584,0.22787336061521582,Diagnostics & Research,Healthcare,AWH
2015Q2,2015,Q2,2015-08-13,2015-06-30,-4849000.0,535000.0,-4848000.0,-0.11,-39000.0,-0.07289719626168224,12335000.0,9221000.0,11710000.0,3114000.0,3114000.0,0.0,-360459000.0,27867793978.199997,27856915978.199997,0.21451193103682192,3.76043673731535,0.0,0.0,-0.5257564255503742,0.21451193103682192,-0.5258648736579546,52089.33453869158,-1436.7804690760981,3022.2095193796767,0.0,0.0,0.0,0.0433725172274017,3.546242774566474,-0.3931090393190109,-5523.844197859266,-0.07289719626168224,-0.09999999999999995,-0.6651075113238032,-0.6272300822312633,-0.5826738834315233,-1.0847826086956522,-0.17210539037950207,-0.1374941342092914,0.14526898358468393,-0.4200732018959806,-0.5521977664772788,Diagnostics & Research,Healthcare,AWH
2015Q1,2015,Q1,2015-03-31,2015-03-31,-4137000.0,951000.0,-4262000.0,-0.1,460000.0,0.48370136698212407,18675000.0,15190000.0,18085000.0,3485000.0,3485000.0,0.0,-355610000.0,26128168740.0,26110927740.0,0.3523071246056259,5.189383070301291,0.0,0.0,-0.2805793285055958,0.3523071246056259,-0.27235023041474654,27474.415078864353,-1578.932121102248,1720.090107965767,0.0,0.0,0.0,0.050923694779116464,4.993113342898135,-0.22152610441767068,-5727.3495703638755,0.48370136698212407,0.09090909090909087,0.9160925627642765,2.061301588373051,-0.3522971278932958,-0.5772058823529411,-0.014965652600588812,-0.047431801425411646,0.19481964175593963,0.053601876704923786,-0.39828175822377515,Diagnostics & Research,Healthcare,AWH
2014Q4,2014,Q4,2014-12-31,2014-12-31,-4076000.0,1569000.0,-4069000.0,-0.11,1088000.0,0.6934353091140854,24174000.0,19255000.0,23666000.0,4919000.0,4919000.0,0.0,-351473000.0,20887140283.199997,20865281283.199997,0.5243534467381893,4.811140475706444,0.0457516339869281,0.05743962607115035,-0.19984283679583517,0.5243534467381893,-0.21168527655154507,13312.390237858506,-1281.105267615309,1084.7644914671514,0.0,0.0,0.0,0.06490444278977414,4.7025818255743035,-0.16861090427732275,-4930.864089518413,0.6934353091140854,0.3125,0.8249643726504188,0.0,1.1944804418060995,4.84452296819788,0.27097120372026473,0.27196278404007873,0.4723278235807866,-0.266380640962984,-0.24561463485302626,Diagnostics & Research,Healthcare,AWH
2014Q3,2014,Q3,2014-09-30,2014-09-30,-5591000.0,323000.0,-5589000.0,-0.16,-283000.0,-0.8761609907120743,18407000.0,12575000.0,17877000.0,5832000.0,5832000.0,0.0,-347397000.0,19845844308.0,19830188308.0,0.35014610072290203,3.0653292181069958,0.060085836909871244,0.08795228628230617,-0.40852276880345006,0.35014610072290203,-0.44461232604373757,61442.242439628484,-887.4013730996245,1578.1983545129226,0.0,0.0,0.0,0.01754767208127343,2.904835390946502,-0.30374314119628404,-3612.9336078645547,-0.8761609907120743,-0.06666666666666674,0.9096294332361358,0.0,1.0547134857137883,-2.1991525423728815,-0.006480648064806481,-0.005577545879812882,0.5039185429230856,-0.5834545593547065,-0.606117023597168,Diagnostics & Research,Healthcare,AWH
2014Q2,2014,Q2,2014-06-30,2014-06-30,-5555000.0,324000.0,-5558000.0,-0.15,236000.0,0.7283950617283951,23511000.0,17742000.0,23095000.0,5681000.0,5769000.0,0.0,-341806000.0,20446981298.1,20425901298.1,0.4948536144521354,4.065305403978173,0.04704181021649441,0.0623379551347086,-0.29488539898132426,0.4948536144521354,-0.3130988614586856,63107.96696944444,-920.2061790324032,1152.4620278491714,0.0,0.0,0.0,0.013780783463059844,3.9387431790177785,-0.2362723831398069,-5362.439364830841,0.7283950617283951,-0.3636363636363636,0.4483481112668759,0.0,1.0944708106147971,-0.056,-0.39327815400050165,-0.3912390488110138,0.600330233376526,-0.561920546889212,-0.5806665786837654,Diagnostics & Research,Healthcare,AWH
2014Q1,2014,Q1,2014-03-31,2014-03-31,-3987000.0,305000.0,-3995000.0,-0.11,250000.0,0.819672131147541,27272000.0,22924000.0,26888000.0,4146000.0,4348000.0,0.0,-336251000.0,55456193345.1,55431308345.1,0.6398368019815627,6.485287023637241,0.04055441478439425,0.048246379340429246,-0.16625052018310446,0.6398368019815627,-0.17392252660966673,181823.58473803278,-3477.3133524642585,2419.1324962964577,0.0,0.0,0.0,0.011183631563508361,6.309696092619392,-0.1461938985039601,-15736.717748325766,0.819672131147541,-0.5714285714285713,0.7476322726905857,0.0,1.1285334465388757,-0.8345466578424884,-1.194276279581728,-1.189041095890411,0.6747386440048064,-0.7522764378863036,-0.6312802253936451,Diagnostics & Research,Healthcare,AWH
2013Q4,2013,Q4,2013-12-31,2013-12-31,-1817000.0,1585000.0,-1825000.0,-0.07,1511000.0,0.9533123028391167,30640000.0,26766000.0,30249000.0,3558000.0,3874000.0,0.0,-332264000.0,42712581900.75,42684183900.75,1.0603921581056355,8.50168634064081,0.03609660574412533,0.04132107898079653,-0.06547789896670493,1.0603921581056355,-0.06788462975416573,26948.001199211358,-5876.799931308476,1595.77754990473,0.0,0.0,0.0,0.05172976501305483,8.397133220910623,-0.059301566579634465,-14898.005546128357,0.9533123028391167,0.3,0.8926053026515951,0.0,1.2328833928858227,3.954098360655738,0.21477960242005187,0.2123435476909797,0.7750808033627229,1.2827541235413014,1.8811550990374628,Diagnostics & Research,Healthcare,AWH
2013Q3,2013,Q3,2013-09-30,2013-09-30,-2314000.0,330000.0,-2317000.0,-0.1,305000.0,0.9242424242424242,15084000.0,10245000.0,14997000.0,4410000.0,4839000.0,0.0,-330447000.0,35014842561.6,35001344561.6,0.43620810869360843,3.4006802721088434,0.07332272606735614,0.10795510004880429,-0.20412298475905208,0.43620810869360843,-0.22586627623230845,106105.58352,-3782.934589628349,3417.7493959590042,0.0,0.0,0.0,0.021877486077963405,3.3492063492063493,-0.1534075841951737,-19649.182133333332,0.9242424242424242,0.09090909090909087,0.8674534152642818,0.26300613129792644,1.1119627009945166,0.05536332179930796,-0.0930562116202173,-0.09344030202925908,0.622058238006787,-0.6429397455760053,0.021907462537195846,Diagnostics & Research,Healthcare,AWH
2013Q2,2013,Q2,2013-06-30,2013-06-30,-2117000.0,323000.0,-2119000.0,-0.11,289000.0,0.8947368421052632,16891000.0,12499000.0,16788000.0,3849000.0,4392000.0,0.0,-328133000.0,27016806103.8,27001520103.8,0.636497302232232,4.3616523772408415,0.06547865727310402,0.0884870789663173,-0.1557515619257626,0.636497302232232,-0.16937354988399073,83643.3625504644,-3190.458916367501,2161.5174096967758,0.0,0.0,0.0,0.019122609673790775,4.299298519095869,-0.1253330175833284,-15680.096403830528,0.8947368421052632,0.35294117647058826,0.8457826685378173,0.0,1.1983306635584035,-0.006872852233676976,0.17658498638661999,0.18562644119907765,-0.5913247689916622,-0.5073511572043504,0.2382851903062369,Diagnostics & Research,Healthcare,AWH
2013Q1,2013,Q1,2013-03-31,2013-03-31,-2571000.0,328000.0,-2602000.0,-0.17,291000.0,0.8871951219512195,6506000.0,2277000.0,6377000.0,3573000.0,4229000.0,0.0,-326016000.0,21215375289.6,21210647289.6,0.14978670688695203,1.7847746991323818,0.16999692591454044,0.4857268335529205,-0.7691398167307124,0.14978670688695203,-1.1291172595520422,64681.02222439024,-2062.9497558926487,9317.248699868247,0.0,0.0,0.0,0.05041500153704273,1.6842989084802686,-0.395173685828466,-9763.173165945696,0.8871951219512195,-0.8888888888888891,0.7773296535092227,1.5974170809605883,1.0577268106215432,-0.7378378378378379,-0.8698181818181818,-1.0312256049960968,0.8521015567847467,1.994649739689535,-0.7246229965894517,Diagnostics & Research,Healthcare,AWH
2012Q4,2012,Q4,2012-12-31,2012-12-31,-1375000.0,1142000.0,-1281000.0,-0.09,1110000.0,0.9719789842381786,8634000.0,4667000.0,8492000.0,3197000.0,3967000.0,0.0,-323445000.0,17876582184.0,17869681184.0,0.3085821407705839,2.6562402252111355,0.1280982163539495,0.23698307263766874,-0.22189502858132687,0.3085821407705839,-0.2946218127276623,15653.749723292469,-3250.2876698181817,3830.422580672809,0.0,0.0,0.0,0.13226777854991892,2.5473881764153896,-0.1592541116516099,-7362.678,0.9719789842381786,0.30769230769230776,0.8237986083102202,19.946175140162083,1.1717686330098405,2.8811188811188813,0.31964374072241464,0.4425587467362924,0.8566336063231266,0.0,1.1144517909510374,Diagnostics & Research,Healthcare,AWH
2012Q3,2012,Q3,2012-09-30,2012-09-30,-2021000.0,319000.0,-2298000.0,-0.13,286000.0,0.896551724137931,16882000.0,5392000.0,16719000.0,10607000.0,11490000.0,0.0,-322070000.0,17485725455.1,17476397455.1,0.35810522223278207,1.5762232487979637,0.4146428148323658,1.2982195845697329,-0.18544222078760492,0.35810522223278207,-0.37481454005934717,54814.18637962382,-2163.0041384339434,3242.9016051743324,0.0,0.0,0.0,0.018895865418789244,1.5514283020646742,-0.11971330411088733,-8690.718417047712,0.896551724137931,0.0,0.8739437080376732,0.0,1.21267069031942,-0.023890784982935155,-0.023809523809523808,0.37401253064560064,0.9220846012776155,0.0,1.055957170221844,Diagnostics & Research,Healthcare,AWH
2012Q2,2012,Q2,2012-06-30,2012-06-30,-1974000.0,321000.0,-3671000.0,-0.13,293000.0,0.9127725856697819,18918000.0,7165000.0,18732000.0,10756000.0,11753000.0,0.0,-320049000.0,17829758869.2,17818468869.2,0.47903274029993803,1.7415396058014132,0.3700179723015118,0.9769713886950454,-0.25915990116484294,0.47903274029993803,-0.2755059316120028,55544.42015327103,-2258.0748314589664,2488.452040362875,0.0,0.0,0.0,0.016967967015540753,1.7103941985868352,-0.10434506818902632,-5335.056513824058,0.9127725856697819,-0.08333333333333341,0.9241005995094418,0.0,1.0845093233885368,0.06934306569343066,-0.11148648648648649,-0.6963955637707948,0.530102618464627,0.0,1.0914505016544442,Diagnostics & Research,Healthcare,AWH
2012Q1,2012,Q1,2012-03-31,2012-03-31,-1776000.0,312000.0,-2164000.0,-0.12,274000.0,0.8782051282051282,20541000.0,8726000.0,20331000.0,10704000.0,11815000.0,0.0,-318075000.0,15351303822.75,15338453822.75,0.5855018182025578,1.8993834080717489,0.3407818509322818,0.8022003208801284,-0.13760651150960193,0.5855018182025578,-0.20352968141187255,49202.89686778846,-2160.938038112331,1759.2601217911986,0.0,0.0,0.0,0.015189133927267416,1.8650971599402093,-0.08646122389367607,-5836.997651235742,0.8782051282051282,0.4295222248633231,0.9226845223015521,2.911098466764921,1.1459305907080817,-0.6753554502369669,0.43349282296650715,0.29511400651465797,0.7297505831066806,0.0,1.1176183777101987,Diagnostics & Research,Healthcare,AWH
2011Q4,2011,Q4,2011-12-31,2011-12-31,-3135000.0,868000.0,-3070000.0,-0.21035,844000.0,0.9723502304147466,23111000.0,10359000.0,22893000.0,11476000.0,12752000.0,0.0,-316299000.0,14068116347.25,14052639347.25,0.6950737261930203,1.9948588358313002,0.3028860715676518,0.6757409016314316,-0.17685350538625497,0.6950737261930203,-0.3026353895163626,16207.5073125,-1121.8593578349282,1358.0573749637997,0.0,0.0,0.0,0.03755787287438882,1.9672359707215057,-0.13564969062351262,-2957.972318597561,0.9723502304147466,0.32145161290322577,0.5541440393282415,-0.81209012616979,1.275424280298537,1.870748299319728,0.3259514082992905,0.32184669759222445,0.6861692736369418,0.0,1.1526521357445727,Diagnostics & Research,Healthcare,AWH
2011Q3,2011,Q3,2011-09-30,2011-09-30,-4651000.0,320000.0,-4527000.0,-0.31,294000.0,0.91875,28046000.0,13175000.0,27797000.0,6386000.0,14871000.0,0.0,-313164000.0,11940292121.1,11920064121.1,0.8889597207796072,4.352803006576887,0.24958995935249234,0.5313092979127134,-0.22438661710037175,0.8889597207796072,-0.3530170777988615,37313.4128784375,-641.8131649698989,906.2840319620493,0.0,0.0,0.0,0.011409826713256792,4.281553398058253,-0.1658347001354917,-2940.9586505172415,0.91875,0.20512820512820515,0.8386404929875056,-0.9832923446352075,1.2645102435427609,0.10112359550561797,0.18589182566077367,0.19117384313024835,0.5778165402452129,0.9408464833688567,1.2281716672161314,Diagnostics & Research,Healthcare,AWH
2011Q2,2011,Q2,2011-06-30,2011-06-30,-5713000.0,304000.0,-5597000.0,-0.39,267000.0,0.8782894736842105,37085000.0,17391000.0,36820000.0,11051000.0,19694000.0,0.0,-308513000.0,12728294214.300001,12704009214.300001,1.1800958122986056,3.331825174192381,0.3235809626533639,0.6900120752113162,-0.1904324453063863,1.1800958122986056,-0.3285032488068541,41869.38886282895,-556.9881942193243,731.8897253924443,0.0,0.0,0.0,0.008197384387218553,3.293819563840376,-0.15405150330322231,-3189.2493646454527,0.8782894736842105,-0.14705882352941171,0.8193334320418865,-0.9858977080675886,1.7696778332140428,-0.31362467866323906,-0.33139128408296437,-0.25860130425005623,0.4454407356617868,0.0,1.3677143401784295,Diagnostics & Research,Healthcare,AWH
2011Q1,2011,Q1,2011-03-31,2011-03-31,-4291000.0,431000.0,-4447000.0,-0.34,389000.0,0.9025522041763341,40907000.0,21764000.0,40690000.0,10299000.0,19143000.0,0.0,-302800000.0,11793846191.25,11765618191.25,1.7352928864871762,3.95086901640936,0.29334832669225314,0.5513692335967653,-0.13170832839710936,1.7352928864871762,-0.19716044844697667,27363.912276682135,-687.1269046405266,541.8969946356368,0.0,0.0,0.0,0.010536094067030093,3.9148461015632585,-0.10489647248637153,-4105.0630669161155,0.9025522041763341,-0.062334010310889,0.774590440673571,-0.9824873815516849,3.0250521018461245,0.37943262411347517,-0.06900847035376183,-0.04512338425381904,0.5495540879545717,3.136842111359865,1.6687704530867318,Diagnostics & Research,Healthcare,AWH
2010Q4,2010,Q4,2010-12-31,2010-12-31,-4014000.0,345000.0,-4255000.0,-0.32005,282000.0,0.8173913043478261,24035000.0,4616000.0,23829000.0,10103000.0,19419000.0,0.0,-298509000.0,11182424910.0,11164510910.0,0.36804410788571973,2.358606354548154,0.20802995631370919,1.0831889081455806,-0.4424916805324459,0.36804410788571973,-0.8695840554592721,32412.825826086955,-696.4639331091181,2422.5357257365686,0.0,0.0,0.0,0.014354066985645933,2.2815005443927547,-0.16700644892864572,-4581.083535436296,0.8173913043478261,-0.2309615384615384,0.8751754028174905,-0.9849985282522336,-0.796884564774214,-0.295,-0.46710526315789475,-0.18194444444444444,0.3797238440267762,6.630602038355203,1.2048674402899298,Diagnostics & Research,Healthcare,AWH
2010Q3,2010,Q3,2010-09-30,2010-09-30,-2736000.0,413000.0,-3600000.0,-0.26,400000.0,0.9685230024213075,26367000.0,4480000.0,26158000.0,13139000.0,21887000.0,0.0,-294495000.0,8908955777.4,8895663777.4,0.4268567602105471,1.9908668848466398,0.4551143474798043,2.6785714285714284,-0.21844660194174756,0.4268567602105471,-0.6107142857142858,21571.321494915253,-814.0493217653509,1988.6062003125,0.0,0.0,0.0,0.015663518792429932,1.9448207626151153,-0.10376607122539538,-2356.8666077777775,0.9685230024213075,-2.714285714285714,0.8874329244743663,-0.9819965365014285,-0.9124203004123753,0.20481927710843373,-2.9197707736389686,0.03820464867753139,0.7551739158130165,0.0,1.2535006926050292,Diagnostics & Research,Healthcare,AWH
2010Q2,2010,Q2,2010-08-16,2010-06-30,-698000.0,344000.0,-3743000.0,-0.07,332000.0,0.9651162790697675,29898000.0,5296000.0,29757000.0,9523000.0,24602000.0,0.0,-291759000.0,7013387559.3,6997269559.3,0.5140151131701911,3.1247506038013233,0.4013646397752358,2.2658610271903323,-0.21640841813135986,0.5140151131701911,-0.131797583081571,20387.754532848838,-2511.9582948782236,1324.2801282666164,0.0,0.0,0.0,0.011505786340223426,3.067520739262837,-0.023346043213592883,-763.9023591438842,0.9651162790697675,0.9385964912280701,0.9778388844273413,-0.9868218218212857,-0.8225102513484133,3.547945205479452,0.939754876575177,-0.24600532623169108,0.961039409596422,0.0,1.0906807943822305,Diagnostics & Research,Healthcare,AWH
2010Q1,2010,Q1,2010-03-31,2010-03-31,-11586000.0,73000.0,-3004000.0,-1.14,73000.0,1.0,38732000.0,5511000.0,38063000.0,14606000.0,33221000.0,0.0,-291061000.0,6816140194.5,6790406194.5,0.543933244358975,2.605983842256607,0.3098213363626975,2.1774632553075666,-0.17154931186111588,0.543933244358975,-2.1023407729994554,93371.78348630137,-147.07707997799068,1236.8245680457267,0.0,0.0,0.0,0.0018847464628730765,2.5851020128714226,-0.29913250025818444,-1193.0929799579906,1.0,-0.7977102847951554,0.6388533467807304,-0.9968058401243253,-0.908143475946896,0.0,-0.8032684824902724,-1.0026666666666666,0.2580764461181409,0.34607472201106,1.135570031018431,Diagnostics & Research,Healthcare,AWH
2009Q4,2009,Q4,2009-12-31,2009-12-31,-6425000.0,0.0,-1500000.0,-0.63414,0.0,0.0,4609000.0,-27317000.0,3894000.0,4530000.0,31926000.0,0.0,-279475000.0,7001551365.9,6998111365.9,-2.696175727845059,0.8596026490066225,0.0,0.0,0.054910861368378666,-2.696175727845059,0.23520152286122195,0.0,-272.4339052879377,-256.30747761101145,0.0,0.0,0.0,0.0,0.7593818984547461,-1.3940117162074204,-8818.074768136019,0.0,0.631313953488372,-1.1812579841366966,-1.0,-1.2974422274042656,0.0,0.41670449387199276,-1.1676300578034682,-0.3441022762027359,-1.0,-0.06836473803628333,Diagnostics & Research,Healthcare,AWH
2009Q3,2009,Q3,2009-09-30,2009-09-30,-11015000.0,0.0,-692000.0,-1.72,0.0,0.0,2600000.0,-40920000.0,1795000.0,2442000.0,43520000.0,0.0,-273050000.0,4597051855.05,4605591855.05,-6.399630660611728,0.735053235053235,3.8461538461538463,-0.24437927663734116,0.022380336351875807,-6.399630660611728,0.26918377321603126,0.0,-104.33617464934181,-112.34242070014663,0.0,0.0,0.0,0.0,0.5978705978705978,-4.236538461538461,-27527.25661706587,0.0,-5.142857142857142,0.46996370027993345,-1.0,-1.9872186222165382,0.0,-5.143335192414947,0.336529242569511,0.11423085835975237,-1.0,-0.9042121088878925,Diagnostics & Research,Healthcare,AWH
2009Q2,2009,Q2,2009-06-30,2009-06-30,-1793000.0,0.0,-1043000.0,-0.28,0.0,0.0,1485000.0,-33440000.0,656000.0,1241000.0,34925000.0,0.0,-262035000.0,3909829354.2000003,3919525354.2000003,-5.238164161307887,0.5286059629331185,6.734006734006734,-0.29904306220095694,0.044496587030716725,-5.238164161307887,0.05361842105263158,0.0,-545.1518898773006,-116.92073427631578,0.0,0.0,0.0,0.0,0.24496373892022563,-1.2074074074074075,-8786.133380224719,0.0,0.3636363636363636,0.9375850145827348,-1.0,-1.546008224466403,0.0,0.3630550621669627,0.5098684210526315,0.8691077352815604,-1.0,-2.4164165313339376,Diagnostics & Research,Healthcare,AWH
2009Q1,2009,Q1,2009-03-31,2009-03-31,-2815000.0,0.0,-2128000.0,-0.44,0.0,0.0,2023000.0,-31779000.0,1106000.0,80000.0,33802000.0,0.0,-260242000.0,3641704882.2000003,3650956882.2000003,-4.977979033558713,13.825,4.9431537320810675,-0.31467321186947356,0.09809211048164486,-4.977979033558713,0.0885805091412568,0.0,-323.4196165364121,-114.59469719626168,0.0,0.0,0.0,0.0,9.35,-1.3914977755808207,-2132.1457155737708,0.0,0.3435579160947663,0.8288356807097844,-1.0,-1.3589212492998424,0.0,0.3421360130871699,0.39355941863778854,0.7094833808488382,-1.0,-12.546537836925264,Diagnostics & Research,Healthcare,AWH
2008Q4,2008,Q4,2008-12-31,2008-12-31,-4279000.0,0.0,-3509000.0,-0.67028,0.0,0.0,3858000.0,-29068000.0,2821000.0,6548000.0,32926000.0,0.0,-257472000.0,3887804844.0,3904218844.0,-4.553318057443112,0.43081857055589495,4.893208916537066,-0.6494426861153159,0.34387503249233065,-4.553318057443112,0.14720655015824963,0.0,-227.14447557840617,-133.7486185496078,0.0,0.0,0.0,0.0,0.38103237629810627,-1.1091238983929497,-1812.4964307692308,0.0,0.09421621621621622,0.7098791191123596,-1.0,-1.2760874531656445,-1.0,0.0980185497470489,-0.15617792421746293,0.7385769613207187,-1.0,-3.5128759274857364,Diagnostics & Research,Healthcare,AWH
2008Q3,2008,Q3,2008-09-30,2008-09-30,-4744000.0,71000.0,-3035000.0,-0.74,69000.0,0.971830985915493,7150000.0,-24865000.0,2722000.0,5682000.0,32015000.0,0.0,-253193000.0,3400418044.7999997,3427374044.7999997,-3.896012732981248,0.479056670186554,4.032587412587413,-1.1595817414035794,-0.7671328343449497,-3.896012732981248,0.19079026744419866,47893.211898591544,-179.19572327150084,-136.75519987130505,0.0,0.0,0.0,0.00993006993006993,0.3357972544878564,-0.6634965034965035,-929.3298837933861,0.971830985915493,-0.0571428571428572,0.5922165118693018,-0.9980113609876816,-1.2136767826407897,0.0,-0.0634386908764851,0.10970959225579349,0.6790275739551624,-0.99491030083068,-1.7993586058605608,Diagnostics & Research,Healthcare,AWH
2008Q2,2008,Q2,2008-08-14,2008-06-30,-4461000.0,0.0,-3409000.0,-0.7,0.0,0.0,12683000.0,-20480000.0,6603000.0,6726000.0,33163000.0,0.0,-248449000.0,3792529610.1,3816003610.1,-3.2092732954770713,0.9817127564674398,2.269258061972719,-1.405322265625,-0.4108576126233207,-3.2092732954770713,0.217822265625,0.0,-212.53808619704103,-185.18210986816405,0.0,0.0,0.0,0.0,0.7966101694915254,-0.3517306630923283,-907.3037344736842,0.0,0.0789473684210527,0.8755460436451955,-1.0,-1.1657835121975122,-1.0,0.07944696657036732,0.25306748466257667,0.7713257531764102,-1.0,-2.1081641297575526,Diagnostics & Research,Healthcare,AWH
2008Q1,2008,Q1,2008-03-31,2008-03-31,-4846000.0,53000.0,-4564000.0,-0.76,31000.0,0.5849056603773585,17555000.0,-16555000.0,9815000.0,7718000.0,34110000.0,0.0,-243988000.0,3799401954.0,3819842954.0,-2.5947511264558347,1.2717025136045608,1.6362289945884363,-1.735064935064935,-0.3712211786404649,-2.5947511264558347,0.29272123225611596,71686.82932075471,-196.00711690053652,-229.50177916037453,0.0,0.0,0.0,0.0030190828823696953,1.0798134231666234,-0.2760467103389348,-685.6888565240931,0.5849056603773585,-0.4729538539062348,0.7752521873829283,-0.9982396944833057,-1.1176076836878317,2.1,-0.47205346294046174,-0.5841721624435959,0.7601250969188159,-0.9963173453696245,-1.4381876300647853,Diagnostics & Research,Healthcare,AWH
2007Q4,2007,Q4,2007-12-31,2007-12-31,-3292000.0,23000.0,-2881000.0,-0.51597,10000.0,0.43478260869565216,24053000.0,-11462000.0,17575000.0,9041000.0,35515000.0,0.0,-239142000.0,48014104794.0,48035154794.0,-1.7964987865561328,1.943922132507466,1.1918263834033176,-2.501046937707206,-0.17623073944334566,-1.7964987865561328,0.28720991101029486,2087569.7736521738,-3646.271627733901,-4188.981398883267,0.0,0.0,0.0,0.0009562216771296719,1.8262360358367438,-0.13686442439612523,-9824.86285942296,0.43478260869565216,0.5309363636363637,0.7906022211066043,-0.9992783020086495,-1.0715167049199446,0.0,0.35665428962282586,0.3982873851294904,-1.1474806938901463,-0.9962812778702892,-1.1981898268290563,Diagnostics & Research,Healthcare,AWH
2007Q3,2007,Q3,2007-11-14,2007-09-30,-5117000.0,0.0,-4788000.0,-1.1,0.0,0.0,26867000.0,-8092000.0,24599000.0,8531000.0,34959000.0,0.0,-235850000.0,38024768925.0,38033880925.0,-1.6838484969175918,2.8834837650920173,1.064875125618789,-3.5355907068709835,-0.2332193455136953,-1.6838484969175918,0.6323529411764706,0.0,-1857.7667053449286,-4699.0569605783485,0.0,0.0,0.0,0.0,2.7544250380963544,-0.19045669408568133,-7464.618948763251,0.0,0.35294117647058815,0.6360441877587533,-1.0,-1.0617972832804092,0.0,0.25036624670377966,0.23915461624026696,0.672384543546873,-1.0,-1.25975352036792,Diagnostics & Research,Healthcare,AWH
2007Q2,2007,Q2,2007-06-30,2007-06-30,-6826000.0,0.0,-6293000.0,-1.7,0.0,0.0,13155000.0,-22252000.0,10575000.0,6393000.0,35407000.0,0.0,-230733000.0,30178219125.0,30197219125.0,-5.6684010839556125,1.6541529798216799,2.170505511212467,-1.2831655581520762,-0.9981454522894063,-5.6684010839556125,0.3067589430163581,0.0,-1105.2673280471727,-1356.20254920906,0.0,0.0,0.0,0.0,1.497262631002659,-0.5188901558342836,-5654.528597526701,0.0,-0.1333333333333333,0.35903628011610056,-1.0,-1.1895668933933086,-1.0,-0.1288242103522408,-0.11223047013078827,0.6135853771362806,-1.0,-1.5908546422190153,Diagnostics & Research,Healthcare,AWH
2007Q1,2007,Q1,2007-03-31,2007-03-31,-6047000.0,21000.0,-5658000.0,-1.5,6000.0,0.2857142857142857,18302000.0,-15741000.0,15433000.0,6567000.0,34043000.0,0.0,-223907000.0,25158097125.0,25171731125.0,-4.012193847510635,2.3500837520938025,1.4870505955633264,-1.7289879931389365,-0.4935616208631,-4.012193847510635,0.38415602566545964,1198004.625,-1040.1065456011245,-1598.2527873070328,0.0,0.0,0.0,0.001147415582996394,2.0726359068067612,-0.33040104906567586,-4327.158088235294,0.2857142857142857,-2.17931326833404,0.4234994304659714,-0.9978953887442648,-1.1240547686264497,-0.9915492957746479,-2.2668827660723934,-67.16867469879519,0.4017102544261802,-0.9989996420611654,-1.289286398852542,Diagnostics & Research,Healthcare,AWH
