Quarters,Year,Quarter,FillingDate,Date,NetIncome,Revenue,OperatingIncome,EPSDiluted,GrossProfit,GrossProfitRatio,TotalAssets,CommonStockEquity,CurrentAssets,CurrentLiability,TotalLiability,Inventory,RetainedEarnings,MarketCap,EnterpriseValue,bookValuePerShare,currentRatio,debtToAssets,debtToEquity,roic,shareholdersEquityPerShare,roe,priceToSalesRatio,peRatio,pbRatio,payoutRatio,inventoryTurnover,dividendYield,assetTurnover,quickRatio,returnOnAssets,priceToFreeCashFlowsRatio,grossProfitMargin,epsdilutedGrowth,fiveYNetIncomeGrowthPerShare,fiveYRevenueGrowthPerShare,fiveYShareholdersEquityGrowthPerShare,grossProfitGrowth,netIncomeGrowth,operatingIncomeGrowth,threeYNetIncomeGrowthPerShare,threeYRevenueGrowthPerShare,threeYShareholdersEquityGrowthPerShare,Industry,Sector,Symbol
2023Q1,2023,Q1,2023-05-09,2023-03-31,27157000.0,80522000.0,67346000.0,16458.79,80522000.0,1.0,8036904000.0,801494000.0,64295000.0,1100000.0,7235410000.0,0.0,472051000.0,736646849.9899999,1089831849.9899998,47.77540491821522,58.45,0.051945375980601484,0.5208772617137496,0.05011432274036293,47.77540491821522,0.03388297354690116,9.148392364695361,6.781371745682512,0.9190921578826541,0.03730161652612586,0.0,0.0013751501143509288,0.010019032204440914,5893.837272727273,0.0033790375000124426,36.713025167704956,1.0,9092.254143646409,1.1310587206759801,0.6662071283995026,0.8409683927086702,-0.04694157750213048,-0.12130330680126836,0.02725788983968639,1.2774691300662924,0.45960570731162836,0.39982142881602445,Banks—Regional,Financial Services,QCRH
2022Q4,2022,Q4,2023-03-01,2022-12-31,30906000.0,84488000.0,65559000.0,1.81,84488000.0,1.0,7948837000.0,772724000.0,6451848000.0,129630000.0,7176113000.0,0.0,450114000.0,836730499.72,1602901499.72,45.84274073054104,49.77125665355242,0.10390123737598343,1.0688085267184662,0.03449778967459572,45.84274073054104,0.039996169395540966,9.90354251159928,6.76834999449945,1.0828322916332351,0.03271209473888565,0.0,0.0012082743491940557,0.01062897628923577,3.3369744657872404,0.00388811595960516,23.292333594632964,1.0,0.05847953216374274,1.5638498287772735,0.7129735771024354,0.7965996413542813,0.05631126225245049,0.055028333447122275,0.1986068451075033,0.8198846893224073,0.4028368575877422,0.35063525471854307,Banks—Regional,Financial Services,QCRH
2022Q3,2022,Q3,2022-11-08,2022-09-30,29294000.0,79984000.0,54696000.0,1.71,79984000.0,1.0,7730049000.0,737072000.0,502355000.0,420180000.0,6992977000.0,0.0,422958000.0,860935309.92,1476144309.92,43.61122984198302,1.1955709457851398,0.09074858387055502,0.9517265613128704,0.03264538488485301,43.61122984198302,0.03974374280938633,10.763844142828566,7.347368999795179,1.1680477754140708,0.03615074759336383,0.0,0.0012300575755202848,0.010347153038745291,1.0936313008710552,0.003789626689300417,43.37205591536524,1.0,0.9655172413793103,1.9023523210116846,0.8126547663539755,0.8321909703180892,-0.007618055038586566,0.9219262563967984,0.9463383389082628,0.8072697557152639,0.24783491874103888,0.32068329792186284,Banks—Regional,Financial Services,QCRH
2022Q2,2022,Q2,2022-08-08,2022-06-30,15242000.0,80598000.0,28102000.0,0.87,80598000.0,1.0,7392941000.0,743138000.0,6169270000.0,401070000.0,6649803000.0,0.0,400790000.0,936474042.76,1427261042.76,42.843708194784945,15.382028074899644,0.07888146273587196,0.7847344638546273,0.019299068280661195,42.843708194784945,0.020510322443476177,11.619072964093402,15.360091240650833,1.2601616964278506,0.061606088439837295,0.0,0.0010026973061982108,0.01090202126596168,1.2562445458398783,0.002061696420950742,35.8157357540062,1.0,-0.4161073825503356,0.32023833578327027,0.8041961940998525,0.8495391652278234,0.3353103928163157,-0.3548086691500169,-0.14333617851481525,0.022586631290151114,0.35093072666892317,0.33506092142230653,Banks—Regional,Financial Services,QCRH
2022Q1,2022,Q1,2022-05-09,2022-03-31,23624000.0,60359000.0,32804000.0,1.49,60359000.0,1.0,6175819000.0,667924000.0,497311000.0,291190000.0,5507895000.0,0.0,405762000.0,884225088.08,1276955088.08,42.7468295907255,1.7078574126858752,0.07177509574033825,0.6636533497823106,0.02686803171988089,42.7468295907255,0.03536929351243555,14.649432364353286,9.357275314087369,1.3238408682424947,0.03957839485269218,0.0,0.0010574230618475803,0.009773440575250019,1.5129503073594561,0.0038252416400156807,251.3431177032405,1.0,-0.1286549707602339,1.1618689581063135,0.4905486341481812,0.8976850474829946,-0.11417837068345588,-0.12532859417231293,-0.15497166409067492,0.836752066079444,0.2629704281679709,0.37352811164349414,Banks—Regional,Financial Services,QCRH
2021Q4,2021,Q4,2022-03-11,2021-12-31,27009000.0,68139000.0,38820000.0,1.71,68139000.0,1.0,6096132000.0,677010000.0,495803000.0,18800000.0,5419122000.0,0.0,386077000.0,872607456.0,1005922456.0,43.447439899023735,26.3725,0.02801858621171589,0.25229317144503033,0.03712352396110581,43.447439899023735,0.03989453626977445,12.80628503500198,8.077006331222925,1.2889136881286836,0.03502536191639824,0.0,0.0010841071704067585,0.01117741544966546,22.337393617021277,0.004430514299887207,49.036665130654676,1.0,-0.14070351758793972,1.6596374671657466,0.6151344132706726,0.9879065113468092,-0.1466304306987113,-0.14433708221131,-0.1394941591115643,1.0360816813119331,0.2766901978329574,0.4363214348593676,Banks—Regional,Financial Services,QCRH
2021Q3,2021,Q3,2021-11-05,2021-09-30,31565000.0,79847000.0,45113000.0,1.99,79847000.0,1.0,6014508000.0,649814000.0,5026873000.0,31600000.0,5364694000.0,0.0,360003000.0,804270727.12,865033727.12,41.56116968187586,159.07825949367088,0.03549982808236351,0.32857710052415,0.04176385255866526,41.56116968187586,0.048575438510096734,10.072648028354228,6.3699566538888,1.237693751011828,0.03012830666877871,0.0,0.0011824376642494755,0.013275732611877812,16.33240506329114,0.005248143322778854,28.239842946629214,1.0,0.4316546762589929,3.319260763542,1.0021156070775168,0.9336182709112091,0.2965332467321588,0.41236744373350037,0.3801511304188209,2.581042382968589,0.7314513697340401,0.4197995045796533,Banks—Regional,Financial Services,QCRH
2021Q2,2021,Q2,2021-08-06,2021-06-30,22349000.0,61585000.0,32687000.0,1.39,61585000.0,1.0,5805165000.0,630476000.0,4835524000.0,47070000.0,5174689000.0,0.0,335424000.0,760491989.88,809291989.88,39.868389468223334,102.73048650945401,0.04115438579265189,0.37893274287998274,0.030964186932576944,39.868389468223334,0.03544782037698501,12.348656164325728,8.507002437245514,1.206218777368211,0.042462750011186184,0.0,0.0012478763913736225,0.010608656256971162,11.397429360526875,0.003849847506487757,40.84494279392019,1.0,0.24107142857142835,1.6110391676476055,0.7778527753158101,0.7875265978969823,-0.04431961018606167,0.2428539650761873,0.19890698356807512,0.8832997114894554,0.35295109902518107,0.5015379040837257,Banks—Regional,Financial Services,QCRH
2021Q1,2021,Q1,2021-05-07,2021-03-31,17982000.0,64441000.0,27264000.0,1.12,64441000.0,1.0,5645147000.0,608719000.0,4687221000.0,31840000.0,5036428000.0,0.0,316900000.0,746248022.46,795489022.46,38.51763799017733,147.2117148241206,0.03783798721273334,0.3509024689552979,0.027700263968729672,38.51763799017733,0.029540724045084843,11.580329641998107,10.374930798298298,1.2259318707975273,0.052663774885997106,0.0,0.0012690150881448541,0.011415291754138555,16.94494346733668,0.003185390920732445,79.87242025687681,1.0,-0.01754385964912263,1.1054778288018352,0.8035273005606702,0.9318581824926296,-0.13537990903114142,-0.015817415576596792,-0.046446558477895916,0.4979258178660985,0.4155179940506271,0.4842313576012322,Banks—Regional,Financial Services,QCRH
2020Q4,2020,Q4,2021-03-12,2020-12-31,18271000.0,74531000.0,28592000.0,1.14,74531000.0,1.0,5682797000.0,593793000.0,4686526000.0,20430000.0,5089004000.0,0.0,300804000.0,624555845.6400001,734910845.6400001,37.63997252465137,229.39432207537934,0.03380624013140009,0.3235369901632387,0.029834619903850685,37.63997252465137,0.030769982131820348,8.379813039406423,8.545726091073286,1.0518073565030237,0.051885501614580484,0.0,0.0015178786758909568,0.013115196618848078,23.9506118453255,0.003215142121036525,-32.60196511144752,1.0,0.04587155963302736,1.0048060613880114,1.3909640641975298,0.9570179575998281,-0.08488040862433083,0.05344787822878229,0.027823711266086706,0.6194970167158423,0.6145839602845741,0.4751291057369456,Banks—Regional,Financial Services,QCRH
2020Q3,2020,Q3,2020-11-06,2020-09-30,17344000.0,81444000.0,27818000.0,1.09,81444000.0,1.0,5864560000.0,572613000.0,4924503000.0,30430000.0,5291947000.0,0.0,283480000.0,432177636.32,288069636.32,36.31683134658688,161.83052908314164,0.03870060157965815,0.39636194078723325,0.028249756746942224,36.31683134658688,0.030289218023342116,5.30643922597122,6.22949775599631,0.7547464628291708,0.0546010147601476,0.0,0.0021912286069768008,0.013887486870285239,26.00318764377259,0.0029574256210184568,4.823195798401857,1.0,0.26744186046511637,0.985747692508791,1.229364676881844,0.9239520084642349,0.1885817693587461,0.26239173156707185,0.1418134055740262,0.8419551178122595,0.9784696762135647,0.5257393727458305,Banks—Regional,Financial Services,QCRH
2020Q2,2020,Q2,2020-08-07,2020-06-30,13739000.0,68522000.0,24363000.0,0.86,68522000.0,1.0,5604761000.0,556020000.0,4694843000.0,79818000.0,5048741000.0,0.0,267081000.0,490993206.08,513073206.08,35.30945720901735,58.81935152471873,0.05910153885241494,0.5957519513686558,0.022812525368609345,35.30945720901735,0.024709542822200642,7.165482707451621,8.934296638765558,0.8830495415272832,0.06820001455710023,0.0,0.0019083767115248634,0.01222567741960808,7.910045353178481,0.0024513088069232566,15.50439579638752,1.0,0.22857142857142862,17.567473102199052,0.8484778331753893,0.6590383416773107,0.3191006044738767,0.2236373352333452,-0.005835305639435241,0.3108365736441678,0.6895559279294606,0.524289721004186,Banks—Regional,Financial Services,QCRH
2020Q1,2020,Q1,2020-05-08,2020-03-31,11228000.0,51946000.0,24506000.0,0.7,51946000.0,1.0,5232075000.0,539139000.0,4385516000.0,40000000.0,4692936000.0,0.0,254287000.0,427619267.72,257111267.72000003,34.12964249205978,109.6379,0.046125485586502486,0.44762482402497317,0.026887419428443898,34.12964249205978,0.020825798170787127,8.231996067454665,9.52126976576416,0.7931521698856882,0.0843427146419665,0.0,0.002214586833397985,0.009928374497689732,17.7113,0.002145993702307402,73.80380871936487,1.0,-0.292929292929293,0.3569278050239161,0.1291454848653869,0.8027962326598894,-0.07825253744055646,-0.293436536404254,-0.3098651046213636,0.016324663656696065,0.2688502087164271,0.5151372125893107,Banks—Regional,Financial Services,QCRH
2019Q4,2019,Q4,2020-03-13,2019-12-31,15891000.0,56356000.0,35509000.0,0.99,56356000.0,1.0,4909050000.0,535351000.0,4134132000.0,0.0,4373699000.0,0.0,245836000.0,691790753.58,881068753.58,33.94161419257055,0.0,0.05409030260437356,0.4959960848116469,0.03138230974008031,33.94161419257055,0.02968332925501213,12.275370033004473,10.883373506701906,1.2922190368188347,0.059467623182933735,0.0,0.0013660199924755403,0.011480021592772532,0.0,0.003237082531243316,25.909766051685395,1.0,0.05319148936170218,1.6740157304711938,0.24013698616094373,0.8712546190736246,-0.05590270215938217,0.05273269294468367,0.021371454869700282,0.5459303806294421,0.31970797860111017,0.5529742607584199,Banks—Regional,Financial Services,QCRH
2019Q3,2019,Q3,2019-11-08,2019-09-30,15095000.0,59693000.0,34766000.0,0.94,59693000.0,1.0,5292382000.0,519743000.0,4569210000.0,0.0,4772639000.0,0.0,230892000.0,597783551.4,620080551.4,33.02171679660572,0.0,0.057050114674261986,0.5809236488033509,0.03421294868851353,33.02171679660572,0.02904320019702045,10.014299019985593,9.900356929446835,1.1501521932955325,0.06233852268963233,0.0,0.001574148364899289,0.011279042215773541,0.0,0.002852212859918275,42.47733613302068,1.0,0.10588235294117644,0.8724608394908049,0.3660828756852133,0.8955453315069036,0.1043624657736994,0.11781694312796208,0.061719346465109175,1.051866257200374,0.4868469117170329,0.5363233379501571,Banks—Regional,Financial Services,QCRH
2019Q2,2019,Q2,2019-08-06,2019-06-30,13504000.0,54052000.0,32745000.0,0.85,54052000.0,1.0,5194852000.0,504300000.0,4378325000.0,0.0,4690552000.0,0.0,216741000.0,545924787.12,474485787.12,32.09120086380884,0.0,0.04076381771800236,0.41991275034701564,0.037252108515721485,32.09120086380884,0.02677771167955582,10.099992361429734,10.106723695201422,1.0825397325401547,0.06975710900473933,0.0,0.0017255124189716237,0.010404916251704572,0.0,0.0025994965785358275,29.256419459807073,1.0,0.049382716049382616,0.6991360466009985,0.2614776370721853,0.8887843420867431,0.12608333333333333,0.04536305929710482,0.10902255639097744,0.5876493432993062,0.5702524657582083,0.4388310104232869,Banks—Regional,Financial Services,QCRH
2019Q1,2019,Q1,2019-05-09,2019-03-31,12918000.0,48000000.0,29526000.0,0.81,48000000.0,1.0,5066662000.0,488407000.0,4238929000.0,0.0,4578255000.0,0.0,204179000.0,538595600.4,515016600.4,31.12191823986537,0.0,0.05271873276725386,0.5468963385045669,0.035224919143222524,31.12191823986537,0.02644925236534284,11.220741675,10.423355016256385,1.1027597892741094,0.07268927078495123,0.0,0.0017434230790274387,0.009473692936296126,0.0,0.002549607611480695,116.2771158031088,1.0,-0.035714285714285615,0.6722522595863701,0.15338854524816017,0.7395340755172695,-0.10404489571297242,-0.029853739073463007,-0.014495158740010398,0.5231744551747183,0.3528304661208245,0.5609246969371015,Banks—Regional,Financial Services,QCRH
2018Q4,2018,Q4,2019-03-15,2018-12-31,13315518.0,53574113.0,29960279.0,0.84,53574113.0,1.0,4949710195.0,473138403.0,4115876660.0,9000000.0,4476571792.0,0.0,192203333.0,501932558.09000003,757603958.09,30.249106393986064,457.3196288888889,0.06893219735261692,0.7211302186349899,0.02907260104017804,30.249106393986064,0.028142966023411126,9.368938279762094,9.423827110781572,1.0608577847569056,0.07041445927976667,0.0,0.0018679900016206575,0.010823686819910878,51.616458888888886,0.002690161135787466,21.77177898076513,1.0,0.5272727272727271,0.33879716127338155,-0.054377365470779884,0.23006151349201173,0.16247746177637049,0.5116094239476616,0.3659374926198574,0.47359534423975663,0.7334096718951885,0.5727440920847701,Banks—Regional,Financial Services,QCRH
2018Q3,2018,Q3,2018-11-08,2018-09-30,8808835.0,46086152.0,21933858.0,0.55,46086152.0,1.0,4792732495.0,457387389.0,3978404006.0,9000000.0,4335345106.0,0.0,179826524.0,621254890.48,886962936.48,29.272562462388297,442.0448895555555,0.0909095323919179,0.9525952846067647,0.020768246799329686,29.272562462388297,0.019259024651420813,13.480294264533086,17.63158495079088,1.358268516843607,0.0948913221782449,0.0,0.0013454735130602718,0.009615840660433105,61.341361,0.0018379567416269911,203.00848543627774,1.0,-0.24657534246575336,-0.14132865291380167,-0.2403150363493269,0.14871956564639055,0.1502488441330102,-0.1566768481965959,0.04248760998258454,0.01770776115912934,0.2729820444145614,0.550768700191122,Banks—Regional,Financial Services,QCRH
2018Q2,2018,Q2,2018-08-08,2018-06-30,10445385.0,40066245.0,21039922.0,0.73,40066245.0,1.0,4106882705.0,369588165.0,3347852623.0,9000000.0,3737294540.0,0.0,171955296.0,660483359.25,878418449.25,26.551703663153265,371.9836247777778,0.07981866163377559,0.8869490747897731,0.02556589442236711,26.551703663153265,0.028262228039688447,16.484783119805712,15.80801854718615,1.7870793001447978,0.079818024898077,0.0,0.0012623028094859606,0.009755877603034684,55.66800833333333,0.002543385275475015,33.87044473347724,1.0,-0.013513513513513526,0.00043960250277250926,-0.23451381097920643,-0.015476054930380378,0.0014484496277584436,-0.009912453704805166,0.06886226556255766,15.249489682609413,0.2227468911680971,0.2475494639655796,Banks—Regional,Financial Services,QCRH
2018Q1,2018,Q1,2018-05-09,2018-03-31,10549961.0,40008295.0,19684409.0,0.74,40008295.0,1.0,4026314414.0,360427917.0,3287412366.0,159745000.0,3665886497.0,0.0,162345792.0,622906445.85,798951304.85,25.95123583187753,20.579125268396506,0.10994854263261716,1.2282272851800211,0.020618738138584194,25.95123583187753,0.029270654414929796,15.56943243519875,14.760870818621985,1.7282413943812238,0.06567550344498904,0.0,0.0011123243379742593,0.009936704113540201,3.1560108172399763,0.002620252646767094,86.52847246946428,1.0,0.0571428571428572,0.14636466349366647,-0.23352984303953037,-0.10071387409304655,-0.012468505202360392,0.0654815034757044,0.40741471354157355,0.4501529956388565,-0.010862955749213516,0.37079637448477715,Banks—Regional,Financial Services,QCRH
2017Q4,2017,Q4,2018-03-12,2017-12-31,9901590.0,40513437.0,13986218.0,0.7,40513437.0,1.0,3982664773.0,353287129.0,3230031361.0,13993122.0,3629377644.0,0.0,151962661.0,593279546.45,771272480.45,25.51639200817421,230.82992923237575,0.07770666793200373,0.8760002377556189,0.02644452727944282,25.51639200817421,0.0280270329350153,14.644019129998771,14.979400945959185,1.6793126546367898,0.06646508288062826,0.0,0.001109274715330952,0.0101724446593286,39.007936470503154,0.002486172089382628,122.68863566898528,1.0,0.20689655172413793,0.07454429966494965,-0.15021539947915374,-0.11232517369035434,0.1799193138793542,0.26071708003694966,-0.0712993406035929,0.898083199831027,0.015608119062257642,0.4067588576220621,Banks—Regional,Financial Services,QCRH
2017Q3,2017,Q3,2017-11-08,2017-09-30,7853935.0,34335769.0,15059985.0,0.58,34335769.0,1.0,3550463094.0,313038628.0,2884850165.0,110455000.0,3237424466.0,0.0,142450131.0,598386425.0,736024225.0,23.802775228398605,26.11787755194423,0.09733624455469414,1.1039811482945805,0.018371072366560555,23.802775228398605,0.025089347759344256,17.427494488327902,19.047344579500592,1.9115418081886049,0.08365284408388916,0.0,0.0010979593997307007,0.009670786061126707,4.567590955592776,0.0022120874917056664,90.33599214614594,1.0,-0.10769230769230778,-0.027498917365533653,-0.306626109781976,-0.14728128247714933,0.012263518235503383,-0.10404748245411799,-0.04732864613499708,0.16596521362139652,-0.05958600290834456,0.3663505062140476,Banks—Regional,Financial Services,QCRH
2017Q2,2017,Q2,2017-08-08,2017-06-30,8766017.0,33919793.0,15808164.0,0.65,33919793.0,1.0,3457186695.0,305083435.0,2782452530.0,49500000.0,3152103260.0,0.0,135254306.0,624271414.1999999,660985161.1999999,23.164531468306336,56.21116222222222,0.0626366014057566,0.7097941092737468,0.023299991536862075,23.164531468306336,0.028733179171133955,18.404340327194802,17.803736126681024,2.046231760174065,0.07489969503823686,0.0,0.0010517412539886885,0.009811385959877992,11.170726040404041,0.0025355925998089613,88.47504362304248,1.0,-0.04411764705882357,0.04768286915440483,-0.3297942976801805,-0.18179447957002326,-0.0034390376993497663,-0.045612367602924996,0.036558300193165826,0.31606071336093194,-0.055441472219286324,0.36338943858144274,Banks—Regional,Financial Services,QCRH
2017Q1,2017,Q1,2017-05-09,2017-03-31,9184965.0,34036847.0,15250627.0,0.68,34036847.0,1.0,3381012618.0,295839630.0,2741961817.0,47550000.0,3085172988.0,0.0,127145292.0,556198727.7,509515561.70000005,22.525776681132097,57.66481213459517,0.06347610412851763,0.7254386743250051,0.023708846577948865,22.525776681132097,0.03104710819169156,16.341076707251997,15.138836340149364,1.8800683589957166,0.05689450095890403,0.0,0.0009395454789351183,0.010067057075975692,13.124439978969505,0.0027166313876205712,58.93862418371091,1.0,0.06250000000000006,0.03719570364247396,-0.3149424666897398,-0.24673188889216563,-0.03942034880173521,0.07686828859945623,0.06218899166121896,0.42076733248983406,-0.022711777755192546,0.25905979870253315,Banks—Regional,Financial Services,QCRH
2016Q4,2016,Q4,2017-03-10,2016-12-31,8529330.0,35433654.0,14357734.0,0.64,35433654.0,1.0,3301943748.0,286040799.0,2646785919.0,5000000.0,3015902949.0,0.0,118616901.0,566692733.5999999,638154017.5999999,21.85587684885042,529.3571838,0.06238149941977752,0.7201077703604093,0.021829609704318,21.85587684885042,0.02981857843293187,15.993065056175125,16.61011866113751,1.9811605043097367,0.06112836529950184,0.0,0.0009200470891656409,0.010731150105589261,110.2102834,0.0025831239569620917,36.83854134407339,1.0,0.3913043478260869,0.14656606956318527,0.6392671682027937,-0.2631251124175421,0.06311271003949252,0.39653354129618645,0.28749665857131496,0.02491426320821719,-0.25252837260293565,-0.111244061056399,Banks—Regional,Financial Services,QCRH
2016Q3,2016,Q3,2016-11-08,2016-09-30,6107501.0,33330101.0,11151667.0,0.46,33330101.0,1.0,3280986109.0,280857160.0,2635326494.0,5000000.0,3000128949.0,0.0,110610144.0,414739501.97999996,485590528.97999996,21.49398891555278,527.0652988,0.06311809045211657,0.7373484015860589,0.017522920205761582,21.49398891555278,0.021745933057216702,12.443391695092672,16.976644865878857,1.476691931158173,0.08525598276611007,0.0,0.0012554892830659516,0.01015856205808764,112.2705418,0.0018614833458900205,40.86316036735704,1.0,-0.1320754716981132,0.0515775101085546,-0.42987435705440913,-0.2594115015516456,0.23354637141387635,-0.08521962289336561,-0.04963447502753091,-0.28808686131864575,-0.3430161743759959,-0.1565287240293188,Banks—Regional,Financial Services,QCRH
2016Q2,2016,Q2,2016-08-05,2016-06-30,6676467.0,27019739.0,11734082.0,0.53,27019739.0,1.0,2683434288.0,275117391.0,2129129099.0,118900000.0,2408316897.0,0.0,105024027.0,335390743.63,568514928.63,22.303662230888385,17.90688897392767,0.16740214023828556,1.632803514773081,0.012249483064091859,22.303662230888385,0.02426770250958072,12.412804713990761,12.558690982446256,1.2190823066870389,0.07052727138470093,0.0,0.001403953474993522,0.010069089122408947,4.186120462573591,0.002488030741000951,40.63442626035319,1.0,0.0,-0.0190984796621236,-0.41411267464087453,-0.20190707028005975,0.013331817696319748,0.04753722803946159,0.038685589484475105,-0.27839932923963506,-0.4174627983240575,-0.17299131507229512,Banks—Regional,Financial Services,QCRH
2016Q1,2016,Q1,2016-05-06,2016-03-31,6373489.0,26664256.0,11297049.0,0.53,26664256.0,1.0,2640673254.0,235142719.0,2060569128.0,0.0,2405530535.0,0.0,98868261.0,281277837.0,378736232.0,19.938129174926782,0.0,0.06963315197041792,0.7819863731353723,0.020474550113312416,19.938129174926782,0.027104768657540274,10.548872505574504,11.033118477179455,1.1962004955807286,0.07352064151989593,0.0,0.001665908003978287,0.010097521895073505,0.0,0.0024135848652784516,78.92354643528152,1.0,-0.0701754385964911,0.18810737439038916,-0.3882572863145729,-0.2900809268281882,0.1489919850994441,-0.06062560511895446,-0.06417625584317793,-0.18442778040852842,-0.3984275709366476,-0.3090855842199367,Banks—Regional,Financial Services,QCRH
2015Q4,2015,Q4,2016-03-11,2015-12-31,6784823.0,23206651.0,12071770.0,0.57,23206651.0,1.0,2593198275.0,225885750.0,1974044685.0,0.0,2367312525.0,0.0,92965645.0,285273783.55,396716549.55,19.233330168730117,0.0,0.07307541958009361,0.8389154782893564,0.0217921817534936,19.233330168730117,0.03003652510173838,12.292759672647295,10.51146741595175,1.2629118195813591,0.0,0.0,0.0,0.008949046134931584,0.0,0.0026163919147293123,41.71715938530778,1.0,0.03636363636363619,0.7490057165984942,-0.457835698815018,-0.31369593004599067,-0.14496717909719672,0.04559047506182398,0.009223468337100436,-0.1319752463080784,-0.42615256906494403,-0.3309029344190106,Banks—Regional,Financial Services,QCRH
2015Q3,2015,Q3,2015-11-06,2015-09-30,6488987.0,27141240.0,11961444.0,0.55,27141240.0,1.0,2575854717.0,221115239.0,1942270552.0,0.0,2354739478.0,0.0,86649405.0,256185026.91000003,471382845.91,18.876162808019433,0.0,0.11201202035805655,1.3048702219931572,0.01700165464280577,18.876162808019433,0.029346629519279764,9.438958091450502,9.86999307095237,1.1586041200443902,0.07182939340146621,0.0,0.001819388141539376,0.010536789913217765,0.0,0.0025191587697762224,18.37421226611316,1.0,11.436432637571158,0.2647839833426575,-0.35510622458290125,-0.35089466927345875,0.15913049880650032,13.38786563271976,10.26793632312088,-0.09791996586767368,-0.38465912270875185,-0.3237739218659266,Banks—Regional,Financial Services,QCRH
2015Q2,2015,Q2,2015-08-07,2015-06-30,-523818.0,23415172.0,1061547.0,-0.0527,23415172.0,1.0,2542968846.0,211697417.0,1907378247.0,0.0,2331271429.0,0.0,81066189.0,216441149.44000003,416755827.44000006,21.2830869076353,0.0,0.11325043146045682,1.3603959985964307,0.0004454376999821512,21.2830869076353,-0.002474371239021778,9.243628423485424,-103.2997861089157,1.0224080789800096,-1.9090600170288154e-06,0.0,4.620193538000091e-09,0.009207809225359263,0.0,-0.0002059867940670792,70.81735946620931,1.0,-1.1013461538461538,-1.139159186842351,-0.3273941337855895,-0.26146339571276284,0.008054257761304235,-1.1253786302125308,-0.8847258589552206,-1.0828938133169967,-0.3874148788999096,-0.24824988481015117,Banks—Regional,Financial Services,QCRH
2015Q1,2015,Q1,2015-05-04,2015-03-31,4177889.0,23228087.0,9208891.0,0.52,23228087.0,1.0,2491659006.0,150995965.0,1810937597.0,0.0,2340663041.0,0.0,82054713.0,142369993.5,336180680.5,18.931503113751283,0.0,0.10277005616875329,1.6958594622048344,0.018571070189299443,18.931503113751283,0.027668878436586036,6.1292173350306465,8.5192541915307,0.942872834383356,0.07562551326758561,0.0,0.002219252752863264,0.009322337825547545,0.0,0.0016767499043566958,76.25136627972368,1.0,0.4054054054054055,0.854321186611549,-0.16832200765818944,-0.314077278217248,0.014961271865630607,0.3959702234112899,0.21423137150039057,-0.22315131965917054,-0.23018299610248022,-0.3669253765233185,Banks—Regional,Financial Services,QCRH
2014Q4,2014,Q4,2015-03-12,2014-12-31,2992821.0,22885688.0,7584132.0,0.37,22885688.0,1.0,2524958100.0,144078509.0,1832504159.0,0.0,2380879591.0,0.0,77876824.0,141866891.5,332503417.5,18.13842640472601,0.0,0.10463786587191289,1.8337656936746896,0.01665811634731497,18.13842640472601,0.020772154159368766,6.198934963196212,11.850599442799954,0.9846499140270808,3.341329133950878e-07,0.0,7.048861009265153e-09,0.009063789216937897,0.0,0.0011852953124251843,21.47255125138208,1.0,-0.26,0.8751894483720509,-0.22059743510435723,-0.33039480913568176,0.03926661271210324,-0.2633355199111913,-0.19427905591206576,-0.33713504369539343,0.7444475772254059,-0.3884596344342881,Banks—Regional,Financial Services,QCRH
2014Q3,2014,Q3,2014-11-07,2014-09-30,4062665.0,22020998.0,9412852.0,0.5,22020998.0,1.0,2450595553.0,138179976.0,1756865612.0,0.0,2312415577.0,0.0,75199959.0,140078131.04,321464990.03999996,17.420694851098293,0.0,0.10542123472138692,1.8696255165075437,0.01894142546160031,17.420694851098293,0.029401257096759083,6.3611163781042075,8.619842581162857,1.0137368314494424,0.07754811189207085,0.0,0.002249116244348201,0.008985978111745965,0.0,0.0016578276227697047,12.586174488684332,1.0,0.11111111111111108,0.4654035336422137,-0.2983558901508605,-0.3754962578694779,0.019128904568919913,0.013680449998453031,0.007672584440875303,0.15233192829244446,-0.37947428622941554,-0.39975933306793265,Banks—Regional,Financial Services,QCRH
2014Q2,2014,Q2,2014-08-07,2014-06-30,4007836.0,21607667.0,9341181.0,0.45,21607667.0,1.0,2464839483.0,134642529.0,1741410112.0,0.0,2330196954.0,0.0,71137294.0,136699764.0,328330292.0,16.99039967069731,0.0,0.11550819270935868,2.114555899347375,0.01716461738386638,16.99039967069731,0.029766493765131224,6.32644718191927,8.527030796669324,1.0152792361765575,0.1767482501779015,0.0,0.005181998704840486,0.008766358681377874,0.0,0.0016260028402019882,42.32848696608575,1.0,0.12499999999999997,4.023668496794166,-0.2212838405192218,-0.38545256351003176,0.03127338930969959,0.030499985215525497,0.09285917353322094,-0.08345911575412435,-0.2707036650789205,-0.39203177891026486,Banks—Regional,Financial Services,QCRH
2014Q1,2014,Q1,2014-05-07,2014-03-31,3889215.0,20952414.0,8547470.0,0.4,20952414.0,1.0,2426319210.0,141357027.0,1677543441.0,0.0,2284962183.0,0.0,67818380.0,135581760.6,324021946.6,17.890950615963604,0.0,0.11881114562827864,2.0393309842318628,0.017740598222632173,17.890950615963604,0.027513418204529724,6.4709374585668265,8.715239489202833,0.9591441152762785,0.2419966497095172,0.0,0.0069417670624347975,0.008635472988733416,0.0,0.0016029280005576843,52.184102491664234,1.0,-0.19999999999999996,8.444106508734025,-0.22093869132115143,-0.3670980020297222,-0.03608158898387056,0.019206085233309033,-0.020590194019500494,0.08219007766434246,-0.2824758110260116,-0.3629729766511969,Banks—Regional,Financial Services,QCRH
2013Q4,2013,Q4,2014-03-10,2013-12-31,3815926.0,21736709.0,8727164.0,0.5,21736709.0,1.0,2394952924.0,147576780.0,1655894086.0,0.0,2247376144.0,0.0,64637173.0,102205074.72,311297559.72,24.591539579278535,0.0,0.11861953074447988,1.9250195864146107,0.017438329186317315,24.591539579278535,0.025857224964523553,4.701957169321262,6.69595497396962,0.6925552564570117,0.3169065647499454,0.0,0.011832015223441343,0.009076048544493228,0.0,0.001593319835960166,192.63586038174685,1.0,-0.01960784313725492,9.689093328302665,0.08476107366329601,0.2274084181750046,-0.035722871285490405,0.0010446113584040059,-0.08488101264973297,0.9251061740950105,-0.006165029141649862,-0.12249862339838936,Banks—Regional,Financial Services,QCRH
2013Q3,2013,Q3,2013-11-14,2013-09-30,3811944.0,22541973.0,9536644.0,0.51,22541973.0,1.0,2485714438.0,147953477.0,1736485487.0,0.0,2337760961.0,0.0,61787378.0,92257641.91,275924013.90999997,25.482775202768025,0.0,0.10389505489930295,1.745504352020061,0.018449603707950086,25.482775202768025,0.025764477302550992,4.092704835996387,6.050563827144365,0.6235584575683882,0.27277682987997726,0.0,0.011270719459905171,0.009068609272003593,0.0,0.0015335405957037772,8.899953792566352,1.0,-0.135593220338983,0.879656761873134,0.19271067386005344,0.31748837516217154,0.11158043138761323,-0.05766963617158081,-0.0771291247805354,0.4990374144956382,0.08062978200286783,-0.12370933679404966,Banks—Regional,Financial Services,QCRH
2013Q2,2013,Q2,2013-08-14,2013-06-30,4045231.0,20279210.0,10333671.0,0.59,20279210.0,1.0,2446771477.0,145445913.0,1697576901.0,0.0,2301325564.0,0.0,58786271.0,81327374.96,265240384.95999998,26.96907860506703,0.0,0.10740834502543124,1.8068825007135128,0.017347995605014863,26.96907860506703,0.027812613751477498,4.010381812703749,5.026126750239974,0.5591588878815729,0.2004421997161596,0.0,0.009970013176975165,0.008288150401714038,0.0,0.001653293345138991,6.638786208184623,1.0,0.20408163265306117,0.9518175661678752,0.0946872900713217,0.4370799820318776,0.09501977700036264,0.23891350580556325,0.18434381493024424,0.9820760715486555,0.0743848075784881,-0.06415588019817128,Banks—Regional,Financial Services,QCRH
2013Q1,2013,Q1,2013-05-06,2013-03-31,3265144.0,18519492.0,8725229.0,0.49,18519492.0,1.0,2143990652.0,142198431.0,1416763161.0,171853471.0,2001792221.0,0.0,55780849.0,80319733.3,564814324.3,28.857596135718243,8.244018306735278,0.25724477039370974,3.8785968250240397,0.009377955072269996,28.857596135718243,0.022961884860740835,4.33703760880698,6.1497849176024095,0.5648426127852283,0.30711937972720343,0.0,0.012484964264690854,0.00863786042291009,4.551758398874585,0.0015229282818720051,12.435474243371957,1.0,0.0,3.4424735659669023,0.20422272459498328,0.5043465733312806,0.10088267413401046,0.004208570918910274,-0.03479577754977309,1.3457190449731562,0.0732883774310266,0.04556308955422822,Banks—Regional,Financial Services,QCRH
2012Q4,2012,Q4,2013-03-11,2012-12-31,3251460.0,16822403.0,9039775.0,0.49,16822403.0,1.0,2093730492.0,140433821.0,1457006043.0,0.0,1953296671.0,0.0,53326542.0,64606432.374,227353258.374,28.745201792253354,0.0,0.11781590942221422,1.7565196207258365,0.017404387033661095,28.745201792253354,0.023152969682424293,3.840499622675785,4.967494016072779,0.46004895340702867,0.24937628019412816,0.0,0.012550406673226405,0.008034655398236423,0.0,0.0015529505886376516,6.715499115014444,1.0,0.1136363636363636,0.9019836761759525,0.18103863269508763,0.537082123771631,-0.10264723924744089,0.06349553679628618,0.010051152989797894,2.3123488622713877,-0.06850798138634329,0.061169028837035906,Banks—Regional,Financial Services,QCRH
2012Q3,2012,Q3,2012-11-06,2012-09-30,3057333.0,18746700.0,8949819.0,0.44,18746700.0,1.0,2023946072.0,138975316.0,1397782588.0,140888698.0,1884824786.0,0.0,51077870.0,74680485.0,496240421.0,27.913982347597234,9.921183230751412,0.2527544790234905,3.680951767002998,0.01038428597815583,27.913982347597234,0.021999108100606873,3.983660324217062,6.106669195014086,0.5373651030230433,0.32705923757732636,0.0,0.013389428309149303,0.009262450348528852,0.6388127669403262,0.0015105802680695142,4.827426131099062,1.0,0.0,0.7690999718599437,0.312733850234211,0.691343208371876,0.008809018047783668,-0.004824950295492807,-0.03174669288828987,0.7569230252331838,-0.04836921149198815,0.0006711318257652378,Banks—Regional,Financial Services,QCRH
2012Q2,2012,Q2,2012-08-07,2012-06-30,3072156.0,18583002.0,9243262.0,0.44,18583002.0,1.0,2043425746.0,136907431.0,1369924816.0,185399038.0,1904103654.0,0.0,48831374.0,63348626.3,546726274.3,28.311384963686262,7.38906108024142,0.2757476028199167,4.1156988111185875,0.009761849962486824,28.311384963686262,0.022439658516417563,3.40895546908944,5.155062625400533,0.4627113797789398,0.34619726342021695,0.0,0.016789188055369088,0.009094043195049379,0.46832728981042504,0.0015034341257634325,-47.159448025215774,1.0,-0.0833333333333333,1.2174979182727363,0.41636353047544217,0.7860703891465601,0.023274410582053817,-0.05087156584027894,-0.04176423175109176,4.798221232795058,0.0974884078309693,0.024030593166143997,Banks—Regional,Financial Services,QCRH
2012Q1,2012,Q1,2012-05-07,2012-03-31,3236818.0,18160331.0,9646125.0,0.48,18160331.0,1.0,1992998193.0,143551671.0,1341695804.0,149900500.0,1847231019.0,0.0,46884095.0,58564965.4,519806082.4,29.9040625096997,8.950575908686096,0.26390851223416034,3.6639711982175394,0.010561960994334844,29.9040625096997,0.022548103950667354,3.2248842490811427,4.523344021814016,0.40797132483396864,0.3752484693300643,0.0,0.020739549519139647,0.009112065963624284,0.47774693880273916,0.0016240947991667347,11.629902081587886,1.0,-0.15789473684210523,1.437550769687085,0.5065642905078622,0.8862449485203041,1.2905472126024216,0.18627160660332687,0.033249065605109665,11.936688770539995,0.11139196980940924,0.0578722906389091,Banks—Regional,Financial Services,QCRH
2011Q4,2011,Q4,2012-03-08,2011-12-31,2728564.0,7928381.0,9335721.0,0.57,7928381.0,1.0,1966610054.0,142381164.0,1366417324.0,213536450.0,1822177352.0,0.0,44585902.0,43683703.699999996,554399504.7,29.660227559871487,6.3989886691475855,0.3003153125342458,4.148042454548271,0.009144374586113025,29.660227559871487,0.01916379894183194,5.509788656725755,4.002444481786023,0.3068081652991683,0.1603414836522068,0.0,0.010015222221187257,0.004031496220551713,0.4046022728204014,0.0013874453628721253,4.94181290330536,1.0,57.99999999999999,9.54702055699847,-0.29480846087310475,0.910045782396087,-0.6358728390174183,0.26138163931849545,0.08919941800291839,8.767171838529615,-0.5053715826218614,0.480395844050712,Banks—Regional,Financial Services,QCRH
2011Q3,2011,Q3,2011-11-07,2011-09-30,2163155.0,21773660.0,8571177.0,-0.01,21773660.0,1.0,1898960492.0,141245272.0,1338879807.0,143586491.0,1755791619.0,0.0,43071950.0,42680888.839999996,497135064.84,29.022850018041,9.32455273247119,0.27623073160808026,3.7137614489495974,0.00994555806086478,29.022850018041,0.015314884309897466,1.9602073716591513,4.93271273209733,0.3021756993041155,0.5827811691718809,0.0,0.029536545143796025,0.011466094261428162,0.535634839074102,0.0011391258581276477,56.518926215734126,1.0,-1.0294117647058825,2.8956304373383337,0.9539823935501311,1.293246176324066,0.20134276178304253,-0.19133455378361394,-0.11723297441130512,0.272518984216956,0.3744191847373943,0.5005142575166138,Banks—Regional,Financial Services,QCRH
2011Q2,2011,Q2,2011-08-08,2011-06-30,2674969.0,18124436.0,9709444.0,0.34,18124436.0,1.0,1878488343.0,135475897.0,1330827237.0,122394544.0,1741163589.0,0.0,43096853.0,43241840.8,475013767.8,27.946196990762704,10.873256221290386,0.268378346279682,3.7212936482716183,0.010803420790584337,27.946196990762704,0.019744980909777627,2.38583097427142,4.041340366935093,0.31918475358018855,0.34223275110851753,0.0,0.021170745349027787,0.009648415475953794,0.6448727894276072,0.0014240008515187257,6.010711621836135,1.0,0.4782608695652174,1.083047092153199,0.565668482530873,1.260146963261276,0.04972278926713806,0.2588326368496348,0.019696390330624244,0.4358555224417024,0.0884278308589221,0.4891469173811162,Banks—Regional,Financial Services,QCRH
2011Q1,2011,Q1,2011-05-09,2011-03-31,2124960.0,17265926.0,9521897.0,0.23,17265926.0,1.0,1873694114.0,131205458.0,1348061463.0,134871743.0,1740735978.0,0.0,41643489.0,39242406.0,499965458.0,28.0850732546827,9.995136364479253,0.28010793601713796,4.000112487698492,0.010165787695596971,28.0850732546827,0.016195667713762334,2.272823710700486,4.616840552292749,0.29909126188942536,0.5171311459980423,0.0,0.028002436955573008,0.0092149117996322,0.5238251054559293,0.0011341018708030163,2.337740076517572,1.0,-0.30303030303030304,1.476134085161283,0.6670385752368291,1.2968847108313104,0.014066250419641747,0.3770872986093425,0.027775385150093312,2.04952069549361,0.1842023997369759,0.46407495321988146,Banks—Regional,Financial Services,QCRH
2010Q4,2010,Q4,2011-03-07,2010-12-31,1543083.0,17026428.0,9264570.0,0.33,17026428.0,1.0,1836635216.0,130922489.0,1377447017.0,141154499.0,1704064508.0,0.0,40550900.0,33342029.955,517625896.955,28.024502564903894,9.75843509600073,0.308205069285789,4.323629105462546,0.010004249069210634,28.024502564903894,0.011786233303279164,1.9582516047993155,5.4018529714539,0.2546699975662699,0.5932688001876762,0.0,0.02745672657710262,0.009270446222348815,0.6249351357904646,0.0008401684703403836,3.860773061156526,1.0,0.5714285714285715,0.18133141412266135,0.6672696676538801,1.3336769796321788,0.03053935631101121,-0.23385446301697146,-0.11095055552095581,-0.05605287828931265,0.25005645654985553,0.4985444260027665,Banks—Regional,Financial Services,QCRH
2010Q3,2010,Q3,2010-11-05,2010-09-30,2014086.0,16521861.0,10420759.0,0.21,16521861.0,1.0,1806925315.0,133727573.0,1347381658.0,136418527.0,1671402491.0,0.0,40219925.0,41525050.98,532562241.98,29.080276981998303,9.876823094563981,0.310730050289876,4.19858060237136,0.01077783302321331,29.080276981998303,0.015061112340683847,2.5133398096013515,5.154329430322241,0.3105197383639049,0.5495381031395878,0.0,0.026654199666921157,0.009143632480460323,0.5684450030749856,0.0011146481723844795,-36.539171421959374,1.0,0.4,1.0737849082691142,0.7351301919030884,1.4501664252742896,0.028171910893673234,0.15918551989322596,0.017249121393104177,0.2617725904318,0.2525765170094706,0.762010463380175,Banks—Regional,Financial Services,QCRH
2010Q2,2010,Q2,2010-08-06,2010-06-30,1737501.0,16069162.0,10244058.0,0.15,16069162.0,1.0,1835715135.0,132312252.0,1375481258.0,133035187.0,1701715352.0,0.0,39234525.0,45316318.529999994,537393982.53,28.81791746554748,10.339228959027208,0.3045248684513352,4.225012434978432,0.010760902393264916,28.81791746554748,0.013131822440751745,2.8200797608487607,6.520329848731022,0.3424952553146779,0.5318489025330058,0.0,0.020391947756926494,0.008753625055229497,0.5602780864283673,0.0009464981613282826,15.315092922040789,1.0,1.5,0.3531751372076093,0.7189269139743063,1.4574734829362717,0.0033244425951731273,0.34480564763867744,0.09677789591782307,0.32091069687241924,0.28997272908331523,0.8180258269986846,Banks—Regional,Financial Services,QCRH
2010Q1,2010,Q1,2010-05-07,2010-03-31,1292009.0,16015918.0,9340139.0,0.06,16015918.0,1.0,1832334025.0,126236154.0,1409695131.0,116263571.0,1704477382.0,0.0,38717067.0,40706508.5,526162839.5,27.600052473181286,12.124994259809894,0.2922566757444784,4.242143269035272,0.010670445628174664,27.600052473181286,0.010234857123419651,2.5416281789155013,7.876591513681407,0.3224631550482756,0.8558152458690303,0.0,0.027163248353761413,0.008740719640350508,0.4964884572485736,0.0007051165248104804,7.740613487203028,1.0,-0.7000000000000001,-0.03901246169689257,0.7127493744131547,1.410214868769369,-0.05272637403434937,0.4059041032091823,-0.05967823352614005,0.02118668134047815,0.3945046267631652,0.7409159554674943,Banks—Regional,Financial Services,QCRH
2009Q4,2009,Q4,2010-03-05,2009-12-31,918988.0,16907383.0,9932918.0,0.2,16907383.0,1.0,1779646107.0,123895246.0,1374448067.0,150899571.0,1654051231.0,0.0,38458477.0,38190937.75,515877890.75,27.08824043211665,9.108362985339435,0.3050575110773976,4.381882513877893,0.008037056547117864,27.08824043211665,0.007417459746599155,2.258831999606326,10.389400555284725,0.3082518416404774,1.0055484946484612,0.0,0.024196499338380348,0.00950041861328332,0.4822609601719809,0.0005163880596177428,-2.6349886402971427,1.0,0.6666666666666669,-0.2968824237410726,0.984180426593886,1.4025540376500498,-0.06010207281517318,-0.4216636669141987,-0.08482379695211469,2.7282901344864348,0.5783495299049722,0.7444161305052287,Banks—Regional,Financial Services,QCRH
2009Q3,2009,Q3,2009-11-09,2009-09-30,1589020.0,17988531.0,10853558.0,0.12,17988531.0,1.0,1749303658.0,126819388.0,1368960644.0,114153590.0,1620811201.0,0.0,38752619.0,46371954.0,505928717.0,27.895260950185538,11.992269748152466,0.2876320773119883,3.967499393704691,0.012792968071792102,27.895260950185538,0.01252978763783342,2.5778621945282802,7.295684447017658,0.3656535071751016,0.6955639324866899,0.0,0.023834773061320643,0.010283252377444008,0.45291260660308624,0.000908372878964162,5.589676229508196,1.0,1.7058823529411766,0.043349251419276626,0.9883803086158138,1.6170415104896632,0.1313790555138006,3.0921591758918883,0.47362905777040376,2.0633605220095292,0.7280788115125045,1.2041495053659426,Banks—Regional,Financial Services,QCRH
2009Q2,2009,Q2,2009-08-10,2009-06-30,-759512.0,15899650.0,7365190.0,-0.17,15899650.0,1.0,1700856552.0,125541040.0,1345496365.0,138945235.0,1573676296.0,0.0,38195096.0,45408540.0,502398630.0,27.647010892664685,9.683645250590997,0.3083447415852386,4.177519749716906,0.00541041707584791,27.647010892664685,-0.006049910053318022,2.855945885601255,-14.946617038308808,0.36170275473263563,-1.2306704831523398,0.0,0.02058443191523004,0.009348025253102002,0.5399919399898816,-0.0004465467702769563,14.796111114188529,1.0,-4.269230769230769,-1.4216342503446833,0.7564382979921007,1.7137030200888703,0.032525596970412296,-4.221137452818185,-0.1646364396487231,-1.631417705278245,0.466306140060779,1.2359503059740702,Banks—Regional,Financial Services,QCRH
2009Q1,2009,Q1,2009-05-11,2009-03-31,235790.0,15398795.0,8816748.0,0.052,15398795.0,1.0,1680909646.0,127880770.0,1366528453.0,122177416.0,1551116103.0,0.0,40531523.0,36371762.04,419861619.04,28.26812156280125,11.18478764520605,0.26462155360847994,3.4782784151205846,-0.06270453104261516,28.26812156280125,0.0018438268709204675,2.3619875477269487,38.563724118919374,0.28441932309290907,2.676788667882438,0.0,0.017353022361299934,0.009160989132666325,0.563786289276244,0.00014027523761381283,7.093932424644028,1.0,1.7103825136612023,-0.6058253966668234,1.643485967099037,3.1603230336956307,0.019415087994322604,1.7122359963269054,-0.05360980839049281,-0.716262439919558,0.535361194760915,1.311854971241471,Banks—Regional,Financial Services,QCRH
2008Q4,2008,Q4,2009-03-06,2008-12-31,-331056.0,15105520.0,9316187.0,-0.0732,15105520.0,1.0,1605629014.0,90636873.0,1314940644.0,101456950.0,1513133843.0,0.0,40893304.0,45238510.0,222785116.0,20.03533560234411,12.96057730889801,0.13273588241224943,2.3514114834919337,0.013539332987071854,20.03533560234411,-0.0036525531943274346,2.994833014686022,-34.16227919143589,0.49911816794473923,-1.3475816780242618,0.0,0.009861620110830352,0.009407851918649995,0.42790378579289046,-0.00020618461494742273,-106.8942694845088,1.0,-1.209142857142857,-1.4209761122406497,1.6724704289919328,2.028439472008848,0.0035389391261147585,-1.204969324811519,-0.3670587028360854,-1.261729079554514,0.5275169268104896,0.668397195137005,Banks—Regional,Financial Services,QCRH
2008Q3,2008,Q3,2008-11-10,2008-09-30,1615149.0,15052251.0,14718880.0,0.35,15052251.0,1.0,1641416125.0,89438193.0,1374582080.0,127094449.0,1550003798.0,0.0,41579821.0,61499944.800000004,480753483.8,19.341935521542126,10.815437580598033,0.27688261744108306,5.081493462194613,0.01961269913370285,19.341935521542126,0.018058828625931653,4.085763969787642,9.519237048718105,0.6876250820496788,0.3904964805104668,0.0,0.01025545635936896,0.009170283373449863,0.3395156620884363,0.0009839972785694426,18.485755224935776,1.0,0.20689655172413793,-0.19245559778511162,0.5131677142782805,0.9866671855446033,-0.04981087120196605,-0.08866499763864696,0.14068179988175375,0.6538557624818235,0.5720772875743001,0.6296598909301764,Banks—Regional,Financial Services,QCRH
2008Q2,2008,Q2,2008-08-11,2008-06-30,1772289.0,15841321.0,12903581.0,0.29,15841321.0,1.0,1583761723.0,86546801.0,1301438413.0,202995130.0,1495332107.0,0.0,37720464.0,57693005.01,502557402.01,18.76658150017206,6.411180470191575,0.3124875994998397,5.718361548683931,0.015817795499771865,18.76658150017206,0.02047781061254939,3.641931440566099,8.138205028920225,0.6666104852333017,0.2517224899550807,0.0,0.007732739868943776,0.010002338590424438,0.286330105554749,0.001119037652105196,13.015101832396597,1.0,4.8,-0.07293955984453182,0.7100919006382579,0.9770678029095272,0.102913663264536,1.5818406162775114,0.031309046538053095,0.37415304922155057,0.6870470484693819,0.6003368896163599,Banks—Regional,Financial Services,QCRH
2008Q1,2008,Q1,2008-05-12,2008-03-31,686444.0,14363156.0,12511847.0,0.05,14363156.0,1.0,1527205352.0,88282481.0,1240380485.0,169497510.0,1437166426.0,0.0,36578885.0,68572273.4,457107986.4,19.18281109373282,7.317986470715706,0.2837367106083845,4.908382932736111,0.021140435844363425,19.18281109373282,0.007775540426871329,4.774178697216684,24.9737317974955,0.776737044805073,0.6583348386758424,0.0,0.006590272971757708,0.009404862274212354,0.3143514320652852,0.0004494772095324611,-20.68023671858319,1.0,-0.8571428571428572,-0.2513703238235113,0.7655311798600883,1.1214252664243671,0.07045895531704074,-0.5737370814411781,-0.16804660113091724,-0.4925784617271341,0.5265232580859724,0.6751669790423286,Banks—Regional,Financial Services,QCRH
2007Q4,2007,Q4,2008-03-05,2007-12-31,1610377.0,13417755.0,15039120.0,0.35,13417755.0,1.0,1476564342.0,86065792.0,1204280773.0,183195840.0,1388777867.0,0.0,36338566.0,65580865.5,455074895.5,18.70114898071908,6.573734278027274,0.29513510221283673,5.063405075038408,0.02005426832105659,18.70114898071908,0.01871099960365205,4.887618345990071,10.180980214570873,0.7619852670385,0.16642003704722558,0.0,0.004086542590689048,0.009087145489254947,0.2961666323864123,0.001090624332576494,24.19912595740818,1.0,0.20689655172413793,1.012934120887349,1.3334747109027074,1.8267706051552959,0.01879265626752292,0.010395223016057758,0.0005546617232116252,0.22449563207966283,0.5649346089924336,0.6586725558981207,Banks—Regional,Financial Services,QCRH
2007Q3,2007,Q3,2007-11-09,2007-09-30,1593809.0,13170251.0,15030783.0,0.29,13170251.0,1.0,1414267604.0,75779517.0,1148872079.0,175923055.0,1336862070.0,0.0,35180098.0,66577852.0,443066342.0,16.50403194894302,6.530537336337185,0.296692445484313,5.537149491200901,0.021587987758749837,16.50403194894302,0.021032187365353623,5.055169563586905,10.44319802435549,0.8785731901669419,0.2831048136884658,0.0,0.0067772537930481744,0.009312417934731962,0.2934050969044393,0.0011269500874461096,11.625412175890583,1.0,0.2608695652173912,0.2348993580842434,0.6531738980752436,0.9743624788139227,0.06111178386088598,0.21608646388499966,0.06689237043469447,0.036167741979623386,0.4414223573226773,0.5483539221218225,Banks—Regional,Financial Services,QCRH
2007Q2,2007,Q2,2007-08-08,2007-06-30,1310605.0,12411747.0,14088378.0,0.23,12411747.0,1.0,1332886285.0,72513727.0,1091881633.0,143896788.0,1258761390.0,0.0,33854289.0,72553459.8152,418705870.8152,15.85121456339373,7.587950003442745,0.28731431203825464,5.281169812165357,0.021846157073452395,15.85121456339373,0.018073888272216378,5.8455477552998785,13.839688505537518,1.0005479350854494,0.20448571461271703,0.0,0.0036938279812240436,0.009311932412898974,0.3090707208836378,0.000983283431414406,34.36990477560199,1.0,0.0454545454545455,0.1665111874552087,0.7096012461173656,1.0024709994187118,0.08284443521601931,0.037950052507115785,0.05365320213578928,-0.27780759163904006,0.360999933731428,0.5558820806979584,Banks—Regional,Financial Services,QCRH
2007Q1,2007,Q1,2007-05-09,2007-03-31,1262686.0,11462170.0,13370982.0,0.22,11462170.0,1.0,1303822819.0,72367058.0,1087629678.0,119232113.0,1230003835.0,0.0,32994899.0,70569705.44,349125382.44,15.85375352928496,9.121952556523091,0.25529199301427474,4.599544809462891,0.02362928838455092,15.85375352928496,0.01744835336542215,6.156749153083578,13.972140627202647,0.9751633877392114,0.2746510217108608,0.0,0.004914261691156635,0.008791202173306955,0.5151295188402809,0.0009684490726803272,-19.42606446441288,1.0,3.081632653061224,0.8538828740751455,0.787701199541126,1.1236209802580566,0.07215770642845451,4.132869918699187,0.150488306407689,1.0919827508770104,0.9500987078004803,1.3332550000496592,Banks—Regional,Financial Services,QCRH
