Quarters,Year,Quarter,FillingDate,Date,NetIncome,Revenue,OperatingIncome,EPSDiluted,GrossProfit,GrossProfitRatio,TotalAssets,CommonStockEquity,CurrentAssets,CurrentLiability,TotalLiability,Inventory,RetainedEarnings,MarketCap,EnterpriseValue,bookValuePerShare,currentRatio,debtToAssets,debtToEquity,roic,shareholdersEquityPerShare,roe,priceToSalesRatio,peRatio,pbRatio,payoutRatio,inventoryTurnover,dividendYield,assetTurnover,quickRatio,returnOnAssets,priceToFreeCashFlowsRatio,grossProfitMargin,epsdilutedGrowth,fiveYNetIncomeGrowthPerShare,fiveYRevenueGrowthPerShare,fiveYShareholdersEquityGrowthPerShare,grossProfitGrowth,netIncomeGrowth,operatingIncomeGrowth,threeYNetIncomeGrowthPerShare,threeYRevenueGrowthPerShare,threeYShareholdersEquityGrowthPerShare,Industry,Sector,Symbol
2023Q1,2023,Q1,2023-05-22,2023-03-31,-9749000.0,47923000.0,-7268000.0,-0.32,4496000.0,0.093817165,230291000.0,4690000.0,81505000.0,196941000.0,219790000.0,33346000.0,-680219000.0,36312171.152,107064171.15200001,0.15482145026435185,0.4138549108616286,0.3187749412699584,15.65266524520256,-0.08098924387540529,0.15482145026435185,-2.078678038379531,0.7577190733468273,-0.9311768169042979,7.742467196588487,0.0,1.3023151202543033,0.0,0.20809758088679106,0.1424893749904794,-0.04233339557342666,-6.947038674574326,0.09381716503557791,0.23809523809523805,-0.222238319404529,0.05803080944491621,-0.7930452047938679,-0.5589129794957324,0.13156957063958669,-2.166884531590414,-0.222238319404529,0.05803080944491621,-0.7930452047938679,Solar,Technology,SPI
2022Q4,2022,Q4,2023-04-14,2022-12-31,-11226000.0,47187000.0,-2295000.0,-0.42,10193000.0,0.2160128849,231095000.0,12192000.0,81956000.0,189697000.0,213223000.0,28987000.0,-670811000.0,22801345.98,94468345.98,0.4598465375332198,0.4320363527098478,0.32540730002812696,6.167979002624672,-0.02343964181941678,0.4598465375332198,-0.9207677165354331,0.4832124521584335,-0.5077798409941208,1.8701891387795275,0.0,1.2762272742953737,0.0,0.20418875354291524,0.15424071018519006,-0.04857742486856055,-4.824660596699111,0.21601288490474072,0.125,0.9682644267407596,-0.9000186634716462,1.0308536259130219,5.45303626037571,0.16801304380048915,0.8332485649930974,0.16260050652277275,-0.45837609338211793,1.823446138417273,Solar,Technology,SPI
2022Q3,2022,Q3,2022-11-14,2022-09-30,-13493000.0,43212000.0,-13763000.0,-0.48,-2289000.0,-0.0529713968,224242000.0,18255000.0,82979000.0,179836000.0,200053000.0,25966000.0,-659987000.0,36797923.58,103688923.58,0.649874984060174,0.4614148446362241,0.32551885908973344,3.9986305121884413,-0.1392269081821114,0.649874984060174,-0.7391399616543413,0.8515672401184856,-0.6817965533980583,2.0157723133388115,0.0,1.7523299699607178,0.0,0.19270252673451005,0.15280032918881647,-0.060171600324649265,-6.188685432223343,-0.05297139683421272,-4.933250927070458,0.0,0.0,0.0,-1.5911673553719008,-5.083408476104599,-1.459874888293119,0.0,0.0,0.0,Solar,Technology,SPI
2022Q2,2022,Q2,2022-08-15,2022-06-30,-2218000.0,48584000.0,-5595000.0,-0.0809,3872000.0,0.0796970196,228467000.0,31587000.0,87605000.0,170206000.0,191800000.0,23707000.0,-646548000.0,47451381.12,110296381.12,1.1516105266105265,0.5146998343184142,0.3347047932524172,2.420901003577421,-0.05801032916512444,1.1516105266105265,-0.07021876088264159,0.9766874098468631,-5.348442416591523,1.502243996580872,0.0,1.8860252246172016,0.0,0.21265215545352284,0.20195527772228947,-0.00970818542721706,-9.977161715727501,0.07969701959492838,0.6888461538461539,0.9637500708792691,-0.8309173405419795,1.297797335816289,0.4293097083794758,0.673150604185087,0.19830921335434876,0.8886044944090519,-0.6149065513210411,5.4149358098272105,Solar,Technology,SPI
2022Q1,2022,Q1,2022-05-13,2022-03-31,-6786000.0,38535000.0,-6979000.0,-0.26,2709000.0,0.0702997275,227535000.0,19280000.0,85134000.0,178144000.0,205338000.0,27101000.0,-644235000.0,73966196.78,154688196.78,0.7480930804726986,0.47789428776719955,0.3713186982222515,4.382157676348548,-0.06190762812610718,0.7480930804726986,-0.3519709543568465,1.919454957311535,-2.7249556727085174,3.836420994813278,0.0,1.3219438397107117,0.0,0.1693585602215044,0.16757230105981677,-0.02982398312347551,-8.400476636002272,0.07029972752043596,0.9174603174603174,0.0,0.0,0.0,-0.7006133613306073,0.8531375455834136,0.8228657724082793,0.0,0.0,0.0,Solar,Technology,SPI
2021Q4,2021,Q4,2022-04-01,2021-12-31,-46206500.0,133811000.0,-39399500.0,-3.15,9048500.0,0.067621496,228080000.0,22429000.0,84067000.0,173838000.0,202130000.0,23242000.0,-637390000.0,52904802.699999996,127535802.69999999,1.5304601069800416,0.4835939207768152,0.37002806032970886,3.762807080119488,-0.33557389506487145,1.5304601069800416,-2.060123054973472,0.3953696086270934,-0.28624112787161976,2.358767787239734,0.0,5.367976077790208,0.0,0.5866844966678358,0.20750929025874665,-0.20258900385829534,-1836.972315972222,0.06762149599061362,0.0,0.0,0.0,0.0,0.0,0.0,0.0,-2.371172794383091,-0.11498091716285005,3.8354144699645083,Solar,Technology,SPI
2020Q2,2020,Q2,2020-06-30,2020-06-30,1331000.0,28182000.0,-158000.0,0.09082181115477442,1571500.0,0.0557625434674615,179667000.0,-2538000.0,57452000.0,164734000.0,179420000.0,10565000.0,-582722000.0,15387823.5,80841823.5,-0.17318238670985536,0.34875617662413344,0.38245754646095276,-27.074468085106382,-0.0019430406967367345,-0.17318238670985536,-0.5244286840031521,0.5460160208643815,2.89027488730278,-6.062972222222222,0.0,2.5187411263606245,0.0,0.15685685184257542,0.1235992569839863,0.007408149521058402,0.0,0.0557625434674615,0.0,1.0388643100162795,-0.7333817645358082,-1.0034171180657172,0.0,0.0,0.0,1.0407135087943455,-0.8164339047868118,0.9552164102526103,Solar,Technology,SPI
2019Q4,2019,Q4,2020-02-03,2019-12-31,-7410000.0,48156000.0,-12693000.0,-0.50563,1611000.0,0.03345377523050087,178853000.0,-8184000.0,56489000.0,170017000.0,184328000.0,13781000.0,-585384000.0,27258430.200000003,91223430.2,-0.55844154957977,0.3322550097931383,0.37309410521489716,-8.15359237536657,-0.206720223173231,-0.55844154957977,0.905425219941349,0.5660443184649888,-0.9196501417004048,-3.3306977272727276,0.0,3.3774762353965606,0.0,0.2692490481009544,0.1288812295241064,-0.041430672116207164,0.0,0.03345377523050087,0.0,-1.631379570262097,-0.6510911945117527,-1.0124536398603354,0.0,0.0,0.0,0.0,0.0,0.0,Solar,Technology,SPI
2019Q2,2019,Q2,2019-06-30,2019-06-30,-7848000.0,49727000.0,-6478000.0,-0.72592,5579000.0,0.11219257144006274,192861000.0,-2820000.0,75845000.0,174001000.0,191656000.0,13333000.0,-577974000.0,23027536.5,82554536.5,-0.2608442288214373,0.43588829949253166,0.35356552128216695,-24.18049645390071,-0.09785669503677577,-0.2608442288214373,2.782978723404255,0.4630791421159531,-0.7335479262232415,-8.165793085106383,,3.311182779569489,,0.25783854693276503,0.1975505887897196,-0.040692519482943675,0.0,0.11219257144006274,0.0,-0.10728157943983095,0.4854602770034268,-1.0333429885809369,0.0,0.0,0.0,0.0,0.0,0.0,Solar,Technology,SPI
2018Q4,2018,Q4,2019-01-17,2018-12-31,-6794000.0,74945000.0,-1109000.0,-0.93526,5509000.0,0.07350723864167055,188728000.0,-3921000.0,73883000.0,166531000.0,188658000.0,11906000.0,-570126000.0,6214574.430000001,66913574.43,-0.5397659224752418,0.44365913853877054,0.3435632232631088,-16.536597806681968,-0.019548205004663026,-0.5397659224752418,1.732721244580464,0.08292180172126226,-0.22867877649396529,-1.5849462968630452,,5.832017470183101,,0.3971058878385825,0.2137379827179324,-0.03599889788478657,0.0,0.07350723864167055,0.0,0.9007958639648855,0.3300603950751287,0.6268246304015467,0.0,0.0,0.0,0.9426424690526455,-0.22294542741375978,-1.015910540749967,Solar,Technology,SPI
2018Q2,2018,Q2,2018-07-12,2018-06-30,-5488000.0,50637000.0,44000.0,-0.75594,5548000.0,0.1095641526946699,312239000.0,-105645000.0,130648000.0,383920000.0,413957000.0,13536000.0,-563332000.0,28138946.04,219738946.04,-14.552073820317117,0.3403000625130235,0.6289124676930172,-1.858781769132472,0.00038785375188704954,-14.552073820317117,0.05194756022528279,0.5556993115705906,-1.2818397430758017,-0.2663537890103649,,3.3310431442080377,,0.16217384759751344,0.13329078974786412,-0.0175762797088128,0.0,0.1095641526946699,0.0,0.7807125255016314,2.2925565076626166,-2.7219453053846725,0.0,0.0,0.0,0.6765174574879492,-0.032947958503912245,-1.2871317071543036,Solar,Technology,SPI
2017Q4,2017,Q4,2018-03-06,2017-12-31,-91080000.0,121520000.0,-2158000.0,-13.34187,10092000.0,0.08304805793285056,317311000.0,-101745000.0,131312000.0,386306000.0,414955000.0,15919000.0,-557844000.0,43649472.22,236805472.22,-14.904132785869455,0.3399170605685648,0.6168490849671143,-1.9237603813455206,-0.01801862723618253,-14.904132785869455,0.8951791242812914,0.35919578851217904,-0.1198108042929293,-0.4290085234655266,,6.9996859099189646,,0.3829681290595031,0.17615827867027692,-0.2870370078566454,0.0,0.08304805793285056,0.0,-0.7622112791553827,1.713937486588843,-2.2246968483838163,0.0,0.0,0.0,-17.660071901345102,0.8901262659989655,-1.3323726579541053,Solar,Technology,SPI
2017Q2,2017,Q2,2017-07-10,2017-06-30,-14381000.0,67535000.0,-10934000.0,-2.23075,8376000.0,0.1240245798474865,376253000.0,-24930000.0,151718000.0,358315000.0,397112000.0,20109000.0,-481145000.0,573756300.0,758215300.0,-3.8670947926846293,0.42342073315378925,0.4999534887429469,-7.545487364620938,-0.06156943897373543,-3.8670947926846293,0.5768551945447252,8.495688161693936,-9.974207287393087,-23.014693140794225,,2.9419165547764683,,0.17949358543320584,0.18030224802199182,-0.03822162215317885,0.0,0.1240245798474865,0.0,-0.9442962798930007,-0.20858125971320549,-1.1790916609789177,0.0,0.0,0.0,-2.4026602083120627,2.383203356160108,-1.4943199168962662,Solar,Technology,SPI
2015Q4,2015,Q4,2016-01-20,2015-12-31,-102367000.0,83352000.0,-95958000.0,-16.30586019875669,-8917000.0,-0.10698003647183031,709570000.0,212979000.0,393569000.0,473551000.0,493012000.0,27245000.0,-246068000.0,8789097800.0,8968983800.0,33.92505201159555,0.8311016131314262,0.36925180038614935,1.230215185534724,-0.19866445116327677,33.92505201159555,-0.4806436315317473,105.4455537959497,-21.464675627887896,41.267438573756095,0.0,3.38663975041292,0.0,0.11746832588750934,0.486722655004424,-0.14426624575447103,-551.6631810193321,-0.10698003647183031,-2.261172039751338,-38.234680980064816,-0.47517785460250284,1.256169124146458,-2.3867807153965783,-2.3206928990819735,-4.792466497645781,-1.153699137589417,1.0242223117978368,1.787676738847195,Solar,Technology,SPI
2015Q3,2015,Q3,2015-11-13,2015-09-30,-30827000.0,47279000.0,-16566000.0,-5.0,6430000.0,0.13600118445821613,726959000.0,291894000.0,415037000.0,410380000.0,431375000.0,22959000.0,-143701000.0,8789097800.0,8913815800.0,46.49528419174036,1.0113480189093036,0.26435878777207517,0.6583828376054321,-0.03275858339332699,46.49528419174036,-0.10561025577778235,185.89855538399712,-71.27759593862524,30.110580553214525,0.0,1.7792151226098698,0.0,0.06503668019792037,0.5809103757493055,-0.04240541763703318,-339.97747949868483,0.13600118445821613,-1.5,0.011639775501211628,-0.021579505305845573,2.211829126283465,0.19405756731662024,-1.1782786885245902,-0.37192546583850933,-0.3255093578507675,-0.5955710012923595,1.3390456682368066,Solar,Technology,SPI
2015Q2,2015,Q2,2015-08-14,2015-06-30,-14152000.0,43679000.0,-12075000.0,-2.0,5385000.0,0.1232857895098331,731166000.0,306918000.0,445676000.0,400794000.0,420345000.0,20847000.0,-112874000.0,8478258600.0,8534240600.0,50.680832028407345,1.1119827143120904,0.23295941003821294,0.5549755960875543,-0.025909143173329773,50.680832028407345,-0.046110035905355826,194.10377069072095,-149.77138566987,27.6238558833304,0.0,1.836906989015206,0.0,0.05973882811837531,0.6603966127237434,-0.0193553857810675,-139.31443547989548,0.1232857895098331,0.6666666666666666,0.6279997534879034,-0.6555554246593726,1.613378768213678,0.0333909038572251,0.6221296592972337,0.6954449152542372,-1.0368076432356306,-0.4551098593085589,1.3471145328350937,Solar,Technology,SPI
2015Q1,2015,Q1,2015-05-15,2015-03-31,-37452000.0,16200000.0,-39648000.0,-6.0,5211000.0,0.32166666666666666,649472000.0,268786000.0,429079000.0,307363000.0,379453000.0,8206000.0,-98722000.0,8183270200.0,8238357200.0,45.9841103621386,1.3960008198774738,0.23310319767441862,0.5632510621832982,-0.09394887550117198,45.9841103621386,-0.13933761431026914,505.14013580246916,-54.62505473672968,30.44529923433512,0.0,1.339142091152815,0.0,0.02494333858888451,0.7938268431789123,-0.05766530350808041,-108.98094527826979,0.32166666666666666,-8.492236274300364,-0.041836393558967004,-0.7515359341753783,0.8041897442317922,-0.1252308208829948,-9.000854518265328,-12.238095238095237,-35.134500772254576,-0.7973174344172648,1.1106874903333726,Solar,Technology,SPI
2014Q4,2014,Q4,2014-12-31,2014-12-31,4681000.0,55049000.0,3528000.0,0.8008289888802645,5957000.0,0.10821268324583552,587907000.0,262108000.0,381314000.0,252309000.0,325799000.0,6975000.0,-61270000.0,8183270200.0,8144390200.0,44.841633116306,1.5112976548597157,0.2001336946149646,0.44889892715979673,0.006251513045793511,44.841633116306,0.01785905046774612,148.65429344765573,437.0471160008545,31.220986005768612,0.0,7.038279569892473,0.0,0.09363555800492254,1.1459836945967048,0.007962143672383556,-316.481811501721,0.10821268324583552,1.4004144944401322,1.071165737448489,-0.7391029864587958,0.06327433368028959,0.0946343256155825,1.6073699234462178,0.3253193087903832,-0.7003433183398672,-0.7131520333000375,1.0520697165310156,Solar,Technology,SPI
2014Q3,2014,Q3,2014-11-13,2014-09-30,-7707000.0,26651000.0,2662000.0,-2.0,5442000.0,0.20419496454166822,112856000.0,51674000.0,51086000.0,48628000.0,61182000.0,2719000.0,-65951000.0,4727395400.0,4725576400.0,15.303056731831655,1.0505470099531133,0.097203515984972,0.21229244881371676,0.04843270917470744,15.303056731831655,-0.14914657274451368,177.38153915425312,-153.34745685740236,91.48499051747494,0.0,7.800294225818315,0.0,0.23615049266321683,0.9495763757505964,-0.0682905649677465,-207.56038812785388,0.20419496454166822,-1.0,-1.5120819660981015,-0.8618654817078606,-0.6805356848862126,8.717857142857143,-4.751492537313433,5.511864406779661,-2.3441782125034765,-0.34247098000940296,-0.20706738122769705,Solar,Technology,SPI
2014Q2,2014,Q2,2014-08-19,2014-06-30,-1340000.0,6329000.0,-590000.0,-1.0,560000.0,0.08848159266866804,72848000.0,15990000.0,17243000.0,44097000.0,56858000.0,180000.0,-58244000.0,2861539800.0,2868400800.0,7.823060856955405,0.3910243327210468,0.17454151109158797,0.7951844903064416,-0.01473121769743577,7.823060856955405,-0.08380237648530331,452.1314267656818,-533.8693656716417,178.95808630393998,0.0,32.05,0.0,0.08687952998023281,0.3187745198086038,-0.01839446518778827,-393.28474436503575,0.08848159266866804,-1.382381810038404,0.8474021239524534,-0.8871896836109668,-0.4744850558723149,1.8426395939086295,-0.6105769230769231,0.45871559633027525,0.7169548712875805,-0.7866750581841678,-0.779788485568778,Solar,Technology,SPI
2014Q1,2014,Q1,2014-04-15,2014-03-31,-832000.0,3613000.0,-1090000.0,-0.419748,197000.0,0.054525325214503186,69507000.0,-3628000.0,22794000.0,60076000.0,73135000.0,23000.0,-56906000.0,2775001600.0,2790620600.0,-1.8303412870104292,0.37941940209068514,0.22862445509085416,-4.380099228224918,-0.088885264617141,-1.8303412870104292,0.22932745314222713,768.0602269582065,-833.8346153846154,-764.8846747519294,0.0,148.52173913043478,0.0,0.051980376077229634,0.2986217457886677,-0.011970017408318587,-3998.561383285303,0.054525325214503186,0.9554770171931289,0.9408391637266136,-0.8804558714979871,-1.0976162280511812,1.059588626739262,0.9554770696205919,0.938908194148638,0.7814789674303875,-0.6983794232025564,-1.0427623627158558,Solar,Technology,SPI
2013Q4,2013,Q4,2013-12-31,2013-12-31,-18687000.0,15375000.0,-17842000.0,-9.427670239901843,-3306000.0,-0.21502439024390244,70964000.0,-2867000.0,24127000.0,60679000.0,73831000.0,23000.0,-56074000.0,2775001600.0,2789950600.0,-1.446413580446224,0.39761696797903723,0.22518460064257934,-5.573770491803279,-1.4234787044352673,-1.446413580446224,6.517963027554935,180.48790894308942,-37.1247605287098,-967.9112661318451,0.0,812.2173913043479,0.0,0.21665915111887718,0.32376934359498344,-0.26333070289160704,125.87324684750068,-0.21502439024390244,-3.7138351199509216,-0.1544552341173508,-0.7542460055080963,-1.0566560274521168,-2.8352668213457077,-4.215461903432877,-3.1638273045507583,-22.528229083845726,-0.6933857670030011,-1.0961930333911791,Solar,Technology,SPI
2013Q3,2013,Q3,2013-09-30,2013-09-30,-3583000.0,21289000.0,-4285000.0,-2.0,-862000.0,-0.04049039410023956,132921000.0,13204000.0,70179000.0,100980000.0,119717000.0,1239000.0,-37387000.0,2775001600.0,2826580600.0,6.6614736366278136,0.6949792038027333,0.3948435536897857,3.974780369584974,-0.06306854209111254,6.6614736366278136,-0.2713571644956074,130.34908168537743,-193.62277421155457,210.16370796728262,0.0,17.878127522195317,0.0,0.16016280346973014,0.6256090314913845,-0.026955861000142942,-193.19142300194932,-0.04049039410023956,0.3333333333333333,0.2981396815086076,-0.7934965874949461,-0.7986980434875293,-1.9369565217391305,0.47563295770525393,0.3426905967172879,0.6361588092593834,0.3953834900099892,-0.5398347290048086,Solar,Technology,SPI
2013Q2,2013,Q2,2013-06-30,2013-06-30,-6833000.0,4199000.0,-6519000.0,-3.0,920000.0,0.21909978566325317,141137000.0,16751000.0,75486000.0,105284000.0,124386000.0,1403000.0,-33804000.0,2775001600.0,2829037600.0,8.450950082335087,0.7169750389422894,0.38408071590015375,3.236105307145842,-0.09326212885715417,8.450950082335087,-0.4079159453166975,660.8720171469397,-101.52940143421631,165.66184705390725,0.0,2.337134711332858,0.0,0.029751234616011393,0.5186828008054405,-0.04841395240085874,157.4647676332066,0.21909978566325317,-0.5,0.3188653688172048,-0.9205443225285768,-0.7642312573542416,0.9206680584551148,-1.1754218401782872,-1.1964285714285714,0.4512427769432955,-0.898833678635368,-0.5642231464544842,Solar,Technology,SPI
2013Q1,2013,Q1,2013-03-31,2013-03-31,-3141000.0,1766000.0,-2968000.0,-2.0,479000.0,0.27123442808607023,152266000.0,21191000.0,122952000.0,111469000.0,131075000.0,1448000.0,-26971000.0,2775001600.0,2829893600.0,10.6909487908043,1.103015188079197,0.37215793414156806,2.674106932188193,-0.03823022342767838,10.6909487908043,-0.1482233023453353,1571.348584371461,-220.86927730022288,130.95189467226652,0.0,0.8888121546961326,0.0,0.01159812433504525,0.9184436928652809,-0.020628374029658624,-196.8644721906924,0.27123442808607023,0.75,0.7855506145693808,-0.9425767413995727,-0.7386050505229629,1.1548658260588425,0.7906976744186046,0.7962657880285557,0.7423346029809362,-0.9201264613078284,-0.5805398862221385,Solar,Technology,SPI
2012Q4,2012,Q4,2012-12-31,2012-12-31,-15007000.0,13001000.0,-14568000.0,-8.0,-3093000.0,-0.23790477655564957,162829000.0,24122000.0,141014000.0,118610000.0,138707000.0,1618000.0,-23830000.0,2775001600.0,2816105600.0,12.169650640922153,1.1888879521119635,0.3618949941349514,2.4428737252300805,-0.16837261295393602,12.169650640922153,-0.6221291766851836,213.44524267364048,-46.228453388418735,115.04027858386534,0.0,9.946847960444995,0.0,0.0798444994442022,1.0035494477700024,-0.09216417222976252,6250.003603603604,-0.23790477655564957,-1.0,0.08574103075943722,-0.542680944633117,-0.7769892896489935,-1.5929831288343559,-1.081992230854606,-1.8020773225620312,0.3271940108269308,-0.818297841990925,-0.7114360856843305,Solar,Technology,SPI
2012Q3,2012,Q3,2012-09-30,2012-09-30,-7208000.0,36232000.0,-5199000.0,-4.0,5216000.0,0.14396113932435417,187761000.0,38677000.0,165375000.0,128526000.0,149084000.0,3557000.0,-9360000.0,2724022000.0,2764782000.0,19.87788644878786,1.2867046356379255,0.32560009799692163,1.5806551697391213,-0.06749052050319097,19.87788644878786,-0.18636398893399178,75.18276661514683,-94.4791204217536,70.43002301109186,0.0,8.719707618779871,0.0,0.1929687208738769,1.077260632090005,-0.03838922886009342,-714.2165705296277,0.14396113932435417,-3.0,0.14392261236728807,-0.26737799017437314,-0.3293875995036177,0.4797163120567376,-2.4048181388757675,-0.8541369472182596,-1.8311515481213334,-0.6740940169119211,-0.5850322264660668,Solar,Technology,SPI
2012Q2,2012,Q2,2012-06-30,2012-06-30,-2117000.0,24424000.0,-2804000.0,-1.0,3525000.0,0.14432525384867342,185303000.0,39842000.0,157583000.0,124183000.0,145461000.0,3638000.0,-2152000.0,2583210000.0,2618493000.0,21.592824431618027,1.2689579088925216,0.3166327582392082,1.472641935645801,-0.01904408147462639,21.592824431618027,-0.05313488278700868,105.76523092040615,-305.0555030703826,64.83635359670699,0.0,5.744639912039582,0.0,0.13180574518491336,1.084270793908989,-0.011424531712924237,-256.6527570789866,0.14432525384867342,-4.639568807339449,0.8098454869263324,1.6521597840471045,-0.3529215467359288,0.2652548456568557,-5.474006116207951,-6.988603988603988,0.7329425941562268,-0.5177518277131592,0.45050027504922757,Solar,Technology,SPI
2012Q1,2012,Q1,2012-03-31,2012-03-31,-327000.0,25217000.0,-351000.0,-0.17731852100085732,2786000.0,0.11048102470555578,147257000.0,40177000.0,132868000.0,76056000.0,107080000.0,4781000.0,-35315000.0,2581794600.0,2608403600.0,21.786318710249066,1.746975912485537,0.30244402642998297,1.1085197998855065,-0.002688246840630154,21.786318710249066,-0.008138984991412997,102.38309870325574,-1973.8490825688073,64.26051223336735,0.0,4.691696297845639,0.0,0.17124483046646338,1.5702903124013885,-0.00222060750932044,-1308.562899138368,0.11048102470555578,-1.0663495956537405,0.9466844735479876,0.295830274746965,-0.43791992665953267,-0.7105153782211139,-1.0663824604141292,-1.0531737615512802,0.9750080421064149,-0.10320070761975009,0.16191350252990871,Solar,Technology,SPI
2011Q4,2011,Q4,2011-12-31,2011-12-31,4926000.0,60517000.0,6601000.0,2.6724883438059144,9624000.0,0.15902969413553217,145678000.0,40278000.0,130813000.0,70805000.0,105400000.0,6878000.0,-34988000.0,2580516400.0,2604043400.0,21.851905300814984,1.8475107690134878,0.32525158225675804,1.1763741993147625,0.07167906304661951,21.851905300814984,0.12230001489646954,42.64118181667961,130.9640885099472,64.0676399026764,0.0,7.399389357371329,0.0,0.41541619187523166,1.6393898735964973,0.033814302777358286,-2360.9482159194877,0.15902969413553217,3.6724883438059144,1.0362823933539496,0.0,-0.9560614194370659,5.968863142650253,4.915739268680445,6.340614886731392,1.3272566899472367,0.04020626752199849,-0.1440607559685026,Solar,Technology,SPI
2011Q3,2011,Q3,2011-09-30,2011-09-30,-1258000.0,22125000.0,-1236000.0,-1.0,1381000.0,0.0624180790960452,59151000.0,35573000.0,57551000.0,22135000.0,23578000.0,6906000.0,-39403000.0,2580516400.0,2581343400.0,19.299315439343847,2.6,0.1127960643099863,0.18755797936637336,-0.029257900343235888,19.299315439343847,-0.035363899586765245,116.63350960451977,-512.8212241653418,72.5414331093807,0.0,3.003764842166232,0.0,0.3740427042653548,1.5876214140501468,-0.021267603252692262,-206.01280536484114,0.0624180790960452,0.5,0.7946778160136614,0.0,-0.9492333620164823,0.08059467918622848,0.47231543624161076,0.4283071230342276,0.7350028907315788,-0.7692127221739081,-0.41679721797144004,Solar,Technology,SPI
2011Q2,2011,Q2,2011-06-30,2011-06-30,-2384000.0,14940000.0,-2162000.0,-2.0,1278000.0,0.0855421686746988,61106000.0,36565000.0,59451000.0,23157000.0,24541000.0,14254000.0,-38145000.0,1440976600.0,1430260600.0,35.525212553763886,2.567301463920197,0.12704153438287566,0.21230685081361958,-0.04883423717557051,35.525212553763886,-0.06519896075482018,96.45091030789825,-151.10912332214764,39.40863120470395,0.0,0.9584677985126981,0.0,0.2444931757928845,1.6354450058297707,-0.03901417209439335,-168.53527485380118,0.0855421686746988,0.0,0.6161205930423839,1.9082803998645743,0.0645943824517244,1.315217391304348,-0.366189111747851,-0.3487211478477854,0.5423493308694949,-0.45557762309666705,-0.008900228445093313,Solar,Technology,SPI
2011Q1,2011,Q1,2011-03-31,2011-03-31,-1745000.0,5490000.0,-1603000.0,-2.0,552000.0,0.1005464480874317,51827000.0,38884000.0,50111000.0,11659000.0,12943000.0,6302000.0,-35761000.0,1271828600.0,1250083600.0,42.80262293205232,4.298053006261258,0.08763771779188453,0.1168089702705483,-0.03706204282173179,42.80262293205232,-0.04487707026026129,231.66276867030965,-182.2104011461318,32.708275897541405,0.0,0.7835607743573468,0.0,0.10592934184884327,2.912342396431941,-0.03366970883902213,-151.57056369920153,0.1005464480874317,-5.567030567685589,0.42244349218254384,-0.427309275100238,0.10429401849768936,-0.7760649087221095,-8.620087336244541,-9.759562841530055,0.7400517177965538,-0.6105029883321855,0.046529141401561565,Solar,Technology,SPI
2010Q4,2010,Q4,2010-12-31,2010-12-31,229000.0,13229000.0,183000.0,0.4379213080269637,2465000.0,0.18633305616448712,23806000.0,7863000.0,21397000.0,15930000.0,15943000.0,4087000.0,-34016000.0,732095000.0,736242000.0,15.03657312234068,1.343188951663528,0.23473074014954212,0.7106702276484802,0.036653299339213796,15.03657312234068,0.02912374411802111,55.34016176581752,799.2303493449782,93.10632074271906,0.0,2.633716662588696,0.0,0.5557002436360582,0.46635279347143754,0.009619423674703855,-190.20394907768252,0.18633305616448712,1.0875842616053926,1.0059453330050012,0.0,-0.9697653055680332,3.4414414414414414,1.0881447267128561,1.0783390410958904,1.0528818483671445,0.7638650419044788,-0.7244524964437311,Solar,Technology,SPI
2010Q3,2010,Q3,2010-09-30,2010-09-30,-2598000.0,4025000.0,-2336000.0,-5.0,555000.0,0.13788819875776398,27908000.0,7570000.0,25411000.0,20292000.0,20338000.0,6505000.0,-34245000.0,732095000.0,735162000.0,14.476263326480852,1.2522669032130889,0.3033538770245091,1.1183619550858652,-0.14567223746570218,14.476263326480852,-0.34319682959048875,181.88695652173914,-70.44794072363356,96.7100396301189,0.0,0.5334358186010761,0.0,0.1442238784577899,0.41001379854129705,-0.09309158664182313,172.25764705882352,0.13788819875776398,0.16666666666666666,-0.49462954713241547,0.0,-0.9619203477989002,-0.5008992805755396,0.2091324200913242,0.10050057758952638,-0.1481022406856172,-0.6971715254619884,-0.5116200243622453,Solar,Technology,SPI
2010Q2,2010,Q2,2010-06-30,2010-06-30,-3285000.0,10950000.0,-2597000.0,-6.0,1112000.0,0.10155251141552511,35612000.0,10141000.0,33781000.0,25433000.0,25471000.0,4915000.0,-31647000.0,732095000.0,734830000.0,19.392838361141656,1.3282349703141587,0.13509491182747388,0.47441080761266147,-0.17368913857677903,19.392838361141656,-0.32393255103047036,66.85799086757991,-55.71499238964993,72.19159846169016,0.0,2.001627670396745,0.0,0.3074806245085926,0.6235206228128809,-0.09224418735257778,-164.03652251848533,0.10155251141552511,0.0,-0.041150292924876965,3.1955537155331535,-0.4188491695068457,0.782051282051282,-0.021455223880597014,0.0280688622754491,-0.041150292924876965,3.1955537155331535,-0.4188491695068457,Solar,Technology,SPI
2010Q1,2010,Q1,2010-03-31,2010-03-31,-3216000.0,5833000.0,-2672000.0,-6.0,624000.0,0.10697754157380422,35414000.0,13328000.0,33752000.0,22043000.0,22086000.0,5245000.0,-28362000.0,732095000.0,729564000.0,25.487402591193767,1.5311890396044097,0.016095329530694077,0.042767106842737095,-0.19243739132339271,25.487402591193767,-0.24129651860744297,125.509171952683,-56.91037002487562,54.92909663865546,0.0,0.9931363203050524,0.0,0.16470887219743605,0.79240575239305,-0.09081154345738973,14078.75,0.10697754157380422,0.4668094804010939,-0.849167435178835,0.05706313616747128,-0.3424331431001804,2.110320284697509,0.2670920692798541,0.38362168396770474,-0.849167435178835,0.05706313616747128,-0.3424331431001804,Solar,Technology,SPI
2009Q4,2009,Q4,2009-12-31,2009-12-31,-4388000.0,14076000.0,-4335000.0,-11.253013284094989,-562000.0,-0.039926115373685706,37514000.0,16445000.0,35689000.0,21016000.0,21069000.0,5213000.0,-25146000.0,545916000.0,543093000.0,42.17315484433502,1.6981823372668443,0.008343551740683477,0.019033140772271206,-0.26124245349523734,42.17315484433502,-0.26682882335056246,38.78346121057118,-31.10278030993619,33.19647309212527,0.0,2.8079800498753116,0.0,0.37521991789731834,1.004996193376475,-0.11696966465852748,-64.88186356073211,-0.039926115373685706,-3.813253321023747,0.847226179550212,0.0,-0.9152005952702073,-1.1094023749270001,-3.524741081703107,-3.613019891500904,0.847226179550212,0.0,-0.9152005952702073,Solar,Technology,SPI
2009Q3,2009,Q3,2009-09-30,2009-09-30,1738000.0,22280000.0,1659000.0,4.0,5137000.0,0.23056552962298024,40895000.0,18679000.0,38626000.0,22151000.0,22216000.0,5930000.0,-20758000.0,545916000.0,537007000.0,47.90224137046725,1.743758746783441,0.009683335371072258,0.021200278387493977,0.08697247706422018,47.90224137046725,0.09304566625622357,24.502513464991022,78.5264672036824,29.22618983885647,0.0,2.890893760539629,0.0,0.5448098789583079,0.7982032413886506,0.0424990830174838,-107.08434680266771,0.23056552962298024,2.0,2.340867321422529,0.0,-0.8739936784858171,2.3035369774919614,2.0662576687116565,2.0310752019888128,2.340867321422529,0.0,-0.8739936784858171,Solar,Technology,SPI
2009Q2,2009,Q2,2009-06-30,2009-06-30,-1630000.0,10414000.0,-1609000.0,-4.0,1555000.0,0.1493182254657192,21303000.0,5648000.0,18826000.0,15513000.0,15655000.0,6583000.0,-22496000.0,531167000.0,528290000.0,14.886466968015709,1.2135628182814413,0.022485095995869127,0.08480878186968839,-0.26260812795821775,14.886466968015709,-0.28859773371104813,51.005089302861535,-81.46733128834356,94.04514872521247,0.0,1.3457390247607475,0.0,0.48885133549265364,0.6702120801908077,-0.07651504482936676,345.5868575146389,0.1493182254657192,0.42857142857142855,0.28796390246931874,4.499574568567991,-0.553892912400785,1.4565560821484993,0.3940520446096654,0.3980546202768425,0.28796390246931874,4.499574568567991,-0.553892912400785,Solar,Technology,SPI
2009Q1,2009,Q1,2009-03-31,2009-03-31,-2690000.0,5781000.0,-2673000.0,-7.0,633000.0,0.10949662688116243,16546000.0,7109000.0,13860000.0,9054000.0,9437000.0,5606000.0,-20866000.0,530794600.0,529454600.0,18.750379148544464,1.5308151093439364,0.03426810105161368,0.07975805317203545,-0.34861703611059985,18.750379148544464,-0.3783935855957237,91.81709046877702,-49.330353159851306,74.6651568434379,0.0,0.9183018194791295,0.0,0.3493895805632781,0.730284956925116,-0.16257705789919014,-145.42317808219178,0.10949662688116243,0.14282251784555489,-1.133307309456426,0.4449501530131927,-0.5162461989497373,1.153061224489796,0.127190136275146,0.08175884575747167,-1.133307309456426,0.4449501530131927,-0.5162461989497373,Solar,Technology,SPI
2008Q4,2008,Q4,2008-12-31,2008-12-31,-3082000.0,11912000.0,-2911000.0,-8.166336780576732,294000.0,0.02468099395567495,17795000.0,9635000.0,15182000.0,7849000.0,8160000.0,4665000.0,-18176000.0,528364200.0,523102200.0,25.529738767312395,1.9342591412918844,0.03669570103961787,0.06777374156720291,-0.2988536722248456,25.529738767312395,-0.31987545407368967,44.3556245802552,-42.85887410772226,54.83800726517904,0.0,2.490460878885316,0.0,0.6694015172801349,1.1370875270735126,-0.17319471761730823,196.71042442293373,0.02468099395567495,-1.7221122601922438,0.8891316985458739,0.0,-0.9486662390241832,-0.8425281199785752,-2.1707818930041154,-2.054564533053515,0.8891316985458739,0.0,-0.9486662390241832,Solar,Technology,SPI
2008Q3,2008,Q3,2008-09-30,2008-09-30,-972000.0,19629000.0,-953000.0,-3.0,1867000.0,0.0951143715930511,21509000.0,12489000.0,18348000.0,8625000.0,9020000.0,7761000.0,-15094000.0,528364200.0,525763200.0,33.09194680487437,2.127304347826087,0.034450695057882744,0.05933221234686524,-0.07203325774754346,33.09194680487437,-0.07782848907038194,26.91753018493046,-135.89614197530864,42.30636560172952,0.0,2.288622600180389,0.0,0.9125947277883677,1.048695652173913,-0.04519038542005672,-760.2362589928058,0.0951143715930511,0.4,0.22519085376752807,0.0,-0.9129519962045868,0.3499638467100506,0.49029889879391714,0.5062176165803108,0.22519085376752807,0.0,-0.9129519962045868,Solar,Technology,SPI
2008Q2,2008,Q2,2008-06-30,2008-06-30,-1907000.0,10046000.0,-1930000.0,-5.0,1383000.0,0.13766673302807086,21574000.0,13506000.0,18452000.0,7590000.0,8068000.0,6068000.0,-14123000.0,527515800.0,524376800.0,35.844234428618066,2.4310935441370223,0.03837953091684435,0.06130608618391826,-0.13464490023719827,35.844234428618066,-0.14119650525692284,52.51003384431615,-69.15519140010488,39.05788538427365,0.0,1.4276532630191168,0.0,0.46565310095485307,1.509486166007905,-0.08839343654398814,198.3887927792403,0.13766673302807086,0.2857142857142857,0.16119557371793583,4.341956031283713,0.07415460381099091,40.90909090909091,0.31353491720662346,0.30749910297811267,0.16119557371793583,4.341956031283713,0.07415460381099091,Solar,Technology,SPI
2008Q1,2008,Q1,2008-03-31,2008-03-31,-2778000.0,5833000.0,-2787000.0,-7.0,33000.0,0.005657466140922339,23558000.0,15376000.0,19370000.0,7619000.0,8182000.0,6486000.0,-12216000.0,526323000.0,526888000.0,40.899599675484446,2.5423283895524347,0.07988793615756855,0.12239854318418314,-0.1616649074616394,40.899599675484446,-0.18067117585848075,90.23195611177782,-47.3652807775378,34.2301638917794,0.0,0.8942337341967315,0.0,0.2476016639782664,1.5395721223257646,-0.11792172510399865,-87.82296012014017,0.005657466140922339,0.15470443711037768,-1.2218131349890469,0.4703340661010917,0.05519662550320034,-0.9065155807365439,-0.0187018701870187,-0.04070201643017177,-1.2218131349890469,0.4703340661010917,0.05519662550320034,Solar,Technology,SPI
2007Q4,2007,Q4,2007-12-31,2007-12-31,-2727000.0,4723000.0,-2678000.0,-8.281127107861149,353000.0,0.07474063095490155,27009000.0,17970000.0,23113000.0,8384000.0,9039000.0,6945000.0,-9438000.0,461024200.0,455115200.0,54.56980349404652,2.7567986641221376,0.03446999148432004,0.05180856983861992,-0.14481885294060023,54.56980349404652,-0.15175292153589315,97.61257675206437,-42.26477814448111,25.655214245965496,0.0,0.6292296616270698,0.0,0.17486763671368802,1.7176765267175573,-0.10096634455181606,-87.5972259167775,0.07474063095490155,-1.0702817769652873,0.8875732753567083,0.0,-0.8902741122973279,-0.443217665615142,-0.9136842105263158,-0.896600566572238,0.8875732753567083,0.0,-0.8902741122973279,Solar,Technology,SPI
2007Q3,2007,Q3,2007-09-30,2007-09-30,-1425000.0,8370000.0,-1412000.0,-4.0,634000.0,0.07574671445639188,18588000.0,9761000.0,13633000.0,8086000.0,8827000.0,3446000.0,-6711000.0,461024200.0,462739200.0,29.641394096014917,1.6860004946821667,0.10684312459651388,0.20346275996311852,-0.12020090235804887,29.641394096014917,-0.1459891404569204,55.080549581839904,-80.88143859649124,47.23124679848376,0.0,2.2449216482878698,0.0,0.45029051000645576,1.1330695028444224,-0.07666236281471918,-135.078874890126,0.07574671445639188,0.3333333333333333,-0.3018261738082325,0.0,-0.9220286373302407,0.98125,0.27993936331480546,0.31423020883924235,-0.3018261738082325,0.0,-0.9220286373302407,Solar,Technology,SPI
2007Q2,2007,Q2,2007-06-30,2007-06-30,-1979000.0,1637000.0,-2059000.0,-6.0,320000.0,0.19547953573610263,17009000.0,10945000.0,13300000.0,5743000.0,6064000.0,4608000.0,-5299000.0,459188800.0,456329800.0,33.36971633454475,2.3158627894828485,0.037098006937503675,0.05765189584285062,-0.17786800276434,33.36971633454475,-0.18081315669255368,280.5062919975565,-58.007680646791314,41.95420740063956,0.0,0.2858072916666667,0.0,0.09624316538303251,1.0081838760229844,-0.11635016755835147,-234.3995916283818,0.19547953573610263,-1.0,0.0,0.0,0.0,-0.6029776674937966,-0.8392193308550185,-0.7375527426160338,0.0,0.0,0.0,Solar,Technology,SPI
2007Q1,2007,Q1,2007-03-31,2007-03-31,-1076000.0,3414000.0,-1185000.0,-3.0,806000.0,0.23608670181605154,14796000.0,12540000.0,13627000.0,2083000.0,2256000.0,2143000.0,-3320000.0,452939200.0,446007200.0,38.7601691352835,6.542006721075372,0.01574749932414166,0.01858054226475279,,38.7601691352835,-0.08580542264752791,132.67111892208553,-105.2368029739777,36.119553429027114,0.0,1.2169855342977134,0.0,0.23073803730738038,5.026404224675948,-0.07272235739389024,-130.79387814034075,0.23608670181605154,0.9592712236466338,0.0,0.0,0.0,0.0,0.46549379977775274,0.36660348736895104,0.0,0.0,0.0,Solar,Technology,SPI
2021Q2,2021,Q2,2021-06-30,2021-06-30,,,,,,,238188000.0,47618000.0,89219000.0,164380000.0,187352000.0,23196000.0,-606808000.0,0.0,53330000.0,0.0,0.5427606764813238,0.31981460023174973,1.59973119408627,,0.0,,0.0,0.0,0.0,0.0,,,,0.3186275702640224,,0.0,0.0,0.0,0.0,0.0,0.0,0.0,0.0,0.0,1.0,-1.0,1.0,Solar,Technology,SPI
2020Q4,2020,Q4,2020-12-31,2020-12-31,,,,,,,217033000.0,45257000.0,79315000.0,151560000.0,168647000.0,17260000.0,-591899000.0,0.0,27651000.0,0.0,0.523324096067564,0.30655706735842014,1.4701151203128797,,0.0,,0.0,0.0,0.0,0.0,,,,0.3840591185009237,,0.0,0.0,0.0,1.0,-1.0,-1.0,0.0,0.0,0.0,1.0,-1.0,1.0,Solar,Technology,SPI
2016Q4,2016,Q4,2016-12-31,2016-12-31,,,,,,,361818000.0,-16974000.0,154333000.0,330528000.0,374746000.0,12266000.0,-466764000.0,0.0,180186000.0,0.0,0.4669286717010359,0.5095489997733668,-10.86155296335572,,0.0,,0.0,0.0,0.0,0.0,,,,0.293887355987995,,0.0,0.0,0.0,-1.0,-1.0,-1.0,0.0,0.0,0.0,1.0,-1.0,1.0,Solar,Technology,SPI
2016Q2,2016,Q2,2016-06-30,2016-06-30,,,,,,,549369000.0,131006000.0,230249000.0,338947000.0,414966000.0,15049000.0,-333122000.0,0.0,156717000.0,0.0,0.6793067942775715,0.34172295852150375,1.4330030685617452,,0.0,,0.0,0.0,0.0,0.0,,,,0.3615462004384166,,0.0,0.0,0.0,1.0,-1.0,-1.0,0.0,0.0,0.0,1.0,-1.0,-1.0,Solar,Technology,SPI
