Quarters,Year,Quarter,FillingDate,Date,NetIncome,Revenue,OperatingIncome,EPSDiluted,GrossProfit,GrossProfitRatio,TotalAssets,CommonStockEquity,CurrentAssets,CurrentLiability,TotalLiability,Inventory,RetainedEarnings,MarketCap,EnterpriseValue,bookValuePerShare,currentRatio,debtToAssets,debtToEquity,roic,shareholdersEquityPerShare,roe,priceToSalesRatio,peRatio,pbRatio,payoutRatio,inventoryTurnover,dividendYield,assetTurnover,quickRatio,returnOnAssets,priceToFreeCashFlowsRatio,grossProfitMargin,epsdilutedGrowth,fiveYNetIncomeGrowthPerShare,fiveYRevenueGrowthPerShare,fiveYShareholdersEquityGrowthPerShare,grossProfitGrowth,netIncomeGrowth,operatingIncomeGrowth,threeYNetIncomeGrowthPerShare,threeYRevenueGrowthPerShare,threeYShareholdersEquityGrowthPerShare,Industry,Sector,Symbol
2023Q2,2023,Q2,2023-06-06,2023-04-30,-3904000.0,244689000.0,-3425000.0,-0.22,15037000.0,0.0614535185,407158000.0,213191000.0,144740000.0,115782000.0,193967000.0,42818000.0,37176000.0,563882220.0,644110220.0,12.030415890751087,1.2501079615138795,0.20735439313485182,0.3960110886482075,-0.011065909644305389,12.030415890751087,-0.0183122176827352,2.304485367139512,-36.10926101434426,2.6449625922295033,-0.45440573770491804,5.363445280022421,0.003146047059259999,0.600968174517018,0.6681090324920972,-0.009588415308062226,-478.6776061120543,0.06145351854803444,-0.29411764705882343,-1.2727040884644338,-0.08710079318062935,-0.21052131635194532,0.041920731707317076,-0.3229413758048119,0.13706223230032755,-0.17947775635219598,-0.13813243144586682,-0.2532950943835222,Food Distribution,Consumer Defensive,CVGW
2023Q1,2023,Q1,2023-03-06,2023-01-31,-2951000.0,226204000.0,-3969000.0,-0.17,14432000.0,0.063800817,396496000.0,216775000.0,132911000.0,105122000.0,179721000.0,44092000.0,42945000.0,566419650.0,645307650.0,12.265885814519324,1.2643499933410705,0.20349511722690772,0.3722062045900127,-0.008032208496907951,12.265885814519324,-0.01361319340329835,2.504021370090715,-47.985399017282276,2.6129380694268245,-1.7289054557777024,4.802957452599111,0.009007455867747528,0.5705076469876115,0.6482658244706151,-0.007442698034784714,-51.208719826417145,0.0638008169616806,0.19047619047619038,-1.4080537921530645,-0.09934120558266638,-0.14096896546422166,-0.29119394921663966,0.20927116827438372,-2.6989748369058715,-2.4445604494364837,-0.1788837649437528,-0.2463029943886145,Food Distribution,Consumer Defensive,CVGW
2022Q4,2022,Q4,2022-12-20,2022-10-31,-3732000.0,243571000.0,-1073000.0,-0.21,20361000.0,0.0835936955,385746000.0,223371000.0,125674000.0,101953000.0,162375000.0,38830000.0,51115000.0,610997760.0000001,675223760.0000001,12.64555027173913,1.2326660323874727,0.17183846365224786,0.29675293569890454,-0.09566333459739795,12.64555027173913,-0.01670762990719476,2.5084996161283573,-40.92964630225081,2.7353495306015554,0.0,5.748390419778522,0.0,0.631428452919797,0.6323698174649103,-0.0096747600752827,101.5283748753739,0.08359369547277795,-4.0,-1.3586937331122573,-0.1330191591441499,-0.09340248415859212,0.09976234201145079,-3.870769230769231,-1.6913659793814433,-1.5061698527445095,-0.17291525504015506,-0.22016859497211888,Food Distribution,Consumer Defensive,CVGW
2022Q3,2022,Q3,2022-09-01,2022-07-31,1300000.0,341991000.0,1552000.0,0.07,18514000.0,0.0541359276,430525000.0,224656000.0,148445000.0,118454000.0,204686000.0,36073000.0,54430000.0,734770530.0000001,824065530.0000001,12.71613743136922,1.2531868911138502,0.21322803553800593,0.4086247418275052,0.0025414576969786606,12.71613743136922,0.005786624884267503,2.1485083817995214,141.30202500000001,3.270647256249555,0.0,8.967288553765975,0.0,0.7943580512165379,0.7555422358046161,0.003019569130712502,43.47497367019704,0.05413592755364907,5.605263157894738,-0.8544366016609329,0.1184157861105754,-0.10568772006479733,-0.14842923508578262,5.850746268656716,-0.6478329929657364,-0.8783786531600002,-0.0559086901721907,-0.25077222806365795,Food Distribution,Consumer Defensive,CVGW
2022Q2,2022,Q2,2022-06-02,2022-04-30,-268000.0,331418000.0,4407000.0,-0.0152,21741000.0,0.0655999372,468292000.0,222601000.0,185937000.0,140248000.0,244525000.0,53617000.0,53130000.0,640143360.0,747551360.0,12.601958786231885,1.3257729165478296,0.23430893545053086,0.4929223139159303,0.006486979736578013,12.601958786231885,-0.0012039478708541292,1.9315286435860455,-597.1486567164179,2.8757434153485386,0.0,5.7757241173508405,0.0,0.707716552919973,0.8138012663282186,-0.0005722925012598977,37.215473518981455,0.06559993723937746,0.9276190476190477,-1.0204240277987697,0.21020929193020954,-0.06901868812000563,0.6435591170244935,0.9260689655172414,3.4254265272427076,-1.0162720672013337,0.14906526866271907,-0.22745228228889028,Food Distribution,Consumer Defensive,CVGW
2022Q1,2022,Q1,2022-03-14,2022-01-31,-3625000.0,274092000.0,-1817000.0,-0.21,13228000.0,0.0482611678,468632000.0,222031000.0,179537000.0,116876000.0,245350000.0,52402000.0,53321000.0,731010729.9999999,857101729.9999999,12.57752223418116,1.536132311167391,0.2857615357039212,0.6031455067085227,-0.0032322805384691197,12.57752223418116,-0.016326548995410552,2.6670268741882284,-50.41453310344827,3.2923813791767813,-5.6082758620689654,4.978130605702073,0.027810809288668036,0.5848768329947592,0.9010318628289812,-0.007735280561293296,2125.031191860465,0.048261167783080136,0.7162162162162162,-1.6796929011799913,0.19070978176720557,0.0013328596609257003,0.450597653251453,0.7227321401254398,0.7622039000130872,-1.3333873112024701,0.053033818045359685,-0.18087968450055894,Food Distribution,Consumer Defensive,CVGW
2021Q4,2021,Q4,2021-12-21,2021-10-31,-13074000.0,273423000.0,-7641000.0,-0.74,9119000.0,0.0333512543,445402000.0,225515000.0,152641000.0,114624000.0,218519000.0,40757000.0,57364000.0,742257150.0000001,849590150.0000001,12.787921746526793,1.3316670156337242,0.24521219033592126,0.4843048134270448,-0.012675424342175133,12.787921746526793,-0.057973970689311136,2.7146843901208024,-14.193382859109684,3.2913870474247835,0.0,6.4848737640159975,0.0,0.6138791473769764,0.8050233807928532,-0.02935325840476693,-1191.4239967897274,0.03335125428365573,-0.042253521126760604,-2.392620126838089,0.0865184303161156,0.03655827184992775,0.15914579890682598,-0.05045797846697734,-25.028301886792452,-2.8280071805531617,-0.03198216614018398,-0.1506492966753616,Food Distribution,Consumer Defensive,CVGW
2021Q3,2021,Q3,2021-09-08,2021-07-31,-12446000.0,285008000.0,318000.0,-0.71,7867000.0,0.027602734,459318000.0,257882000.0,158267000.0,100714000.0,199985000.0,47443000.0,90649000.0,993274200.0000001,1097578200.0,14.627453204764606,1.5714498480846755,0.2278856913946329,0.40589106645675155,0.10569048635331788,14.627453204764606,-0.048262383570780436,3.485074804917757,-19.951675237023945,3.851661612675565,0.0,5.8415572371055795,0.0,0.6205025712033928,0.8630776257521298,-0.02709669553555489,-141896.3142857143,0.02760273395834503,-2.42,-1.9610857860911945,0.06593930186313746,0.1668472279705332,-0.6519026548672566,-2.407759303246239,-0.9645524467729351,-1.9992560803378487,-0.04662233527923104,-0.1020609571631091,Food Distribution,Consumer Defensive,CVGW
2021Q2,2021,Q2,2021-06-08,2021-04-30,8841000.0,276821000.0,8971000.0,0.5,22600000.0,0.081641205,474310000.0,270357000.0,170387000.0,95584000.0,202568000.0,53335000.0,103630000.0,1376572470.0,1482929470.0,15.344627958453941,1.7825891362571142,0.23600387931943245,0.41404143410379607,0.015760846488238514,15.344627958453941,0.0327012061829359,4.972789167006838,38.92581353919239,5.091684217534593,0.0,4.766494797037592,0.0,0.5836288503299529,1.0264584030800135,0.018639708207712255,-244.3764370672821,0.08164120496638622,0.6666666666666667,-0.10155686916746073,0.2372195668984922,0.30255818396043843,0.2668871573518695,0.6753837407617965,1.412207582683517,-0.3788589946387507,0.03875801275185816,0.0069690683779871235,Food Distribution,Consumer Defensive,CVGW
2021Q1,2021,Q1,2021-03-10,2021-01-31,5277000.0,220578000.0,3719000.0,0.3,17839000.0,0.0808738859,446452000.0,260294000.0,145120000.0,81137000.0,184726000.0,41706000.0,94789000.0,1356530920.0,1456907920.0,14.790272174555373,1.7885798094580772,0.2431280406404272,0.4170092280267697,0.0063156558351859906,14.790272174555373,0.020273229502024634,6.149892192331057,64.26619859768807,5.2115335735744965,3.855031267765776,4.861147077159162,0.014996340813226728,0.49406879126983416,1.0657776353574817,0.011819859693763271,161.54947243062998,0.08087388588163824,-0.14285714285714282,-0.18192746940734453,0.06125482491579194,0.3606371731547181,-0.15774315391879132,-0.1525614260478561,-0.504661694192861,-0.26724702718523624,-0.11804892394383185,0.03582431789268486,Food Distribution,Consumer Defensive,CVGW
2020Q4,2020,Q4,2020-12-21,2020-10-31,6227000.0,234430000.0,7508000.0,0.35,21180000.0,0.0903467986,429624000.0,254530000.0,135895000.0,106331000.0,173622000.0,41787000.0,89512000.0,1180548180.0,1268818180.0,14.47344478562493,1.2780374490976292,0.21489721244623206,0.3627273798766354,0.012970743565259181,14.47344478562493,0.024464699642478292,5.035823828008361,47.39634575236871,4.638149451931009,0.0,5.1032617799794195,0.0,0.5456631845520734,0.7365114594991112,0.014494069232631324,213.55791968162083,0.09034679861792433,1.4268292682926829,0.2801774209791573,0.10921850267135781,0.3542226019473898,-0.31311820982649585,1.398247633665899,1.379556139730044,-0.39884978485068695,-0.1618551209778099,0.03764476881959674,Food Distribution,Consumer Defensive,CVGW
2020Q3,2020,Q3,2020-09-09,2020-07-31,-15636000.0,270425000.0,-19781000.0,-0.82,30835000.0,0.1140242211,437265000.0,267970000.0,138414000.0,98414000.0,167735000.0,43944000.0,103870000.0,1015943220.0,1110446220.0,15.237689070851815,1.406446237323958,0.2242941923090117,0.3659961936037616,-0.033964171358883424,15.237689070851815,-0.058349815277829606,3.756839123601738,-16.243655986185725,3.7912573049221927,0.0,5.4521663935918445,0.0,0.618446479823448,0.8214278456317191,-0.03575863606737333,48.45670227988171,0.11402422113340113,-10.697574893009987,-2.780187691514248,0.14451483203080756,0.32809702072950764,0.3968289920724802,-3.7699816961561927,-3.5942295081967215,-2.7588558022562837,-0.11155368603120173,0.07165029691173147,Food Distribution,Consumer Defensive,CVGW
2020Q2,2020,Q2,2020-06-09,2020-04-30,-3278000.0,281166000.0,7625000.0,-0.0701,22075000.0,0.0785123379,475502000.0,282754000.0,146430000.0,121015000.0,191252000.0,46908000.0,119506000.0,1017900000.0,1133343000.0,16.111339031339032,1.210015287361071,0.24968769847445438,0.4198950324310178,0.008095198732647017,16.111339031339032,-0.011593116277753807,3.6202812573355243,-77.63117754728492,3.5999490723384993,0.0,5.52338620277991,0.0,0.5913035066098565,0.730446638846424,-0.006893767008340659,1139.8656215005599,0.07851233790714382,-1.5841666666666667,-1.3814099201256897,0.25078765789270374,0.4552535372454863,0.3964448380566802,-2.6171682289097187,14.128968253968255,-1.2514360140810508,0.0333778030111342,0.1902400096663331,Food Distribution,Consumer Defensive,CVGW
2020Q1,2020,Q1,2020-03-10,2020-01-31,2027000.0,273348000.0,504000.0,0.12,15808000.0,0.0578310432,471398000.0,285386000.0,144530000.0,113132000.0,184387000.0,42237000.0,122784000.0,1343432960.0,1440327960.0,16.27429288321168,1.2775342078280238,0.21602128138006527,0.356821988464746,0.0016075884428564564,16.27429288321168,0.007102660957440099,4.914734916663009,165.69227429699063,4.707424190394764,9.548100641341884,6.097497454838175,0.01440637573757309,0.5798666943856359,0.7742725312024892,0.0042999758166135625,-136.3614453917986,0.057831043212315435,-0.7142857142857143,-0.6227320964532628,0.38400303678466224,0.5624817247522522,-0.3582592457272764,-0.7228981544771018,-0.9486918456683294,-0.6173986868197349,0.19540053703056814,0.29564344457441755,Food Distribution,Consumer Defensive,CVGW
2019Q4,2019,Q4,2019-12-19,2019-10-31,7315000.0,292176000.0,9823000.0,0.42,24633000.0,0.0843087728,390360000.0,284181000.0,127515000.0,90629000.0,104491000.0,36889000.0,122557000.0,1519943250.0,1518144250.0,16.215748930099856,1.4069999668980129,0.015816169689517368,0.021725590380778446,0.026616996804759242,16.215748930099856,0.0257406371291536,5.202149560538853,51.94611244019139,5.348504122372714,0.0,7.25264984141614,0.0,0.74847832769751,0.8193955577133147,0.018739112613997334,230.39915870850388,0.08430877279448004,-0.3,1.2531732629298131,0.31341604720279764,0.42945090648879763,-0.31144654088050316,-0.31010091483542396,-0.5442820691254929,-0.2159279825227642,0.16832596862709165,0.3144097235582348,Food Distribution,Consumer Defensive,CVGW
2019Q3,2019,Q3,2019-09-05,2019-07-31,10603000.0,359332000.0,21555000.0,0.6,35775000.0,0.0995597386,413047000.0,297440000.0,152234000.0,99677000.0,113885000.0,46340000.0,136700000.0,1549911000.0,1551087000.0,16.972325249643365,1.5272730920874424,0.015359026938822943,0.02132867132867133,0.054456643847389886,16.972325249643365,0.035647525551371705,4.313311923235337,36.54416202961426,5.210835798816569,0.0,6.982239965472594,0.0,0.869954266705726,0.9380900307994823,0.02567020218038141,52.282374768089056,0.09955973862611735,-0.35483870967741943,-0.4052434360949998,0.47754707514316314,0.7052502306809263,-0.028829709259711702,-0.3513000917711839,-0.06716579391526377,-0.17632591002373457,0.351965486677373,0.35390012140389876,Food Distribution,Consumer Defensive,CVGW
2019Q2,2019,Q2,2019-06-06,2019-04-30,16345000.0,286236000.0,23107000.0,0.93,36837000.0,0.1286945038,409204000.0,285953000.0,152383000.0,109855000.0,121576000.0,49616000.0,126097000.0,1679549300.0,1702343300.0,16.31220764403879,1.3871284875517729,0.07369185051954526,0.10545439285476985,0.056794853784063626,16.31220764403879,0.05715974303469451,5.867708114982043,25.689037932089327,5.873515228026984,0.0,5.026584166397936,0.0,0.6994946285960059,0.8261162441400027,0.039943402312782865,132.95988758708043,0.12869450383599548,0.5245901639344264,1.1892678338092753,0.31996457699699676,0.8153352835808966,0.1945714563673509,0.5163744317654699,0.3952659863534811,0.6694501918978578,0.28579383869323627,0.38469304193840903,Food Distribution,Consumer Defensive,CVGW
2019Q1,2019,Q1,2019-03-07,2019-01-31,10779000.0,258032000.0,16561000.0,0.61,30837000.0,0.1195084331,380265000.0,268711000.0,130658000.0,105804000.0,109812000.0,38463000.0,109752000.0,1423800000.0,1458972000.0,15.354914285714285,1.2349060527012212,0.1035672491551944,0.14656266397728415,0.047060136395931214,15.354914285714285,0.040113728131710276,5.517920257952502,33.02254383523518,5.298629382496437,1.6298357918174227,5.906845539869485,0.012338811630847029,0.6785583737656634,0.7545083361687649,0.028346021853181334,218.91143911439116,0.11950843306256588,0.5249999999999999,1.4368094016172503,0.378853670757037,0.9045136569981848,0.38487447792697715,0.5203102961918195,1.2167045910855308,0.6804791575726211,0.2484782888566889,0.4125816564545645,Food Distribution,Consumer Defensive,CVGW
2018Q4,2018,Q4,2018-12-20,2018-10-31,7090000.0,280006000.0,7471000.0,0.4,22267000.0,0.0795232959,367736000.0,263211000.0,128510000.0,98943000.0,102777000.0,35044000.0,93124000.0,1695754000.0,1709666000.0,15.056114860999886,1.2988286184975188,0.04196488785433028,0.058629768512714134,0.025858776841848837,15.056114860999886,0.02693656420134417,6.056134511403327,59.79386459802539,6.442565090364765,0.0,7.354725487957996,0.0,0.7614321143428981,0.719444528668021,0.019280135749559467,338.81198801198803,0.07952329592937295,-0.4285714285714285,0.010873444242009252,0.26254248889886844,0.7616139622353476,-0.3266706985182945,-0.42591093117408907,-0.6104187307712364,0.46626843517843647,0.33274544925760535,0.40874072097423386,Food Distribution,Consumer Defensive,CVGW
2018Q3,2018,Q3,2018-09-05,2018-07-31,12350000.0,296419000.0,19177000.0,0.7,33070000.0,0.1115650481,372933000.0,284766000.0,123307000.0,83256000.0,86388000.0,35857000.0,112022000.0,1616992500.0,1623431500.0,16.29002917453235,1.4810584222158163,0.022706491514561597,0.029736696094337104,0.05395492823534131,16.29002917453235,0.04336894151689457,5.455090598106059,32.73264170040486,5.678320094393291,0.0,7.34442368296288,0.0,0.7948317794349119,0.9061328913231479,0.03311586799773686,100.64059874276467,0.11156504812444547,-0.1250000000000001,0.6392928078840474,0.2915168560594474,0.9841542306871556,0.03443961337545747,-0.12547797762356608,0.004346915261338641,0.41451607012334396,0.2620641215120581,0.4198176057863184,Food Distribution,Consumer Defensive,CVGW
2018Q2,2018,Q2,2018-06-11,2018-04-30,14122000.0,264405000.0,19094000.0,0.8,31969000.0,0.1209092112,374779000.0,266383000.0,128205000.0,103546000.0,106635000.0,39158000.0,99672000.0,1637969700.0,1657092700.0,15.238430295749671,1.2381453653448709,0.05736714170217648,0.0807108561732543,0.04950047875657332,15.238430295749671,0.05301389352924173,6.194927100470869,28.996772765897184,6.148927296411558,0.0,5.93584963481281,0.0,0.7054957721750685,0.765862515210631,0.037680873261308666,166.34200264039808,0.12090921124789622,0.9512195121951221,4.409628213478592,0.3475225305217323,1.107103653566431,0.21508931965032307,0.9781482000280152,0.7691096080793106,0.6496434628958278,0.18086784327637492,0.3764082269526567,Food Distribution,Consumer Defensive,CVGW
2018Q1,2018,Q1,2018-03-09,2018-01-31,7139000.0,247928000.0,10793000.0,0.41,26310000.0,0.1061195186,360648000.0,249107000.0,116353000.0,106546000.0,109674000.0,31184000.0,85550000.0,1517802000.0,1546892000.0,14.278745844319614,1.0920447506241435,0.08881790554779176,0.12858731388519792,0.02376313385785798,14.278745844319614,0.02865836768938649,6.121946694201543,53.151771956856706,6.092972096328085,2.333239949572769,7.1067855310415595,0.01097442222371561,0.6874514762316719,0.7095245246184746,0.019794924691111555,606.3931282461047,0.1061195185699074,-0.3050847457627119,1.242391986401143,0.5111824078511542,0.8841537832768813,-0.16515944788196096,-0.3045977011494253,-0.35809444510526944,0.3355746295846346,0.26177345951107667,0.37089086415216976,Food Distribution,Consumer Defensive,CVGW
2017Q4,2017,Q4,2017-12-22,2017-10-31,10266000.0,277204000.0,16814000.0,0.59,31515000.0,0.1136888357,364117000.0,243106000.0,119828000.0,116167000.0,119995000.0,30858000.0,78411000.0,1284517300.0,1298460300.0,13.948361925526422,1.0315149741320684,0.056487337861181985,0.08460506939359785,0.038963697877496595,13.948361925526422,0.042228492920783525,4.633833927360356,31.280861581920902,5.2837745674726255,0.0,7.961922354008685,0.0,0.7613047454526979,0.6693122831785274,0.028194234270852502,73.30464532328939,0.1136888356589371,0.17999999999999994,0.4146957451865938,0.6623634532606096,0.8756795430746889,0.26810719459198457,0.16526674233825198,0.38341286819154186,1.3572648791606432,0.25297621958350747,0.2295761783452079,Food Distribution,Consumer Defensive,CVGW
2017Q3,2017,Q3,2017-09-08,2017-07-31,8810000.0,301645000.0,12154000.0,0.5,24852000.0,0.0823882378,376170000.0,247807000.0,132547000.0,124491000.0,127454000.0,32714000.0,84802000.0,1290543400.0,1320263400.0,14.218900619692448,1.0647115052493754,0.10258925485817583,0.15573006412248241,0.02982659092875447,14.218900619692448,0.035551860924025555,4.278351704818578,36.62154937570942,5.207856920910225,0.0,8.460995292535307,0.0,0.8018847861339288,0.7256749483898435,0.023420262115532872,118.19245352138475,0.08238823782923635,-0.32432432432432434,0.319497330183181,0.6707972515625289,0.9488435442953482,-0.31448431853915537,-0.3194283507145616,-0.4164305949008499,-0.5030681121117875,0.24724576568721887,0.42860705325389664,Food Distribution,Consumer Defensive,CVGW
2017Q2,2017,Q2,2017-06-08,2017-04-30,12945000.0,270162000.0,20827000.0,0.74,36253000.0,0.1341898565,383922000.0,235882000.0,151954000.0,144404000.0,147117000.0,38634000.0,75992000.0,1133561300.0,1171154300.0,13.536210260530241,1.0522838702529016,0.12518428222399341,0.20375018017483318,0.046194620536920326,13.536210260530241,0.054879134482495484,4.195857670582836,21.89187524140595,4.805628661788521,0.0,6.054485686183154,0.0,0.7036898119930611,0.7301598293676076,0.03371778642536765,60.547019549193465,0.13418985645649648,1.4666666666666668,3.3110692020674644,0.6493651794188839,0.9825864075759534,0.6535759897828863,1.466184035054296,1.5718695974314645,0.7442158649827424,0.25327533130508556,0.5064030956527392,Food Distribution,Consumer Defensive,CVGW
2017Q1,2017,Q1,2017-03-10,2017-01-31,5249000.0,226554000.0,8098000.0,0.3,21924000.0,0.0967716306,347025000.0,218231000.0,123777000.0,124374000.0,127860000.0,24409000.0,63047000.0,960782200.0,1013245200.0,12.560780476574191,0.9951999614067248,0.17303940638282544,0.27516255710691884,0.01952352552137009,12.560780476574191,0.02405249483345629,4.240852953379768,45.760249571346925,4.402592665569969,2.9902838635930653,8.38338317833586,0.016336689001940293,0.6528463367192565,0.6966005756830206,0.015125711404077516,-32.531394325184536,0.09677163060462406,-0.43396226415094347,0.6658785682123252,0.6408365274331311,0.8648025045221504,-0.19054827395237217,-0.4318649204459357,-0.4779188962671652,0.19524763743698548,0.21942354692691776,0.5579492998178528,Food Distribution,Consumer Defensive,CVGW
2016Q4,2016,Q4,2016-12-23,2016-10-31,9239000.0,247655000.0,15511000.0,0.53,27085000.0,0.1093658517,327933000.0,214107000.0,134953000.0,109341000.0,112864000.0,31849000.0,57798000.0,1026548250.0,1032289250.0,12.336905790838376,1.2342396722181066,0.05971646647333449,0.09146361398739883,0.04292657214649347,12.336905790838376,0.04315132153549393,4.14507379217056,27.7775800952484,4.794557160672,0.0,6.925492166159063,0.0,0.7551999951209546,0.7707721714635863,0.028173437866881344,1222.08125,0.10936585168884133,-0.27397260273972596,1.1604203747851114,0.43058803594331085,0.9027017367118865,-0.1702916309275824,-0.27508826990976853,-0.2380507933389006,0.32691168186724123,0.12484391535289717,0.44345773744181594,Food Distribution,Consumer Defensive,CVGW
2016Q3,2016,Q3,2016-09-08,2016-07-31,12745000.0,263146000.0,20357000.0,0.73,32644000.0,0.1240528072,334625000.0,217510000.0,152952000.0,112807000.0,116126000.0,36410000.0,64254000.0,1136664010.0,1141136010.0,12.535876894703476,1.3558733057345733,0.057144564811356,0.08791319939313134,0.05457922573383921,12.535876894703476,0.05859500712610914,4.319518480235307,22.296273244409573,5.225801158567422,0.0,6.330733315023346,0.0,0.7863907358983937,0.8973290664586417,0.03808741128128502,51.381611517945935,0.12405280718688484,0.30357142857142844,2.99488930690868,0.35505388838214136,0.7811821809557493,0.21774163464766666,0.31540922695840645,0.34378506832134137,0.7043986389543875,0.15513455787331512,0.5268918741340016,Food Distribution,Consumer Defensive,CVGW
2016Q2,2016,Q2,2016-06-08,2016-04-30,9689000.0,220303000.0,15149000.0,0.56,26807000.0,0.1216824101,304093000.0,204366000.0,128165000.0,97664000.0,98702000.0,29849000.0,51509000.0,991785160.0,1017048160.0,11.780378141572516,1.3123054554390563,0.10901599181829243,0.16221387119188124,0.04050285698882762,11.780378141572516,0.04741003885186381,4.501914000263274,25.59049334296625,4.852985134513569,0.0,6.48249522597072,0.0,0.7244592937029133,0.8577981651376146,0.03186196328096997,79.22872343824892,0.12168241013513206,0.5135135135135137,2.421211122266824,0.5751862276472053,0.8216339939599806,0.27664539479950473,0.5260670971806584,0.5033244021038007,2.739960596100286,0.13136735256463367,0.6289392897262585,Food Distribution,Consumer Defensive,CVGW
2016Q1,2016,Q1,2016-03-10,2016-01-31,6349000.0,204575000.0,10077000.0,0.37,20998000.0,0.1026420628,291774000.0,188292000.0,125726000.0,101373000.0,102444000.0,27090000.0,41820000.0,922223280.0,960004280.0,10.870107377900935,1.2402316198593313,0.1575500215920541,0.24413676629915237,0.027152836404056198,10.870107377900935,0.03371890467996516,4.507995991690089,36.313721845959996,4.897835701994775,2.190423688769885,6.7765596160945,0.015079862221652005,0.7011419797514514,0.8427293263492251,0.0217599923228252,199.22732339598184,0.1026420628131492,0.3214285714285713,1.3350901905321608,0.9040997263647645,0.7157378044644552,0.04110268233427537,0.3263003969082933,0.15469233413544173,1.0085253236177938,0.2558613816688468,0.43436644674544306,Food Distribution,Consumer Defensive,CVGW
2015Q4,2015,Q4,2015-12-30,2015-10-31,4787000.0,207994000.0,8727000.0,0.28,20169000.0,0.0969691433,284945000.0,184971000.0,116822000.0,97858000.0,98963000.0,26351000.0,35472000.0,889752870.0,922283870.0,10.687640838966892,1.1937910032904822,0.13933215181877204,0.2146390515269961,0.02190129670826351,10.687640838966892,0.02587973249860789,4.2777814263873,46.467143827031535,4.81022900887166,0.00020889910173386254,7.1278129862244315,1.1239075857097264e-06,0.7299443752303076,0.7346154632222199,0.016799733281861413,1741.1993542074365,0.09696914334067329,-0.43999999999999995,-0.14267727387458062,0.6500337191331329,0.7829082800470168,-0.16924787873795205,-0.4460131929174864,-0.36103382632889147,-0.335682197129155,0.25611086730748023,0.437200252790489,Food Distribution,Consumer Defensive,CVGW
2015Q3,2015,Q3,2015-09-09,2015-07-31,8641000.0,232450000.0,13658000.0,0.5,24278000.0,0.1044439664,292704000.0,198500000.0,129538000.0,93310000.0,94204000.0,31574000.0,44592000.0,943077510.0,977251510.0,11.47332524131553,1.388254206408745,0.1356660653766262,0.20005037783375315,0.03656114423204447,11.47332524131553,0.04353148614609572,4.057119853731986,27.28496441384099,4.751020201511335,0.0,6.593146259580668,0.0,0.7941469880835247,0.7787053906333726,0.029521291133705038,89.17147409228441,0.10444396644439664,0.02040816326530614,0.23044478194068613,0.7180048104367451,0.8901810179860099,0.05671381936887922,0.019948064211520303,0.05150511971668335,0.30368586768525485,0.29698071007608484,0.5725347849447362,Food Distribution,Consumer Defensive,CVGW
2015Q2,2015,Q2,2015-06-09,2015-04-30,8472000.0,221589000.0,12989000.0,0.49,22975000.0,0.1036829446,307562000.0,191531000.0,147546000.0,114593000.0,116031000.0,31045000.0,35951000.0,876245000.0,917929000.0,11.071156069364163,1.2875655581056435,0.16566741014819777,0.2660300421341715,0.034743126448636794,11.071156069364163,0.04423304843602341,3.954370478678996,25.85708805476865,4.574951313364416,0.0,6.397616363343533,0.0,0.7204693687776773,0.8047786514010454,0.0275456655893771,65.308563762391,0.10368294455049663,0.5806451612903225,0.4888521675999079,0.7089252282905953,0.9760525984514659,0.29036787419264254,0.5987922249481035,0.5658830620855937,1.841976570085571,0.36267523485362163,0.6215412672241987,Food Distribution,Consumer Defensive,CVGW
2015Q1,2015,Q1,2015-03-12,2015-01-31,5299000.0,194791000.0,8295000.0,0.31,17805000.0,0.0914056604,290095000.0,180139000.0,133187000.0,107716000.0,109956000.0,27062000.0,27479000.0,693702450.0,749023450.0,10.415669268574733,1.23646440640202,0.208390354883745,0.3355908492886049,0.022309932503934836,10.415669268574733,0.029416173066354315,3.561265407539363,32.727988771466315,3.850928727260615,2.4476316286091717,6.540019215135614,0.018696776982696256,0.6714731381099295,0.7430929481228415,0.01826642996259846,-130.39519736842107,0.0914056604257897,1.187878787878788,0.95434227257714,1.4267327244177916,1.1142684795146245,0.010728882833787467,1.2032292705377003,0.03830266616597822,0.6894289755500929,0.4172345102867875,0.5463343360340298,Food Distribution,Consumer Defensive,CVGW
2014Q4,2014,Q4,2015-01-30,2014-10-31,-26074000.0,200749000.0,7989000.0,-1.65,17616000.0,0.0877513711,283464000.0,179406000.0,123044000.0,100997000.0,104058000.0,30975000.0,22180000.0,767660100.0,804706100.0,11.344040467910212,1.2182936126815649,0.1544816978522846,0.2440832525110643,0.021549914285575667,11.344040467910212,-0.14533516158879858,3.8239796960383363,-7.3603982894837765,4.278898699040166,0.0,5.9122841000807105,0.0,0.7081992775096662,0.6533758428468173,-0.09198346174470126,-71.95913948256468,0.08775137111517367,-2.6176470588235294,-11.37943523421857,1.2747202629599226,1.3680013094109347,-0.15894008116495584,-2.626372255489022,-0.3061490359562272,-7.690774303154956,0.2725542347068082,0.749573666652429,Food Distribution,Consumer Defensive,CVGW
2014Q3,2014,Q3,2014-09-15,2014-07-31,16032000.0,218702000.0,11514000.0,1.02,20945000.0,0.095769586,264512000.0,156859000.0,123574000.0,100868000.0,107653000.0,33035000.0,82369000.0,543562400.0,571726400.0,9.952982233502539,1.225106079232264,0.1421485603677716,0.239705722974136,0.03934551943830483,9.952982233502539,0.10220644017875927,2.4854020539364066,8.47621007984032,3.4652930338711836,0.0,5.986287271076131,0.0,0.8268131502540528,0.725373755799659,0.060609726590854104,43.13644948813586,0.09576958601201635,1.3720930232558142,4.966130497008886,0.8864681590897798,0.9054022822642083,0.10370448437582337,1.3892697466467958,0.16703831339955402,4.532493484089579,0.23988339897943547,0.41418703698136605,Food Distribution,Consumer Defensive,CVGW
2014Q2,2014,Q2,2014-06-06,2014-04-30,6710000.0,194894000.0,9866000.0,0.43,18977000.0,0.0973708785,259107000.0,141571000.0,132603000.0,103886000.0,113505000.0,32261000.0,66337000.0,489822950.0,522060950.0,8.985782291336085,1.2764280076237413,0.2012759207586055,0.3683805299107868,0.03317277735310699,8.985782291336085,0.04739671260356994,2.5132787566574653,18.24973733233979,3.4599102217262008,0.0,5.4529307832987195,0.0,0.7521757420679488,0.8160868644475675,0.02589663729656088,30.4370192008948,0.09737087852884131,0.72,0.3766709564500452,1.05480619225905,0.8490261083710031,0.3861943024105186,0.6880503144654088,0.8209671465485419,1.6088820547157467,0.534408408830979,0.38949754307601625,Food Distribution,Consumer Defensive,CVGW
2014Q1,2014,Q1,2014-03-11,2014-01-31,3975000.0,168165000.0,5418000.0,0.25,13690000.0,0.0814081408,234471000.0,126789000.0,113679000.0,98787000.0,107998000.0,27659000.0,59627000.0,477755880.0,536185880.0,8.062380770698207,1.1507485802787816,0.27626444208452217,0.5108960556515155,0.018554432373575284,8.062380770698207,0.03135130019165701,2.840994737311569,30.047539622641505,3.768117738920569,2.768553459119497,5.584981380382516,0.023034776672973652,0.7172102306895096,0.6948383896666566,0.01695305602825083,-57.60258982396913,0.0814081408140814,-0.37500000000000006,-0.16789162524673387,1.1825226411831684,0.6953445090883529,-0.21258483837570458,-0.3407960199004975,-0.32987012987012987,0.6103312772994344,0.7240605138899134,0.2725662223352741,Food Distribution,Consumer Defensive,CVGW
2013Q4,2013,Q4,2014-01-13,2013-10-31,6030000.0,190673000.0,8085000.0,0.4,17386000.0,0.0911822859,239939000.0,128458000.0,109730000.0,97380000.0,111487000.0,28673000.0,55653000.0,446240700.0,485261700.0,8.546773120425815,1.1268227562127746,0.1960498293316218,0.3661897273817123,0.03363556614342836,8.546773120425815,0.04694141275747715,2.3403455129986943,18.500858208955226,3.473825686216507,0.0,6.043560143689185,0.0,0.7946728126732211,0.6684329431094681,0.025131387561005088,-120.41033459255262,0.09118228590309063,-0.06976744186046505,0.4491152964611858,0.9552740758937625,0.8809762599542078,-0.03827857063834495,-0.057665260196905765,-0.13732394366197184,0.24354364954301924,0.7417829099868289,0.42576952142072905,Food Distribution,Consumer Defensive,CVGW
2013Q3,2013,Q3,2013-09-09,2013-07-31,6399000.0,194943000.0,9372000.0,0.43,18078000.0,0.0927347994,235024000.0,121903000.0,112469000.0,92156000.0,113084000.0,31590000.0,60627000.0,403271680.0,437846680.0,8.210061961206897,1.2204197230782585,0.17233133637415754,0.3322477707685619,0.03805544199284225,8.210061961206897,0.05249255555646703,2.068664584006607,15.755261759649946,3.308135812900421,0.0,5.598765432098766,0.0,0.8294599700456123,0.7369026433438951,0.027227006603580912,39.19063945578231,0.09273479940290238,1.866666666666667,3.469461166167051,0.9517119733435443,0.5734386481718022,0.5670943134535368,1.8915499322187077,1.8009563658099224,0.0617285143226374,0.6788261195853403,0.3525724189949765,Food Distribution,Consumer Defensive,CVGW
2013Q2,2013,Q2,2013-06-07,2013-04-30,2213000.0,166336000.0,3346000.0,0.15,11536000.0,0.0693535975,221532000.0,107170000.0,105777000.0,94878000.0,114051000.0,25434000.0,54228000.0,420266840.0,465131840.0,7.231931979215871,1.1148738379814076,0.2346568441579546,0.4850611178501446,0.014125273320180454,7.231931979215871,0.02064943547634599,2.526613841862255,47.477049254405784,3.9214970607446116,0.0,6.086341118188252,0.0,0.7508441218424426,0.7330571892324881,0.009989527472329054,736.0189842381786,0.06935359753751442,-0.16666666666666666,0.33429063888707033,0.6366826713132271,0.42271886545621945,-0.12099969521487351,-0.18248984115256742,-0.22240297466883568,-0.5459807682568772,0.4975741057708098,0.2908026849064657,Food Distribution,Consumer Defensive,CVGW
2013Q1,2013,Q1,2013-03-08,2013-01-31,2707000.0,139499000.0,4303000.0,0.18,13124000.0,0.0940795275,216424000.0,112417000.0,94131000.0,81424000.0,104007000.0,22331000.0,52015000.0,369514940.0,410629940.0,7.578333558042335,1.156059638435842,0.23186892396407052,0.4463915599953744,0.016937134229394336,7.578333558042335,0.02407998790218561,2.6488716048143712,34.12587181381603,3.2870023217129085,3.5633542667159217,5.659173346469034,0.02610449255448237,0.6445634495250064,0.7398432894478286,0.012507854951391712,-2052.860777777778,0.0940795274518097,-0.5714285714285714,2.583659621855271,0.8712720203165034,0.5925989342113441,-0.2650089605734767,-0.5605519480519481,-0.433666754409055,0.16401145411151663,1.0262192896696105,0.538319944293828,Food Distribution,Consumer Defensive,CVGW
2012Q4,2012,Q4,2013-01-14,2012-10-31,6160000.0,141552000.0,7598000.0,0.42,17856000.0,0.1261444557,207891000.0,110022000.0,83464000.0,73808000.0,97512000.0,22948000.0,49342000.0,349309950.0,380831950.0,7.436431226765799,1.1308259267288099,0.18579447883746772,0.35106615040628236,0.038632671674613095,7.436431226765799,0.05598880223955209,2.4677146914208206,14.176540178571427,3.174910017996401,0.00016233766233766234,5.390273662192784,2.8627870462894055e-06,0.6808952768518117,0.6602942770431389,0.029630912353108118,187.49863123993558,0.12614445574771108,0.1052631578947368,4.029521102121146,0.6124465235368549,0.444518450397394,0.10133843212237094,0.08737864077669903,-0.10136014192785334,1.6212050805452296,0.7145290279951211,0.552311007011929,Food Distribution,Consumer Defensive,CVGW
2012Q3,2012,Q3,2012-09-07,2012-07-31,5665000.0,153181000.0,8455000.0,0.38,16213000.0,0.1058421084,199158000.0,107887000.0,82404000.0,68533000.0,90871000.0,21001000.0,52793000.0,398953260.0,433294260.0,7.296070873064178,1.2023988443523559,0.1981592504443708,0.36579940122535615,0.03435355338868521,7.296070873064178,0.052508643302714875,2.6044565579282026,17.60605736981465,3.697880745594928,0.0,6.52197514404076,0.0,0.7691430924190843,0.7572702201858958,0.028444752407636147,25.351290589057633,0.10584210835547489,1.2352941176470587,1.4655387023790636,0.6223957172067583,0.30688445380186075,0.10330044232732222,1.2233124018838304,0.1947152748339692,1.2468863130283703,0.4082435324382234,0.39676227355282684,Food Distribution,Consumer Defensive,CVGW
2012Q2,2012,Q2,2012-06-11,2012-04-30,2548000.0,138992000.0,7077000.0,0.17,14695000.0,0.1057255094,205253000.0,100959000.0,91501000.0,80046000.0,103873000.0,25032000.0,47128000.0,424091160.0,474261160.0,6.827551227429499,1.1431052145016616,0.2672409173069334,0.5433096603571747,0.013971927812755743,6.827551227429499,0.025237967887954516,3.0511911476919535,41.610200156985876,4.200627581493477,0.0,4.965524129114733,0.0,0.6771740242529951,0.7020213377308048,0.012413947664589555,-168.22338754462515,0.10572550938183492,-0.055555555555555455,-0.04791285840169944,0.9420385258521764,0.2243817087980788,0.22000830220008302,-0.04889884285181038,0.6054900181488203,-0.44301257749479334,0.5613509630890403,0.4049216936771053,Food Distribution,Consumer Defensive,CVGW
2012Q1,2012,Q1,2012-03-09,2012-01-31,2679000.0,117394000.0,4408000.0,0.18,12045000.0,0.1026031995,193084000.0,99500000.0,77954000.0,67649000.0,93150000.0,20785000.0,44580000.0,401798400.0,449497400.0,6.73571621987544,1.152330411388195,0.2656563982515382,0.5155175879396985,0.015515177183027832,6.73571621987544,0.02692462311557789,3.4226485169599807,37.49518477043673,4.038174874371859,3.032474804031355,5.068510945393313,0.020219094949108805,0.6079944480122641,0.6636757380005617,0.013874790246731992,-363.61846153846153,0.10260319948208596,-0.28,0.9475057691333515,0.9825695512120162,0.48035784252359787,-0.10326086956521739,-0.264010989010989,-0.31114236599468664,-0.4029723486492402,0.6219894278702572,0.4163756132240155,Food Distribution,Consumer Defensive,CVGW
2011Q4,2011,Q4,2012-01-17,2011-10-31,3640000.0,147349000.0,6399000.0,0.25,13432000.0,0.0911577276,185323000.0,95780000.0,71478000.0,62836000.0,89082000.0,17787000.0,41902000.0,333404040.0,372182040.0,6.4838884375846195,1.137532624610096,0.22421393998586253,0.4338275214032157,0.027281864215924222,6.4838884375846195,0.038003758613489244,2.2626827464047943,22.89862912087912,3.4809358947588223,0.0002747252747252747,7.528925619834711,2.999363774956056e-06,0.7950928918698704,0.6681838436565026,0.019641382882858577,37.30186171402998,0.09115772757195502,0.38888888888888895,1.6322635195985453,0.8544618902778353,0.5722684192931641,0.18447971781305114,0.34168816807961666,0.42326512455516013,-0.10996580217027614,0.5373944782546127,0.42697601205080565,Food Distribution,Consumer Defensive,CVGW
2011Q3,2011,Q3,2011-09-09,2011-07-31,2713000.0,165141000.0,4496000.0,0.18,11340000.0,0.0686685923,216152000.0,103845000.0,98896000.0,83994000.0,111794000.0,21852000.0,46386000.0,302034850.0,348450850.0,7.037953236191122,1.1774174345786603,0.2260908989970021,0.4706052289469883,0.01559840839941243,7.037953236191122,0.026125475468245944,1.828951320386821,27.832183007740507,2.9085160575858247,0.0,7.03830313014827,0.0,0.7640040341981569,0.8028906826678096,0.012551352751767275,134.2377111111111,0.06866859229385798,0.12499999999999993,-0.1018905509051579,1.0259772602686597,0.5910539014812325,0.20382165605095542,0.12853577371048253,0.18784676354029062,0.9068722418167238,0.6637640515654957,0.3488068273020742,Food Distribution,Consumer Defensive,CVGW
2011Q2,2011,Q2,2011-06-09,2011-04-30,2404000.0,118720000.0,3785000.0,0.16,9420000.0,0.0793463612,166061000.0,95232000.0,74631000.0,54871000.0,70305000.0,21820000.0,43673000.0,309246000.0,339660000.0,6.466929240798588,1.3601173661861456,0.19139954594998224,0.33375336021505375,0.01667594222444727,6.466929240798588,0.025243615591397848,2.6048349056603772,32.15952579034942,3.247290826612903,0.0,5.0091659028414295,0.0,0.7149180120558108,0.8087149860582092,0.01447660799344819,450.7959183673469,0.07934636118598383,0.0,0.0651062530560524,0.7075813450082726,0.459601811325981,0.08663052255162072,0.040242319342276074,0.03585112205801861,0.4586046387797078,0.17553677675169557,0.2722218985046652,Food Distribution,Consumer Defensive,CVGW
2011Q1,2011,Q1,2011-03-11,2011-01-31,2311000.0,91319000.0,3654000.0,0.16,8669000.0,0.0949309563,159033000.0,93278000.0,66468000.0,49419000.0,65755000.0,15721000.0,41269000.0,339806840.0,371051840.0,6.335529443727501,1.3449887695016087,0.20235422836769726,0.34500096485773707,0.01712787724413375,6.335529443727501,0.024775402560089196,3.721096814463584,36.75971873647771,3.642947318767555,3.5045434876676764,5.257299153997837,0.02383412882448158,0.5742141568102218,0.8110038649102572,0.014531575207661303,-38.465795788997056,0.0949309563179623,-0.5,4.387617859428167,0.7576141285457682,0.5290159174072963,-0.3935217573807192,-0.5134736842105263,-0.49662487945998074,2.0824809812089113,0.23420965423884654,0.33142165919013544,Food Distribution,Consumer Defensive,CVGW
2010Q4,2010,Q4,2011-01-14,2010-10-31,4750000.0,107234000.0,7259000.0,0.32,14294000.0,0.1332972751,150198000.0,88257000.0,61812000.0,47011000.0,61366000.0,14831000.0,38965000.0,323611540.0,338155540.0,5.994498403857909,1.3148412073769968,0.10391616399685748,0.17684716226474953,0.041215027740160906,5.994498403857909,0.05382009359031012,3.0178072253203276,17.032186315789474,3.6666954462535553,0.0,6.2666037354190545,0.0,0.7139509181214131,0.7364872051222054,0.031624921769930356,-72.98410915651782,0.13329727511796632,-0.21951219512195116,9.956105074351095,0.6793343500836684,0.32877770197647294,-0.06422258592471358,-0.2012779552715655,-0.25632619608646656,2.897249316081795,0.2274970975931855,0.16442461191380667,Food Distribution,Consumer Defensive,CVGW
2010Q3,2010,Q3,2010-09-09,2010-07-31,5947000.0,114578000.0,9761000.0,0.41,15275000.0,0.1333152961,145083000.0,88931000.0,61142000.0,43030000.0,55522000.0,15881000.0,42307000.0,309429120.0,320431120.0,6.069961094805815,1.4209156402509877,0.08543385510363033,0.13937771980524227,0.05272849629242124,6.069961094805815,0.06687206935714206,2.7005980205624116,13.007782074995797,3.4794292204068324,0.0,6.25294376928405,0.0,0.7897410447812632,0.848408087380897,0.04099032967335939,32.34338037002195,0.13331529613014714,0.2424242424242423,0.9705936236803823,0.2494409719039686,0.2517086535869209,0.16727800703041418,0.24076778635510118,0.2791246232472808,1.612297609530252,0.22480212892552617,0.08726161354464464,Food Distribution,Consumer Defensive,CVGW
2010Q2,2010,Q2,2010-06-08,2010-04-30,4793000.0,109219000.0,7631000.0,0.33,13086000.0,0.119814318,160060000.0,81642000.0,77358000.0,63225000.0,77738000.0,15283000.0,36360000.0,252678480.0,268802480.0,5.602662640680758,1.2235349940688018,0.11578158190678496,0.22699100952940887,0.041747496034500606,5.602662640680758,0.05870752798804537,2.3135029619388567,13.179557688295432,3.09495700742265,0.0,6.29019171628607,0.0,0.6823628639260277,0.6636457097667062,0.029945020617268524,25.310876490033056,0.11981431802158965,1.0625,0.8008519762539971,0.6815049839088012,0.6781648176625492,0.4744788732394366,1.1077396657871592,1.056319051468607,0.8173794604900174,0.5485568124929057,0.004722986223349704,Food Distribution,Consumer Defensive,CVGW
2010Q1,2010,Q1,2010-03-11,2010-01-31,2274000.0,67320000.0,3711000.0,0.16,8875000.0,0.1318330362,134364000.0,71457000.0,60364000.0,46186000.0,62907000.0,13410000.0,31567000.0,243248850.0,272104850.0,4.926370217166494,1.3069761399558308,0.22199398648447502,0.4174258645059266,0.019324645166997226,4.926370217166494,0.03182333431294345,3.613322192513369,26.742397757255937,3.404129056635459,3.189094107299912,4.358314690529456,0.02981309058603977,0.5010270608198625,0.6689689516303642,0.016924176118603196,-144.3613353115727,0.13183303624480094,0.0,2.368804150408871,0.31501592362525654,0.5692399717771818,-0.038357351825766606,-0.013020833333333334,0.19903069466882067,0.6835191678508745,0.15783908081412687,0.0827045778202279,Food Distribution,Consumer Defensive,CVGW
2009Q4,2009,Q4,2010-01-11,2009-10-31,2304000.0,80942000.0,3095000.0,0.16,9229000.0,0.1140199155,123216000.0,69487000.0,49346000.0,36789000.0,53729000.0,11731000.0,29293000.0,258914250.00000003,278833250.0,4.79055498104102,1.3413248525374433,0.16876055057784703,0.29925021946551156,0.02072907665583699,4.79055498104102,0.033157281218069566,3.1987626942749134,28.093994140625004,3.7260818570380074,0.0,6.113119086181912,0.0,0.6569114400727178,0.6895267607165185,0.018698870276587457,93.50460455037921,0.11401991549504584,-0.058823529411764754,0.9328611755499034,0.1518564384157188,0.47270014176937564,-0.06834241873611953,-0.06531440162271805,-0.2421645445641528,0.6968053385024183,0.03744771170442143,0.16165451951918466,Food Distribution,Consumer Defensive,CVGW
2009Q3,2009,Q3,2009-09-09,2009-07-31,2465000.0,106347000.0,4084000.0,0.17,9906000.0,0.0931479026,140782000.0,75517000.0,65416000.0,48668000.0,65265000.0,15008000.0,34241000.0,293477100.0,314964100.0,5.223559521339143,1.344127558149092,0.1672159793155375,0.31173113338718433,0.0216735657174399,5.223559521339143,0.032641656845478505,2.7596180428220825,29.764411764705883,3.886238860124211,0.0,6.425972814498934,0.0,0.755401969001719,0.8109229884112764,0.017509340682757737,92.84311926605504,0.09314790262066631,-0.4516129032258064,-0.2473792011559183,0.19252399299740489,0.5054542409151156,-0.23440760491537213,-0.44755714926042134,-0.4484062668827661,-0.16716795289550068,0.3315759185296705,0.1808780872979918,Food Distribution,Consumer Defensive,CVGW
2009Q2,2009,Q2,2009-06-08,2009-04-30,4462000.0,86829000.0,7404000.0,0.31,12939000.0,0.1490170335,149597000.0,70092000.0,76516000.0,52685000.0,79505000.0,15616000.0,31776000.0,204950830.0,233422830.0,4.8597379186022325,1.452329885166556,0.22358068677847817,0.47718712549221026,0.03390949835871948,4.8597379186022325,0.06365919077783484,2.3603960658305403,11.4831258404303,2.9240259944073506,0.0,4.731685450819672,0.0,0.5804193934370342,0.7912498813704091,0.029826801339599057,27.71478431372549,0.14901703347959783,0.03333333333333337,0.7903255541156088,0.06403369081054938,0.509045934676545,0.03852636648206116,0.01872146118721461,0.03422265679564185,1.0184464391758925,0.27512131529204886,0.09685478291787163,Food Distribution,Consumer Defensive,CVGW
2009Q1,2009,Q1,2009-03-12,2009-01-31,4380000.0,70647000.0,7159000.0,0.3,12459000.0,0.1763556839,133402000.0,68571000.0,55867000.0,36129000.0,64831000.0,13425000.0,27314000.0,175911800.0,211755800.0,4.755600249670573,1.5463201306429737,0.2790737770048425,0.5429263099561039,0.03338294247239167,4.755600249670573,0.06387539922124513,2.4900108992596994,10.040627853881277,2.5653964503944815,1.152283105022831,4.334301675977653,0.028690514223605242,0.5295797664202936,0.8181793019458053,0.03283309095815655,38.892726066769846,0.17635568389315895,0.07142857142857129,14.916402818843054,0.34560287707257875,0.5702002736453056,0.024083511425283578,0.09719438877755511,0.19237175216522318,7.555861183578268,0.38840856012291736,0.14771599487576625,Food Distribution,Consumer Defensive,CVGW
2008Q4,2008,Q4,2009-01-14,2008-10-31,3992000.0,93553000.0,6004000.0,0.28,12166000.0,0.1300439323,134686000.0,65517000.0,55015000.0,39602000.0,69169000.0,14889000.0,22934000.0,146352850.0,181686850.0,4.543796379776683,1.3891975152770062,0.2735473620123844,0.5623425981043088,0.03787668291345912,4.543796379776683,0.06093075079750294,1.564384359667782,9.165383892785572,2.2338148877390602,0.000250501002004008,5.466250251863792,6.83280168442227e-06,0.6946007751362429,0.7630422705923944,0.029639309208083987,-43.55739583333333,0.13004393231644096,1.8,1.2117354219180128,0.3701667206332122,0.6475191385364134,0.5816432657306292,1.8740100791936645,1.5110832287745712,8.685591075497713,0.4959723075101521,0.007206092153259896,Food Distribution,Consumer Defensive,CVGW
2008Q3,2008,Q3,2008-09-09,2008-07-31,1389000.0,96903000.0,2391000.0,0.1,7692000.0,0.0793783474,149667000.0,75164000.0,60313000.0,44058000.0,74503000.0,16938000.0,23988000.0,163208650.0,191759650.0,5.217910447761194,1.3689454809569204,0.19285480433228433,0.3840136235431856,0.014045336130779774,5.217910447761194,0.018479591293704432,1.6842476497115673,29.375206983441323,2.171367276887872,0.0,5.2669146298264256,0.0,0.64745735532883,0.7806073811793545,0.009280602938523522,28.68341827768014,0.07937834741958454,-0.09090909090909087,-0.6150746086479225,0.06909643858484028,0.7465526441158777,0.054565396216068,-0.13833746898263027,-0.07790204396451986,-0.531881951175312,0.0747457448442128,0.07600420481990516,Food Distribution,Consumer Defensive,CVGW
2008Q2,2008,Q2,2008-06-09,2008-04-30,1612000.0,98777000.0,2593000.0,0.11,7294000.0,0.0738431011,151279000.0,73213000.0,74192000.0,55463000.0,78066000.0,14933000.0,22599000.0,238513679.99999997,264629679.99999997,5.0831771158786365,1.3376845825144692,0.19020485328432896,0.3930176334803928,0.013605755545555376,5.0831771158786365,0.0220179476322511,2.4146681919880133,36.99033498759305,3.257805034624998,0.0,6.126230496216434,0.0,0.6529458814508292,0.7129798243874295,0.010655808142571012,38.49478373143963,0.07384310112678052,1.2,-0.16591344142400688,0.5450497554847842,0.9244423654821179,0.2098192071653674,1.2021857923497268,1.5471512770137525,-0.3872238874253807,0.5385867809096244,0.5225633854653111,Food Distribution,Consumer Defensive,CVGW
2008Q1,2008,Q1,2008-03-11,2008-01-31,732000.0,72241000.0,1018000.0,0.05,6029000.0,0.0834567628,128895000.0,68403000.0,58047000.0,40948000.0,60492000.0,12352000.0,20987000.0,296125000.0,327321000.0,4.758469565217391,1.4175783921070626,0.2549594631289034,0.4804321447889712,0.006173322250377336,4.758469565217391,0.010701285031358273,4.099126534793261,101.13558743169399,4.329122991681652,6.8743169398907105,5.3604274611398965,0.016992823976361333,0.5604639435199193,0.8409201914623425,0.005679041079948795,-50.15667344173442,0.08345676278013871,-0.3961352657004831,0.309299756521739,0.46074577628095664,0.9055815571888851,-0.14856658664030503,-0.38487394957983195,-0.3088934147997284,1.4446024113993423,0.4239034206376494,0.5157571025019764,Food Distribution,Consumer Defensive,CVGW
2007Q4,2007,Q4,2008-01-14,2007-10-31,1190000.0,85295000.0,1473000.0,0.0828,7081000.0,0.0830177619,128018000.0,74003000.0,46585000.0,30251000.0,54015000.0,8359000.0,20257000.0,329331250.0,349407250.0,5.148034782608696,1.5399490925919805,0.16437532222031276,0.28435333702687726,0.011519258704582284,5.148034782608696,0.016080429171790332,3.861085057740782,69.18723739495799,4.450241882085861,0.0,9.356860868524944,0.0,0.6662734927900764,0.9420515024296717,0.00929556781077661,83.73538011695906,0.08301776188522188,-0.448,-0.11899568096746337,0.18411565226840035,1.165962009596066,-0.17920482207024457,-0.46444644464446444,-0.6148012552301255,0.007337563650607023,0.22477940875518607,0.5825956667204328,Food Distribution,Consumer Defensive,CVGW
2007Q3,2007,Q3,2007-09-10,2007-07-31,2222000.0,91307000.0,3824000.0,0.15,8627000.0,0.094483446,144656000.0,79834000.0,59485000.0,39859000.0,64822000.0,13314000.0,24097000.0,204061000.0,227562000.0,5.582797202797202,1.4923856594495597,0.1710540869372857,0.3099431319988977,0.02271447305079633,5.582797202797202,0.027832752962396973,2.2348888913226808,22.959158415841586,2.556066337650625,0.0,6.210004506534475,0.0,0.6312009180400399,0.881231340475175,0.015360579581904657,-471.27251732101615,0.09448344595704601,-0.16666666666666666,-0.4112892741061756,-0.0109267031571996,1.4321096725057119,-0.061364378196061366,-0.14109006571318128,-0.1267412651290249,-0.314124183006536,0.03511380275788922,0.6089882178590409,Food Distribution,Consumer Defensive,CVGW
2007Q2,2007,Q2,2007-06-08,2007-04-30,2587000.0,69184000.0,4379000.0,0.18,9191000.0,0.1328486355,145714000.0,79708000.0,59927000.0,39412000.0,66006000.0,14962000.0,21875000.0,201402460.0,220798460.0,5.5763257310759755,1.5205267431239216,0.14387087033503987,0.26300998645054446,0.0265272367334136,5.5763257310759755,0.032455964269583984,2.9111132631822385,19.462935833011212,2.5267533999096705,0.0,4.009691217751637,0.0,0.47479308782958396,0.7784938597381508,0.017753956380306628,30.43252644303415,0.1328486355226642,1.0,-0.07260115421034667,0.004098953230722294,1.8038239946651888,0.31902985074626866,0.9436513899323816,0.8737697903294822,0.04737137207634645,-0.1445432179687386,0.7315607993388938,Food Distribution,Consumer Defensive,CVGW
2007Q1,2007,Q1,2007-03-12,2007-01-31,1331000.0,57293000.0,2337000.0,0.09,6968000.0,0.1216204423,121587000.0,65034000.0,51344000.0,27081000.0,56553000.0,12399000.0,19288000.0,152649240.0,180963240.0,4.550059469670468,1.8959418042169787,0.23444118203426353,0.4383091921148938,0.015247139704565042,4.550059469670468,0.020466217670756834,2.6643610912327857,28.67190833959429,2.3472220684564995,3.435762584522915,4.058795064118074,0.029957568082225633,0.47120991553373304,1.0408404416380488,0.010946893993601289,-18.08854603626022,0.12162044228788857,-0.038461538461538526,2.1237825760144373,-0.08294310374308414,1.314279166524329,-0.002290950744558992,-0.00523168908819133,0.2833607907742998,5.266214468716193,0.1008711595460802,0.502334983869574,Food Distribution,Consumer Defensive,CVGW
