Quarters,Year,Quarter,FillingDate,Date,NetIncome,Revenue,OperatingIncome,EPSDiluted,GrossProfit,GrossProfitRatio,TotalAssets,CommonStockEquity,CurrentAssets,CurrentLiability,TotalLiability,Inventory,RetainedEarnings,MarketCap,EnterpriseValue,bookValuePerShare,currentRatio,debtToAssets,debtToEquity,roic,shareholdersEquityPerShare,roe,priceToSalesRatio,peRatio,pbRatio,payoutRatio,inventoryTurnover,dividendYield,assetTurnover,quickRatio,returnOnAssets,priceToFreeCashFlowsRatio,grossProfitMargin,epsdilutedGrowth,fiveYNetIncomeGrowthPerShare,fiveYRevenueGrowthPerShare,fiveYShareholdersEquityGrowthPerShare,grossProfitGrowth,netIncomeGrowth,operatingIncomeGrowth,threeYNetIncomeGrowthPerShare,threeYRevenueGrowthPerShare,threeYShareholdersEquityGrowthPerShare,Industry,Sector,Symbol
2023Q1,2023,Q1,2023-05-03,2023-03-31,54845000.0,474631000.0,76601000.0,0.73,281703000.0,0.5935200187,7393926000.0,2385311000.0,655700000.0,604587000.0,5008615000.0,101775000.0,831736000.0,3190924050.0,6114073050.0,31.73264244568905,1.0845420096694107,0.39677770645797644,1.2299213813209262,0.016055797409886968,31.73264244568905,0.02299280890416386,6.72295751857759,14.545191220712919,1.337739208849496,0.638690856048865,1.89563252272169,0.010977697823926583,0.06419201382323815,0.7726662994738557,0.00741757491216439,-511.03844490711083,0.593520018709271,-0.31775700934579443,-0.12749687053021067,0.012448214250330065,0.1845495607016329,0.05769779526613,-0.2964621068294936,-0.26029394723627797,0.013115250921884808,0.08797250345713839,0.08911060740070588,Utilities—Diversified,Utilities,AVA
2022Q4,2022,Q4,2023-02-22,2022-12-31,77956000.0,510149000.0,103556000.0,1.07,266336000.0,0.5220749232,7417350000.0,2334668000.0,721802000.0,964534000.0,5082682000.0,107674000.0,811541000.0,3236332260.0000005,6146327260.0,31.986573319267286,0.7483427230144297,0.39413307987353974,1.2521793248547546,0.02074224124871322,31.986573319267286,0.033390614854017786,6.343896116624752,10.378714467135309,1.38620662980775,0.4205320950279645,2.2643627988186563,0.01012967685833345,0.06877779800063365,0.3109418641540889,0.010509953015564857,-15.642692335577674,0.5220749232087096,14.527180783817952,1.509947782846317,0.1385247736197337,0.1983953492765718,0.25830805718551275,14.445325974473956,4.337387898154829,0.41303925634969496,0.28793036093685953,0.10801816955233233,Utilities—Diversified,Utilities,AVA
2022Q3,2022,Q3,2022-11-01,2022-09-30,-5798000.0,359446000.0,19402000.0,-0.0791,211662000.0,0.5888561842,7055799000.0,2234849000.0,463604000.0,685200000.0,4820950000.0,123447000.0,766624000.0,2713134450.0,5423626450.0,30.51863332832621,0.6765966141272621,0.3861865963018504,1.2192568714933314,0.003932781679663822,30.51863332832621,-0.002594358724012226,7.548100270972552,-116.98579035874438,1.2140124232106955,-5.553811659192825,1.1971453336249565,0.011868560365668572,0.050943344616251114,0.2961339754816112,-0.0008217354264201687,-23.350441080280913,0.588856184239079,-1.494375,-2.145788073722096,0.06419332637957628,0.1768750729313169,-0.0429852284904304,-1.5062429057888762,-0.49232017165135933,-2.030769423935642,0.14622076954468843,0.06799293054251881,Utilities—Diversified,Utilities,AVA
2022Q2,2022,Q2,2022-08-03,2022-06-30,11453000.0,378566000.0,38217000.0,0.16,221169000.0,0.5842283776,6937714000.0,2237494000.0,416961000.0,553401000.0,4700220000.0,105791000.0,804882000.0,3159870240.0,5753162240.0,30.809291694205772,0.7534518369139196,0.3769124815465152,1.1686784411488924,0.00843511619026164,30.809291694205772,0.005118672943927448,8.34694674112308,68.97472801885968,1.412236296499566,2.803457609359993,1.4878108723804482,0.010161176745029884,0.05456638887103158,0.3930712087618201,0.0016508319599222454,-44.77766466387031,0.5842283776144714,-0.8383838383838383,-0.5334981949343953,0.06741185324614563,0.17602000174169802,-0.19626932385583148,-0.8399636693914623,-0.53938217888609,-0.5895706421662147,0.1418581480598931,0.07755351914986419,Utilities—Diversified,Utilities,AVA
2022Q1,2022,Q1,2022-05-04,2022-03-31,71565000.0,462046000.0,82969000.0,0.99,275178000.0,0.595564078,7036010000.0,2233300000.0,596076000.0,641925000.0,4802710000.0,76402000.0,825642000.0,3241183050.0,5744875050.0,31.110089570535056,0.9285757681972193,0.3847763149853397,1.212237496082031,0.019352800568830448,31.110089570535056,0.03204450812698697,7.01484927907611,11.322514671976524,1.4512976536963238,0.4467127785928876,2.4458522028219156,0.009863373807289286,0.06566875260268248,0.6717747400397243,0.010171247624719123,49.21098416409821,0.5955640780355203,0.3943661971830986,0.03295385533998159,-0.050894384772592186,0.18783656226865494,0.05001316437148712,0.40662774927766965,0.04131681664721312,-0.4340836149923298,0.06708860906697672,0.09513659635517453,Utilities—Diversified,Utilities,AVA
2021Q4,2021,Q4,2022-02-23,2021-12-31,50877000.0,431804000.0,79677000.0,0.71,262071000.0,0.6069211957,6853583000.0,2154744000.0,434473000.0,913106000.0,4698839000.0,84733000.0,785631000.0,3037929752.27,5618862752.27,30.13732377833565,0.4758187986936894,0.3798160757665005,1.2080790107780786,0.015455906567717214,30.13732377833565,0.023611621612590637,7.035436800654927,14.927814888210783,1.40987966657292,0.5897949957741219,2.0031510745518277,0.0098774502529488,0.06300412499564097,0.27906727148874283,0.0074234163356597565,-38.597961455397865,0.6069211957276913,2.55,0.13924506300427175,-0.036014954626113496,0.17324707287044716,0.35175939011935586,2.5414868439370735,2.2905344015858593,0.019637644761302375,0.06581833300211214,0.11642732048960487,Utilities—Diversified,Utilities,AVA
2021Q3,2021,Q3,2021-11-03,2021-09-30,14366000.0,296007000.0,24214000.0,0.2,193874000.0,0.6549642407105237,6731478000.0,2101636000.0,356275000.0,799186000.0,4629842000.0,87203000.0,765127000.0,2740512480.0,5236121480.0,30.000228395237958,0.44579734880240646,0.37359299101920856,1.1966073097339407,0.008227556563462659,30.000228395237958,0.006835627101933922,9.258269162553589,47.69094528748434,1.3039900724959033,2.0542252540721146,1.1712097060880933,0.010768423867932907,0.043973552316445216,0.2365794696103285,0.0021341524105107377,-39.078720054757014,0.6549642407105237,0.0,0.07039225850663162,-0.11052245789680482,0.17616642607947522,-0.06601405743410879,0.020747477618303253,-0.23740236835474932,0.3312247006504346,-0.06234235668252264,0.1263769255365893,Utilities—Diversified,Utilities,AVA
2021Q2,2021,Q2,2021-08-04,2021-06-30,14074000.0,298255000.0,31752000.0,0.2,207577000.0,0.6959715679535967,6646301000.0,2069966000.0,361954000.0,891909000.0,4576335000.0,82778000.0,780310000.0,2961468680.0,5395042680.0,29.82488041035099,0.4058194277667341,0.37202663556766385,1.1945128567329126,0.005823462500280984,29.82488041035099,0.006799145493210999,9.929317798528105,52.605312633224386,1.430684697236573,2.081426744351286,1.0954359854067506,0.009891713593945556,0.04487533742453133,0.21841578008518805,0.0021175688552173607,-41.33185412625085,0.6959715679535967,-0.7959183673469388,-0.5283757361850615,-0.1456683378164125,0.16910841296435236,-0.25410092313441685,-0.7930811414793361,-0.6883851023112028,-0.47928900396744134,-0.11606497956876935,0.1114072906762158,Utilities—Diversified,Utilities,AVA
2021Q1,2021,Q1,2021-05-05,2021-03-31,68017000.0,412870000.0,101895000.0,0.98,278291000.0,0.6740402548017536,6399496000.0,2068590000.0,350082000.0,492799000.0,4330906000.0,63160000.0,796654000.0,3308740750.0,5656702750.0,29.85279898402436,0.7103951103796883,0.37028056584456026,1.1455189283521625,0.018978258590752754,29.85279898402436,0.032880851207827556,8.014001380579844,12.1614476895482,1.5995150078072504,0.4322301777496802,2.1307631412286256,0.008885253400406181,0.06451601813642824,0.4446965192705342,0.010628493243842952,69.09475953807923,0.6740402548017536,0.15294117647058825,0.09634190692645046,-0.10797506516082758,0.1757329277750347,0.0777658581547649,0.15803183791606368,0.17009060321761998,0.17380737468839733,-0.04461272142035737,0.11437678040090964,Utilities—Diversified,Utilities,AVA
2020Q4,2020,Q4,2021-02-24,2020-12-31,58735000.0,380423000.0,87083000.0,0.85,258211000.0,0.6787470789095297,6402097000.0,2029726000.0,343977000.0,505879000.0,4372371000.0,67451000.0,758036000.0,2781421020.0,5154021020.0,29.291934250212865,0.6799590415889966,0.37281471992692394,1.1759202966311708,0.017516458731089788,29.291934250212865,0.02893740337365733,7.31139026820145,11.838856814505831,1.3703431004973086,0.4762577679407508,1.8118634267838876,0.010057089451348146,0.05942162388354941,0.45026972853192165,0.009174337720906135,-47.95884233395407,0.6787470789095297,11.142857142857142,0.3775871271864806,-0.11257161041904432,0.19965350827120323,0.331938863412445,11.045734208367515,2.055758298827988,0.9919579300095411,-0.10570611586051118,0.09743914818238901,Utilities—Diversified,Utilities,AVA
2020Q3,2020,Q3,2020-11-04,2020-09-30,4876000.0,272646000.0,28498000.0,0.07,193861000.0,0.7110355552621348,6283131000.0,1982851000.0,299662000.0,474839000.0,4300280000.0,69026000.0,727274000.0,2326779280.0,4625186280.0,29.076619643956946,0.6310812717573746,0.379294017584545,1.2018825418551369,0.005400763794648815,29.076619643956946,0.0024590854280024067,8.534067178685914,119.2975430680886,1.1734513990209048,5.654840032813782,1.1413815084171182,0.011850286031427959,0.04339333367392786,0.4208078948864773,0.0007760462100822027,-90.48686629851443,0.7110355552621348,-0.7307692307692307,-0.6576361272267794,-0.20587268637176875,0.20078268857565745,-0.07960043109382937,-0.7206210966596001,-0.1840462692549963,0.0347292396617003,-0.13319193215258443,0.12126740722418707,Utilities—Diversified,Utilities,AVA
2020Q2,2020,Q2,2020-08-05,2020-06-30,17453000.0,278592000.0,34926000.0,0.26,210627000.0,0.7560410923501034,6302624000.0,1975038000.0,352507000.0,656562000.0,4327586000.0,67333000.0,749971000.0,2455633590.0,4728560590.0,29.26806063929106,0.5368982670334256,0.3790994036769447,1.209759508424648,0.014255552528152101,29.26806063929106,0.008836792000964032,8.81444402567195,35.17494972211081,1.2433348573546432,1.5652896350197674,1.0093861850801242,0.011125031075992083,0.04420254167153236,0.35575619667297226,0.002769164081500023,-83.69290719471047,0.7560410923501034,-0.6388888888888888,-0.36195460562201104,-0.2377715279048522,0.20367968200836015,-0.19201865867739745,-0.6395795473319016,-0.5750733030793377,-0.2349271119174284,-0.15460882156770364,0.11718974475704837,Utilities—Diversified,Utilities,AVA
2020Q1,2020,Q1,2020-05-08,2020-03-31,48424000.0,390230000.0,82193000.0,0.72,260683000.0,0.6680239858544961,6173999000.0,1959095000.0,274238000.0,565806000.0,4214904000.0,56681000.0,759837000.0,2856985110.0,4970594110.0,29.136289950772618,0.4846855636030724,0.34540465588024877,1.088527100523456,0.016619284438689014,29.136289950772618,0.02471753539261751,7.321285165159009,14.749840523294234,1.4583188206799569,0.5656079629935569,2.285545420864134,0.009586679294943893,0.06320538762639903,0.3078298922245434,0.007843214746228499,71.87564743767139,0.6680239858544961,-0.04743508667017711,-0.03377881946589982,-0.18996986027810217,0.20471432789971164,0.04754231430729912,-0.04632109658106192,0.12121625492790593,-0.25378243977398773,-0.1441955498279997,0.11247350843912302,Utilities—Diversified,Utilities,AVA
2019Q4,2019,Q4,2020-02-26,2019-12-31,50776000.0,364559000.0,73307000.0,0.755854,248852000.0,0.6826110451257547,6082456000.0,1939284000.0,305129000.0,530713000.0,4143172000.0,66583000.0,738802000.0,3230541737.6400003,5353760737.64,28.868275086310796,0.5749416351210541,0.350699618706654,1.099949775277886,0.01645074550393274,28.868275086310796,0.026182859240833214,8.861505922607865,15.905849897786357,1.6658425159182462,0.5120529383960927,1.7377859213312707,0.008048185756916954,0.05993615079171966,0.3534867244631279,0.00834794365960066,-50.61561672761458,0.6826110451257547,8.448175,0.4612707823697946,-0.17921251941140492,0.21199703649009752,0.3419108527549799,8.975638506876228,1.4239328108983897,0.2101091992205041,-0.13379262584036963,0.12384296273116079,Utilities—Diversified,Utilities,AVA
2019Q3,2019,Q3,2019-11-07,2019-09-30,5090000.0,283770000.0,30243000.0,0.08,185446000.0,0.6535081227754872,5964783000.0,1893568000.0,247646000.0,399185000.0,4071215000.0,67732000.0,714026000.0,3209876600.0,5260631600.0,28.575688523353204,0.6203790222578504,0.34623371881257037,1.0906442229695474,0.0076080297315756495,28.575688523353204,0.0026880471152871195,11.311543151143532,157.65602161100196,1.69514725639639,5.033202357563851,1.4516624342998878,0.007981303704946166,0.047574236983977454,0.3082054686423588,0.0008533420243452276,-96.81133429846786,0.6535081227754872,-0.7894736842105263,-0.5300976586016676,-0.09208895326079469,0.22433204355697317,-0.1267910704279734,-0.7989652039969983,-0.23951418225709112,-0.5990653274009256,-0.09853634463005734,0.12031698560693661,Utilities—Diversified,Utilities,AVA
2019Q2,2019,Q2,2019-08-07,2019-06-30,25319000.0,300812000.0,39768000.0,0.38,212373000.0,0.7059990957807535,5877928000.0,1884034000.0,269767000.0,516735000.0,3993894000.0,67659000.0,734555000.0,2925693600.0,4935436600.0,28.5918900051598,0.5220606306907796,0.3448449861924134,1.0758691191347927,0.010599852707164391,28.5918900051598,0.013438717135678018,9.72598699519966,28.888321023737117,1.552887899050654,1.0086496307121133,1.307128393857432,0.008728870309590861,0.051176537038221635,0.2568511906489787,0.00430747025142193,-57.83946385149161,0.7059990957807535,-0.7840909090909091,-0.7707468035361797,-0.12103992703936932,0.22039346225187342,-0.18045104077427124,-0.7813444565348809,-0.40707608355324953,-0.10635758831590358,-0.0924458319900599,0.12077630111745763,Utilities—Diversified,Utilities,AVA
2019Q1,2019,Q1,2019-05-01,2019-03-31,115794000.0,396481000.0,67071000.0,1.76,259134000.0,0.6535849132745327,5889983000.0,1867310000.0,364803000.0,566642000.0,4021761000.0,61354000.0,734774000.0,2684535720.0,4653232720.0,28.407496995420868,0.6437980241492866,0.33676803481436196,1.062254258800092,0.013387682430969314,28.407496995420868,0.06201112830756543,6.770906348601825,5.795930100005182,1.4376486603724077,0.22121180717481043,2.238598950353685,0.009541687156243164,0.06731445574630691,0.3265924516714257,0.01965947949255541,25.99631747138458,0.6535849132745327,1.521901857896562,1.183751610128067,-0.26137421198820987,0.28368180430753165,0.08156817242717798,1.5258818140174073,-0.1310245646766169,0.9675261331674572,-0.09699125139981649,0.11881065594755096,Utilities—Diversified,Utilities,AVA
2018Q4,2018,Q4,2019-02-20,2018-12-31,45843000.0,372221000.0,77184000.0,0.697886,239591000.0,0.6436794270070737,5782576000.0,1773220000.0,346923000.0,639584000.0,4008531000.0,63881000.0,644595000.0,2790441362.8799996,4880506362.879999,26.994434142940037,0.5424197603442238,0.3639763662423114,1.186948601978322,0.01676300099230793,26.994434142940037,0.02585296804683006,7.496732755218002,15.217379768339766,1.5736577316294649,0.5339310254564492,2.0762041921698158,0.008771730639319873,0.06436940906613246,0.2821834192224946,0.00792778166685574,-21.132663073520945,0.6436794270070737,3.6525733333333332,0.32502737074681604,-0.23900450532548745,0.25009772230177857,0.23186833526998263,3.530388378298251,1.1178794863351993,0.13421687558165968,-0.08405711169239893,0.10555920775831429,Utilities—Diversified,Utilities,AVA
2018Q3,2018,Q3,2018-11-07,2018-09-30,10119000.0,296013000.0,36444000.0,0.15,194494000.0,0.6570454675977069,5557398000.0,1749552000.0,245512000.0,346903000.0,3807047000.0,62766000.0,623229000.0,3311332080.0,5240282080.0,26.634271099744247,0.7077252142529756,0.3509052257909187,1.1146396334604516,0.008544725315333731,26.634271099744247,0.005783766358473484,11.186441406289589,81.8097657871331,1.8926742846168616,2.4180254965905723,1.6174202593760953,0.007389171308967599,0.05326467530308249,0.3633926486654771,0.0018208161445338268,-145.78374922955007,0.6570454675977069,-0.6153846153846154,-0.19023396199572554,-0.19507598541754853,0.23925198026224226,-0.08829085590801063,-0.6043711146733394,-0.31597815274310703,-0.262398221010091,-0.10491987546851982,0.09992055648224944,Utilities—Diversified,Utilities,AVA
2018Q2,2018,Q2,2018-08-01,2018-06-30,25577000.0,319298000.0,53279000.0,0.39,213329000.0,0.6681188106408433,5501780000.0,1762458000.0,259985000.0,289070000.0,3739073000.0,56901000.0,637578000.0,3458550820.0,5338946820.0,26.83523912480777,0.8993842321928944,0.3482016729131299,1.0869643418453092,0.012039560372681956,26.83523912480777,0.014512118870350386,10.831733427707032,33.80528228486531,1.9623450998548617,0.9566016342807991,1.862339853429641,0.007074350291027385,0.05803539945254081,0.5298509011658076,0.004648859096510584,-324.289809657759,0.6681188106408433,-0.5301204819277108,-0.0902429619104579,-0.1722941749231575,0.2431645718964266,-0.16257168989923176,-0.5340316997631627,-0.43444154300150734,-0.03927454914035821,-0.10240396121640945,0.10362734635735422,Utilities—Diversified,Utilities,AVA
2018Q1,2018,Q1,2018-05-02,2018-03-31,54890000.0,409361000.0,94206000.0,0.83,254743000.0,0.6222942586128136,5485183000.0,1758389000.0,309747000.0,669697000.0,3726612000.0,49259000.0,636468000.0,3363998750.0,5205733750.0,26.78878410700955,0.4625181238679582,0.34055527409021724,1.0623405856155834,0.021740912579100755,26.78878410700955,0.031216073348957485,8.217682558914992,15.3215465020951,1.9131140777154545,0.4487884860630352,3.1388781745467833,0.007322832685356973,0.07463032682774667,0.2908882673806214,0.010006958746864051,32.67350521571903,0.6222942586128136,0.9761904761904762,0.18236184147232107,-0.22685286881037808,0.24903997376137388,0.018153404662651227,0.9903546305025746,0.14907786885245902,0.12193685122677732,-0.12954509022318475,0.10765070279205873,Utilities—Diversified,Utilities,AVA
2017Q4,2017,Q4,2018-02-21,2017-12-31,27578000.0,397862000.0,81984000.0,0.42,250201000.0,0.6288637768874635,5514732000.0,1729828000.0,337534000.0,697502000.0,3784248000.0,58075000.0,604470000.0,3337015410.0,5247025410.0,26.691169436343717,0.48391832568222026,0.3492793484796723,1.1135107074229345,0.010527005273258627,26.691169436343717,0.015942625509588238,8.387369012371124,30.250701736891727,1.9291024367740608,0.8427007034592792,2.5425914765389583,0.006964307066235573,0.0721453009865212,0.2898199575054982,0.0050007869829395155,-153.77242569466844,0.6288637768874635,4.999999999999999,0.6039519454005072,-0.10614581700124712,0.26674640496651336,0.3271291267079691,5.195911031228937,1.6410669415630437,-0.17734026430470154,-0.07150275459881998,0.12059408331756175,Utilities—Diversified,Utilities,AVA
2017Q3,2017,Q3,2017-11-01,2017-09-30,4451000.0,297096000.0,31042000.0,0.07,188528000.0,0.6345692974661389,5452232000.0,1670327000.0,316634000.0,673251000.0,3781286000.0,65961000.0,600132000.0,3334609240.0,5247153240.0,25.931922623113707,0.4703060225681061,0.3534809230421596,1.1538219761759225,0.004002302187389953,25.931922623113707,0.0026647476811426742,11.224012575059913,187.29550887441025,1.9963810918460876,5.173444169849472,1.6459422992374282,0.0069054567844956845,0.05449071132703084,0.27095689423409697,0.0008163629133903326,-107.04318310220853,0.6345692974661389,-0.7941176470588235,-0.2948033865511337,-0.20045591776489197,0.215486825201783,-0.10966706021251475,-0.7955537182490469,-0.4466370750664028,-0.5772682777402978,-0.022107663264606142,0.11105927657950619,Utilities—Diversified,Utilities,AVA
2017Q2,2017,Q2,2017-08-02,2017-06-30,21771000.0,314501000.0,56097000.0,0.34,211750000.0,0.6732887971739359,5373004000.0,1687173000.0,320736000.0,682114000.0,3686110000.0,61187000.0,618708000.0,2734466460.0,4589879460.0,26.197931709134952,0.47020879207874344,0.3478171614984839,1.1076653075884928,0.009854532391834299,26.197931709134952,0.012903833809573766,8.694619285789233,31.400331404161502,1.6207386320193602,1.0576454917091545,1.6792946214065079,0.008420655486847697,0.05853355031933719,0.26852402970764416,0.0040519232816502646,-225.8956183395291,0.6732887971739359,-0.6458333333333333,0.09167299148752661,-0.1656502842673159,0.26382142232897937,-0.21830008416886934,-0.6495105930839076,-0.5138318340179918,-0.7983025120497527,-0.05973714075107551,0.11821165290505786,Utilities—Diversified,Utilities,AVA
2017Q1,2017,Q1,2017-05-03,2017-03-31,62116000.0,436470000.0,115386000.0,0.96,270884000.0,0.6206245560977846,5340359000.0,1685676000.0,357292000.0,366825000.0,3654913000.0,47184000.0,619963000.0,2513336100.0,4325134100.0,26.190547217302136,0.9740121311251959,0.34416731159834013,1.090350102866743,0.021310483695081737,26.190547217302136,0.036849311492837294,5.758324970788371,10.11549399510593,1.4909959565183344,0.3729634876682336,3.5093675822312647,0.009217629110567425,0.0817304604428279,0.6535568731684046,0.01163142777479941,39.946852202107536,0.6206245560977846,0.5483870967741935,0.4727710716907694,-0.12159186124806833,0.269943646001641,0.12386942595880976,0.5493751714848719,0.39805895823488785,0.1963949895434609,-0.1695558933537115,0.18350197883070868,Utilities—Diversified,Utilities,AVA
2016Q4,2016,Q4,2017-02-22,2016-12-31,40091000.0,402123000.0,82533000.0,0.62,241028000.0,0.5993887442399465,5309755000.0,1648727000.0,351341000.0,407528000.0,3661279000.0,53314000.0,581014000.0,2566758150.0,4411802150.0,25.687107579652565,0.8621272648750515,0.34908409145054714,1.124231604140649,0.014876086493263663,25.687107579652565,0.024316336179367477,6.383017509567968,16.005825185203662,1.5568121041263958,0.548302611558704,3.021626589638744,0.008564110335054356,0.07573287279733246,0.581645923715671,0.007550442534542554,-176.94458499931062,0.5993887442399465,2.263157894736842,0.4872434260734452,-0.16383910549527322,0.26910279161747097,0.3055922691916019,2.277014876573484,1.084482497348083,0.18591498126815104,-0.15861459319472737,0.18955613249046918,Utilities—Diversified,Utilities,AVA
2016Q3,2016,Q3,2016-11-01,2016-09-30,12234000.0,303349000.0,39594000.0,0.19,184612000.0,0.6085795568800293,5215106000.0,1628787000.0,284375000.0,341882000.0,3586582000.0,58080000.0,562905000.0,2668584030.0,4478561030.0,25.506788605791066,0.831792840804722,0.3484226399233304,1.1155915414354363,0.00709131639862134,25.506788605791066,0.007511111029250602,8.797075414786269,54.53212420304071,1.6383873581996908,1.790501880006539,2.0443698347107437,0.008208473015556494,0.05816736994415837,0.5045015531674671,0.0023458775334576133,-370.89423627519113,0.6085795568800293,-0.5581395348837209,0.03932077526978307,-0.19758972939224692,0.2646894369088287,-0.11678619099333566,-0.5511117634108754,-0.35714633631537074,0.0070892637462494175,-0.15147587337796933,0.18679194078491232,Utilities—Diversified,Utilities,AVA
2016Q2,2016,Q2,2016-08-03,2016-06-30,27254000.0,318838000.0,61591000.0,0.43,209023000.0,0.6555774405811101,5069021000.0,1617027000.0,268719000.0,501714000.0,3452284000.0,51639000.0,572576000.0,2839692800.0,4610612800.0,25.510791026409617,0.5356019564931415,0.3520289223500948,1.1035325940754237,0.011230095888978744,25.510791026409617,0.01685438771275928,8.90638129708504,26.048403904014087,1.7561195947872237,0.7970206208263008,2.1265903677453086,0.007649418979405097,0.06289932513595821,0.31964425947850766,0.005376580605998673,-65.16195415222928,0.6555774405811101,-0.5168539325842697,0.08024020246860596,-0.19381827863613577,0.26200488902663865,-0.1849493476412924,-0.5137729251409405,-0.4194183909129472,0.00444470269477043,-0.1436134258089506,0.18180842203741276,Utilities—Diversified,Utilities,AVA
2016Q1,2016,Q1,2016-05-04,2016-03-31,56052000.0,418173000.0,106085000.0,0.89,256454000.0,0.6132724972678771,4956013000.0,1589591000.0,279224000.0,431841000.0,3366745000.0,43885000.0,565447000.0,2553031900.0,4254799900.0,25.390799456912386,0.6465898328319915,0.34595046461742535,1.0786013509135368,0.020454102312627183,25.390799456912386,0.03526190070275939,6.1052050228015675,11.38689029829444,1.6060935800466913,0.3843752230072076,3.685063233451065,0.008438985819174448,0.08437689731645175,0.405739612496266,0.011309897693972958,154.26174622356496,0.6132724972678771,0.459016393442623,0.22476953885181278,-0.19632857973963494,0.2547273110408496,0.1698102879663545,0.4551024116715558,0.5075958901189478,0.26590531685611374,-0.17193465702605437,0.1838582654874522,Utilities—Diversified,Utilities,AVA
2015Q4,2015,Q4,2016-02-24,2015-12-31,38521000.0,387305000.0,70367000.0,0.61,219227000.0,0.5660319386529996,4906649000.0,1528626000.0,306046000.0,474680000.0,3378362000.0,54148000.0,530940000.0,2214338850.0,3933679850.0,24.416995447647952,0.6447417207381815,0.35254712533951377,1.1316208150325848,0.013560717446248873,24.416995447647952,0.02519975455081884,5.717299931578472,14.37098498221749,1.4485811768215375,0.5339684847226188,3.104048164290463,0.009289002900346531,0.07893472714269963,0.42980112918176455,0.007850775549667401,-39.35832726044685,0.5660319386529996,1.9047619047619049,0.371318902266657,-0.05254655070353021,0.24368382652358606,0.24959102594064034,1.9606486818845592,0.9594286032523948,1.3192760254083522,-0.0992306099811091,0.1588155130166797,Utilities—Diversified,Utilities,AVA
2015Q3,2015,Q3,2015-11-04,2015-09-30,13011000.0,313649000.0,35912000.0,0.21,175439000.0,0.5593481885802282,4739206000.0,1508553000.0,257980000.0,447737000.0,3231009000.0,59735000.0,512988000.0,2071441750.0,3728390750.0,24.214722547713446,0.5761864666087457,0.351591173711377,1.104543890735029,0.007645723008661556,24.214722547713446,0.008624821269123457,6.604330796527329,39.801739873952805,1.3731315704519496,1.5802013680731688,2.3137189252532018,0.009925454094955844,0.06618176124861422,0.269752108938953,0.002745396591749757,-127.35577928066401,0.5593481885802282,-0.47500000000000003,-0.05918749976126036,-0.237406626922318,0.21711539120428663,-0.10588840869246137,-0.48463122870949854,-0.37391910739191075,1.1313217125841173,-0.12727940572322463,0.1349978426369451,Utilities—Diversified,Utilities,AVA
2015Q2,2015,Q2,2015-08-05,2015-06-30,25246000.0,337332000.0,57360000.0,0.4,196216000.0,0.5816702832817521,4679989000.0,1514393000.0,289330000.0,306946000.0,3165984000.0,50873000.0,520537000.0,1908912650.0,3532264650.0,24.315489475120824,0.9426087976386726,0.3503414217426579,1.082674048282051,0.01137529729244713,24.315489475120824,0.01667070568868187,5.658854333416338,18.903119801156617,1.2605133872119059,0.8140299453378753,2.773887916969709,0.010765814768947128,0.07207965659748346,0.5001042528653249,0.0053944571237240085,-174.92097956565564,0.5816702832817521,-0.45945945945945943,-0.1265792354420854,-0.17372712629146633,0.23229244585697326,-0.17183978390241844,-0.4564791491743633,-0.35964275746581076,0.3090125182289308,-0.0746188115105502,0.17301002362553444,Utilities—Diversified,Utilities,AVA
2015Q1,2015,Q1,2015-05-06,2015-03-31,46449000.0,446490000.0,89575000.0,0.74,236930000.0,0.5306501825348832,4689029000.0,1507175000.0,310496000.0,325628000.0,3182270000.0,43785000.0,515842000.0,2130029240.0,3723173240.0,24.185227382136784,0.9535297947350965,0.3444689721475384,1.0716904141854795,0.01833192228270771,24.185227382136784,0.030818584437772654,4.770609061793097,11.464343904066826,1.4132594025245906,0.4460160606256324,4.786113965970081,0.009726157562043609,0.09522014045978389,0.5676600292358152,0.0099058888311418,32.886554370146214,0.5306501825348832,0.4509803921568627,0.41953677668899764,-0.1386783458968926,0.24784122013072812,0.10400775363568164,0.44162011173184357,0.3418872560034755,0.13742863231484376,-0.07195355166747405,0.17270844271474975,Utilities—Diversified,Utilities,AVA
2014Q4,2014,Q4,2015-02-25,2014-12-31,32220000.0,411846000.0,66753000.0,0.51,214609000.0,0.5210904075795322,4712331000.0,1483671000.0,395347000.0,385269000.0,3229089000.0,66356000.0,491599000.0,2201951500.0,3836272500.0,23.81876705731257,1.0261583465059478,0.35151690320565343,1.1164631511972667,0.012615472777149724,23.81876705731257,0.02171640478246188,5.34654094006012,17.085284761018002,1.4841238387755777,0.6133457479826195,2.9724064138887214,0.008974766247122155,0.08739751091338872,0.617648967344894,0.006837380481124947,-23.348264746736792,0.5210904075795322,2.1875,0.2869645163783506,-0.10045279293937785,0.24315427629912997,0.2626286991822086,2.0829585685580327,1.0375129723460106,0.23161769405463295,-0.11756849375369097,0.17679515576391325,Utilities—Diversified,Utilities,AVA
2014Q3,2014,Q3,2014-11-05,2014-09-30,10451000.0,301558000.0,32762000.0,0.16,169970000.0,0.563639498869206,4336346000.0,1492208000.0,265204000.0,270819000.0,2844589000.0,69941000.0,488342000.0,1951905020.0,3452409020.0,23.33981918853818,0.9792665950321063,0.34842584055792597,1.012523053086433,0.00644147431423221,23.33981918853818,0.007003715299743736,6.472734996252794,46.691824227346665,1.3080649748560524,1.9352215099033585,1.881414334939449,0.010361672208824998,0.06954195998197561,0.5293904785114781,0.002410093659500418,-37.741309022003946,0.563639498869206,-0.9041916167664671,0.09872721943607426,-0.18004836502266777,0.23226691244049646,-0.07452983262368097,-0.8963924220043422,-0.47773827931963464,-0.11322056085484856,-0.2032879231436114,0.15724575301512236,Utilities—Diversified,Utilities,AVA
2014Q2,2014,Q2,2014-08-08,2014-06-30,100871000.0,312580000.0,62731000.0,1.67,183658000.0,0.5875551858724166,4202130000.0,1410016000.0,442267000.0,464331000.0,2792585000.0,49437000.0,528285000.0,2017367680.0000002,3295137680.0,23.428419513491956,0.9524821732772526,0.3535675954813392,1.053702227492454,0.014124085806941961,23.428419513491956,0.07153890452306924,6.453924371360932,4.999870329430659,1.430740984499467,0.1894498914455096,2.6078038715941503,0.009472740239399492,0.07438608515205383,0.722719353220009,0.02400473093407391,-169.6407399932728,0.5875551858724166,1.0617283950617282,2.5433420868457883,-0.07571326906175241,0.23952163799558507,-0.32095465217310926,1.079857316645704,-0.32648700880395104,3.2108396943748114,-0.16759178954198697,0.15899110841311978,Utilities—Diversified,Utilities,AVA
2014Q1,2014,Q1,2014-05-07,2014-03-31,48499000.0,490962000.0,93140000.0,0.81,270465000.0,0.5508878487540787,4316078000.0,1330482000.0,504386000.0,570221000.0,2964965000.0,32804000.0,436370000.0,1842739300.0,3230270300.0,22.1297029373607,0.8845447642229942,0.3455268880682879,1.1208877684929222,0.020953754777930024,22.1297029373607,0.0364522030361929,3.7533236788183197,9.498852038186355,1.3850163324268947,0.396234973916988,6.721649798805024,0.01042849631524112,0.11375188307532903,0.6819163096413495,0.011236821948074155,19.762550941615547,0.5508878487540787,0.5283018867924528,0.420016747441958,-0.08507297352543604,0.18584393519249237,0.10228759368619252,0.5315796122023622,0.4044028950542823,0.1034982475214181,-0.01746955593234681,0.09357496631198711,Utilities—Diversified,Utilities,AVA
2013Q4,2013,Q4,2014-02-26,2013-12-31,31666000.0,447676000.0,66320000.0,0.53,245367000.0,0.5480905833683288,4361923000.0,1298266000.0,549679000.0,625340000.0,3043656000.0,44946000.0,407092000.0,1694839180.0,3155286180.0,21.593859153055455,0.8790082195285764,0.35744968446256387,1.2009618984091088,0.015041541647750815,21.593859153055455,0.0243909953738294,3.7858611585164272,13.380591012442368,1.3054637339343402,0.5783174382618581,4.501156943888222,0.01080515497641493,0.10263271497456512,0.6530655323504014,0.007259642134902427,-41.82619333185262,0.5480905833683288,1.7894736842105263,0.6451823490310905,-0.09114396765858473,0.1830578026742122,0.19843801132173158,1.7745553316393585,0.8804048881453969,0.17384219759801253,0.14036581682626456,0.09988689797910238,Utilities—Diversified,Utilities,AVA
2013Q3,2013,Q3,2013-11-07,2013-09-30,11413000.0,335875000.0,35269000.0,0.19,204739000.0,0.6095690360997394,4402002000.0,1289404000.0,485844000.0,550236000.0,3091545000.0,56843000.0,399053000.0,1583841600.0,2989532600.0,21.492215888255494,0.8829738512202037,0.34344032556096066,1.1724990770929824,0.008638170979462621,21.492215888255494,0.008851376294784257,4.7155685895050246,34.693805309734515,1.228351703577777,1.6030842022255323,2.306985908555143,0.011551660216526705,0.07630051054043138,0.6119392406167535,0.002592683965159489,-54.349104385423104,0.6095690360997394,-0.5581395348837209,0.39007253309468265,-0.21332982059807132,0.18091101327046036,-0.09221546797199573,-0.555170129009627,-0.3891967718471823,-0.1430302812126885,-0.15199179180243774,0.08027282563892815,Utilities—Diversified,Utilities,AVA
2013Q2,2013,Q2,2013-08-07,2013-06-30,25657000.0,352048000.0,57742000.0,0.43,225537000.0,0.640642753260919,4347796000.0,1293814000.0,468693000.0,582461000.0,3033375000.0,45322000.0,406195000.0,1609308450.0,2962287450.0,21.58623221048768,0.8046770513390596,0.33505849860481035,1.1259470062930221,0.013128706149323457,21.58623221048768,0.01983051659666691,4.571275649911375,15.680988131893832,1.2438483816066297,0.7125930545270297,2.7913816689466486,0.011360780464428679,0.08097160032347424,0.5592443099194624,0.005901150835963785,-64.87054377620123,0.640642753260919,-0.39436619718309857,-0.03094698998611952,-0.1063042308437161,0.1912846822042634,-0.10952083892670446,-0.3940388748494367,-0.32117749406315393,-0.07764653342809746,-0.10395790880623601,0.09397554652213155,Utilities—Diversified,Utilities,AVA
2013Q1,2013,Q1,2013-05-03,2013-03-31,42341000.0,482906000.0,85062000.0,0.71,253276000.0,0.5244830256820168,4332138000.0,1283976000.0,507014000.0,579783000.0,3027400000.0,30318000.0,398804000.0,1638532420.0,2939368420.0,21.447499415360973,0.8744892485636867,0.32693972352681283,1.1030953849604666,0.019867862721275824,21.447499415360973,0.032976473080493715,3.393067015112672,9.674620462435938,1.2761394449740493,0.4341890838667013,7.57404842008048,0.011219796310163946,0.11147059488871315,0.6663562056838507,0.009773696036460519,48.31291228070175,0.5244830256820168,1.7307692307692306,0.4862303624435715,-0.1382690668400584,0.21087670134748723,0.16071968690136842,1.6700088283516206,1.5737367624810892,0.3469908834810331,-0.030272981085076103,0.10658764610103805,Utilities—Diversified,Utilities,AVA
2012Q4,2012,Q4,2013-02-26,2012-12-31,15858000.0,410528000.0,33050000.0,0.26,218206000.0,0.531525255281004,4313179000.0,1259477000.0,505794000.0,576149000.0,3036044000.0,47455000.0,376940000.0,1441151140.0,2770909140.0,21.070649446247533,0.8778874909094696,0.3290123131917317,1.1267287929831191,0.008188987343075934,21.070649446247533,0.012590940525313284,3.5104819646893755,22.719623218564763,1.1442456988099028,1.0932652289065456,4.052723632915393,0.012029966544660958,0.09517991254246577,0.6251785562415278,0.0036766385072356145,-41.79551463124619,0.531525255281004,1.5999999999999999,-0.0004854282474361173,-0.058829967673296686,0.22232756321355945,0.16793251655239227,1.740753543034912,0.10170339011300376,-0.3399216903417419,-0.06558908628469448,0.09972392359665432,Utilities—Diversified,Utilities,AVA
2012Q3,2012,Q3,2012-11-07,2012-09-30,5786000.0,340632000.0,29999000.0,0.1,186831000.0,0.5484834073134643,4190256000.0,1259744000.0,516316000.0,547853000.0,2906348000.0,51066000.0,377111000.0,1522822130.0,2929789130.0,21.33459786271953,0.9424352882981384,0.35556753573051386,1.1827156946173192,0.008251625427741674,21.33459786271953,0.004592996672339777,4.470578600953521,65.79770696508814,1.2088345965529503,2.9578292430003454,3.0118082481494537,0.01123834469098502,0.08129145331454689,0.43901922596024845,0.0013808225559488489,-795.2073785900783,0.5484834073134643,-0.6774193548387096,2.3360489713770933,0.13871326620620394,0.234743216619334,-0.10001300621889948,-0.6817031576631093,-0.37888983208762084,-0.3413654562317266,0.00285204800279107,0.1263977164554719,Utilities—Diversified,Utilities,AVA
2012Q2,2012,Q2,2012-08-07,2012-06-30,18178000.0,343585000.0,48299000.0,0.31,207593000.0,0.6041969236142439,4216355000.0,1216842000.0,555365000.0,584649000.0,2946517000.0,51137000.0,360947000.0,1567343400.0,2993039400.0,20.72914040407482,0.9499118274383433,0.36029034557099676,1.2484052983049565,0.010814986020750587,20.72914040407482,0.014938669112341619,4.56173406871662,21.555498404664977,1.288041832875591,0.9367367147100891,2.659366016778458,0.01086424327942428,0.08148863176843506,0.4225492560493561,0.0043113068040997495,107.418504557604,0.6041969236142439,-0.5230769230769231,0.15226757274861102,0.016082128508043306,0.1806520519593873,-0.13949304648801011,-0.5264666041471293,-0.38646121795686084,-0.3453321613358351,0.041616564385908765,0.09671154100269118,Utilities—Diversified,Utilities,AVA
2012Q1,2012,Q1,2012-05-04,2012-03-31,38388000.0,452257000.0,78722000.0,0.65,241245000.0,0.5334245793873837,4254004000.0,1208139000.0,607201000.0,605029000.0,2988700000.0,36354000.0,355818000.0,1498501980.0,2959097980.0,20.62339325037128,1.0035899105662704,0.36043666155462006,1.2691412163666598,0.017444846484970057,20.62339325037128,0.031774489524798055,3.313385928797122,9.758921928727727,1.240339050390725,0.4447483588621444,5.804368157561754,0.011393378339079671,0.10631325217371682,0.432093337674723,0.00902396894784302,24.02061393947166,0.5334245793873837,0.5476190476190478,1.4495323482233637,-0.11423671784253864,0.1717387201653022,0.07617467178780295,0.5602975246921107,0.3034522725391175,0.1535403935908314,-0.13503105944947782,0.10512671038860874,Utilities—Diversified,Utilities,AVA
2011Q4,2011,Q4,2012-02-28,2011-12-31,24603000.0,438927000.0,60395000.0,0.42,224169000.0,0.5107204614890403,4214531000.0,1185701000.0,614556000.0,627174000.0,2976847000.0,52006000.0,336150000.0,1508460750.0,2923441750.0,20.240368037418275,0.9798811812989696,0.3534540379463338,1.256339498743781,0.01347512801293153,20.240368037418275,0.020749750569494334,3.4367007497829936,15.32801640043897,1.2722100681369082,0.6524407592570012,4.129485059416221,0.010641311018533297,0.10414610783501177,0.6569596316173821,0.005837660228386029,-35.91316691664881,0.5107204614890403,1.3333333333333333,0.22726511050632794,-0.07492410404091501,0.16305633626949836,0.30091053117220007,1.2989160904503831,0.7316073169333104,0.3118541056758714,-0.08546524057196879,0.10890439573313666,Utilities—Diversified,Utilities,AVA
2011Q3,2011,Q3,2011-11-04,2011-09-30,10702000.0,343710000.0,34878000.0,0.18,172317000.0,0.5013441564109278,3968586000.0,1170918000.0,548253000.0,576552000.0,2746128000.0,64878000.0,326548000.0,1384659450.0,2700831450.0,20.16842069001154,0.9509168297048661,0.3513279036916423,1.190753750476122,0.00990162176229386,20.16842069001154,0.009139837290057887,4.028568997119665,32.34581036254906,1.1825417749150666,1.4909362735937208,2.6417737908073615,0.011523411045221263,0.08660767336275439,0.4640535459073943,0.002696678363527967,270.12474639094813,0.5013441564109278,-0.5384615384615385,-0.10150570556076763,-0.007952935935820504,0.20957606111243832,-0.15853033240388512,-0.5347158819181774,-0.37183920466825154,0.34696347578043935,-0.1681205346349313,0.10817377961112884,Utilities—Diversified,Utilities,AVA
2011Q2,2011,Q2,2011-08-05,2011-06-30,23001000.0,360557000.0,55524000.0,0.39,204781000.0,0.5679573548703811,3842896000.0,1168135000.0,455348000.0,454949000.0,2622941000.0,47683000.0,330543000.0,1484548030.0,2763454030.0,20.21449460951425,1.0008770213804186,0.35099102343649163,1.1546798957312296,0.01362261047092043,20.21449460951425,0.01969036113120487,4.1173740351733565,16.13569007869223,1.2708702590025982,0.6934046345811051,3.2669085418283244,0.01074333714888295,0.09382429292908265,0.5418167750670955,0.005985329813765452,150.93005591703945,0.5679573548703811,-0.4657534246575342,0.44786291396126154,0.06289350634857357,0.1712590931973877,-0.10366576937386471,-0.45128584379025716,-0.3454288240495137,-0.09894099449871895,-0.05064945305135469,0.11558226336113954,Utilities—Diversified,Utilities,AVA
2011Q1,2011,Q1,2011-05-06,2011-03-31,41918000.0,476586000.0,84825000.0,0.73,228465000.0,0.4793783283604638,3823785000.0,1160379000.0,465159000.0,454115000.0,2621161000.0,38397000.0,331284000.0,1326320460.0,2592030460.0,20.23610965784242,1.0243198308798431,0.3471813922592405,1.1440632758779674,0.02143567162109627,20.23610965784242,0.03612440418173717,2.782961438229407,7.910208383033541,1.1430062591618773,0.37644925807528984,6.461989217907649,0.011897577151150937,0.12463723771080225,0.6180306750492717,0.010962436434056831,24.961803365076975,0.4793783283604638,0.6222222222222221,0.1297983734022546,-0.1876046108482095,0.1851602113827947,0.11300293760869883,0.6292121730343192,0.34919120103068185,0.5361477063301977,-0.11211285765621667,0.14248440976968094,Utilities—Diversified,Utilities,AVA
2010Q4,2010,Q4,2011-02-25,2010-12-31,25729000.0,374420000.0,62871000.0,0.45,205269000.0,0.5482319320549116,3940095000.0,1125784000.0,579565000.0,579175000.0,2768189000.0,48530000.0,302518000.0,1291341840.0,2644809840.0,19.632799693069654,1.000673371606164,0.36112860222913407,1.2639023116334926,0.016107691217295564,19.632799693069654,0.022854295317751894,3.4489125580898454,12.547532356484899,1.1470600399366129,0.5556764740176454,3.485493509169586,0.011071429390067621,0.09502816556453587,0.5669374541373505,0.00653004559534732,-33.50218809184071,0.5482319320549116,1.0454545454545454,-0.13843797916519704,-0.3049971272207311,0.20141571628930535,0.25792989336928546,1.0839948161347805,0.6657217041119118,0.6904530226195675,-0.10520442291650307,0.13891658959584158,Utilities—Diversified,Utilities,AVA
2010Q3,2010,Q3,2010-10-29,2010-09-30,12346000.0,367172000.0,37744000.0,0.22,163180000.0,0.4444238667436515,3752627000.0,1106490000.0,458629000.0,531624000.0,2646756000.0,56428000.0,293721000.0,1161262080.0,2357568080.0,19.89517405063291,0.8626943102643974,0.3338962278958181,1.1323988468038573,0.011615158965375407,19.89517405063291,0.01115780531229383,3.162719597354918,23.514945731410982,1.0495007456009544,1.121820832658351,3.6150847097185794,0.011926678945720848,0.09784399035662217,0.4309869381367282,0.003289961938663235,40.39031964105596,0.4444238667436515,-0.5217391304347826,2.1922960831783107,0.20613092847784592,0.23771091563995783,-0.13990849866121313,-0.5166014095536413,-0.38875123483781115,4.026692546122722,0.3031565097184426,0.15143633644044785,Utilities—Diversified,Utilities,AVA
2010Q2,2010,Q2,2010-08-06,2010-06-30,25540000.0,360733000.0,61749000.0,0.46,189724000.0,0.5259402383480303,3661225000.0,1085867000.0,407047000.0,476558000.0,2576015000.0,53461000.0,299349000.0,1074755430.0,2314814430.0,19.731914738965312,0.8541394751530769,0.34922437162425146,1.1774821409988516,0.01624160670322568,19.731914738965312,0.023520375883971056,2.9793654309419986,10.52031548551292,0.9897670985489014,0.5396241190289741,3.198761714146761,0.012823382525269027,0.09852795171015166,0.4460884089659601,0.0069758072776188295,-240.86854101299866,0.5259402383480303,-0.11538461538461538,0.21009795299950584,0.16545774188274145,0.20676399077326166,-0.022560187117149143,-0.11350225616105519,-0.08957006369426751,0.7269255990732549,0.1379573475061693,0.12385391634800119,Utilities—Diversified,Utilities,AVA
2010Q1,2010,Q1,2010-05-07,2010-03-31,28810000.0,456415000.0,67824000.0,0.52,194103000.0,0.42527743391431044,3670236000.0,1063452000.0,426667000.0,505624000.0,2607454000.0,31680000.0,285938000.0,1136336990.0,2365459990.0,19.381654486139716,0.8438424600098097,0.3456796783640071,1.193026107431271,0.01806951420495835,19.381654486139716,0.02709102056322241,2.489701236812988,9.860612547726484,1.0685362291857083,0.4773689691079486,8.280050505050506,0.012102923799039577,0.12435576349858701,0.6254173061405313,0.007849631467840215,29.874516654836082,0.42527743391431044,0.3,1.4982123169799872,0.11191889648230735,0.19788956453885193,0.07561912256105333,0.30639822246406384,0.28025369499971686,0.9627305712707732,-0.04561848160479514,0.10118808997964439,Utilities—Diversified,Utilities,AVA
2009Q4,2009,Q4,2010-02-26,2009-12-31,22053000.0,403292000.0,52977000.0,0.4,180457000.0,0.44745990498199817,3606959000.0,1051287000.0,418923000.0,503417000.0,2556345000.0,37282000.0,274990000.0,1184621710.0,2363171710.0,19.159944595308826,0.8321590252216353,0.3370110389388956,1.1562827277422816,0.014644879229413765,19.159944595308826,0.020977145156365482,2.937379640558206,13.429258037455222,1.126829980775944,0.5225592889856255,5.977013035781342,0.009728000004322055,0.11180942173171361,0.6426541018678352,0.006114014603437411,-29.76286895130898,0.44745990498199817,1.6666666666666667,-0.13709817187409626,0.04673681313151848,0.2331779450367181,0.27991857636303025,1.7095466273497972,1.2302349078050012,0.17448570349793588,-0.09252553967596702,0.10097281447402319,Utilities—Diversified,Utilities,AVA
2009Q3,2009,Q3,2009-10-30,2009-09-30,8139000.0,314692000.0,23754000.0,0.15,140991000.0,0.4480285485490575,3557980000.0,1036162000.0,358421000.0,447279000.0,2510775000.0,42019000.0,264975000.0,1106155320.0,2244234320.0,18.940554966548458,0.8013365259714854,0.3297106785310766,1.132162731310355,0.010818396276489058,18.940554966548458,0.007854949322596274,3.515041119570882,33.977003317360854,1.06755055676622,1.4130728590735964,4.133868012089769,0.010397274046469352,0.08844681532779836,0.548029306093065,0.0022875339377961654,351.2719339472849,0.4480285485490575,-0.6808510638297872,1.7363721166170816,0.1529992108623609,0.2301592578746214,-0.19945604960282537,-0.685169425963175,-0.5910264798044145,-0.27482795328681836,-0.03607012531695801,0.13593633452259196,Utilities—Diversified,Utilities,AVA
2009Q2,2009,Q2,2009-08-07,2009-06-30,25852000.0,307111000.0,58082000.0,0.47,176119000.0,0.5734701785347969,3497842000.0,1033025000.0,356955000.0,621836000.0,2455310000.0,42510000.0,264027000.0,973387739.9999999,2081118740.0,18.901178321806274,0.5740339896693019,0.3265410501675033,1.1056741124367755,0.016750072990967563,18.901178321806274,0.025025531811911618,3.1694981293408566,9.413079645675381,0.942269296483628,0.44445304038372274,3.081439661256175,0.011804134701758213,0.08780013505469944,0.35091085109257103,0.007390842696725581,25.705435867642006,0.5734701785347969,-0.17543859649122803,1.2588052223765194,0.20359958395924277,0.19973947495972477,-0.08295235615725072,-0.16676335976277962,-0.1178980940086567,0.7206124841162145,-0.042763190347941356,0.09516351554697183,Utilities—Diversified,Utilities,AVA
2009Q1,2009,Q1,2009-05-01,2009-03-31,31026000.0,487470000.0,65845000.0,0.57,192050000.0,0.39397296243871416,3543702000.0,1019220000.0,429983000.0,623586000.0,2513382000.0,24723000.0,249398000.0,752608480.0,1883275480.0,18.661564376739417,0.6895327990044677,0.3291250223636186,1.144327034398854,0.019362561713378478,18.661564376739417,0.03044092541355154,1.543907276345211,6.064337007670985,0.7384161221326112,0.31731451041062336,11.949197103911338,0.013081170703790106,0.13755953519793707,0.5118909019766319,0.008755250864773618,15.339634347675437,0.39397296243871416,0.7812499999999998,1.247020319688456,0.2555166636944685,0.19153752291975631,0.23102661401979385,0.774435230197312,0.4955255746343236,-0.12203111171201465,-0.12757719537754456,0.09294444215955262,Utilities—Diversified,Utilities,AVA
2008Q4,2008,Q4,2009-02-27,2008-12-31,17485000.0,447461000.0,44028000.0,0.32,156008000.0,0.3486516143306344,3630747000.0,996883000.0,482227000.0,688544000.0,2633864000.0,53526000.0,227989000.0,1058458080.0,2226213080.0,18.252581661051707,0.7003575661105172,0.32832582385938763,1.1957952939311836,0.01275806477182635,18.252581661051707,0.017539671154990104,2.365475605695245,15.133801544180724,1.0617676096392454,0.5612239062053188,5.4450734222620785,0.00927103319953871,0.12324213171559462,0.3531495445461728,0.004815813384959073,-12.231843111876394,0.3486516143306344,1.4615384615384615,0.02629557977035648,0.07432716453556512,0.17477068743267524,0.1877093611060357,1.3760021742084523,0.7380388441496921,-0.38527309358787826,-0.12796142567076657,0.11695422014529873,Utilities—Diversified,Utilities,AVA
2008Q3,2008,Q3,2008-11-05,2008-09-30,7359000.0,382685000.0,25332000.0,0.13,131352000.0,0.3432379110756889,3385084000.0,978652000.0,392169000.0,595127000.0,2406432000.0,70542000.0,217558000.0,1167411830.0,2240113830.0,18.19969129488777,0.6589669095840047,0.3213308739162751,1.1114594360405947,0.006217843274758118,18.19969129488777,0.00751952685939435,3.0505816271868507,39.65932293789917,1.1928773762277092,1.3141731213480092,3.562884522695699,0.008284137398196487,0.11305037038962697,0.18208214381132096,0.002173949006878411,-29.177272000199945,0.3432379110756889,-0.7045454545454546,0.5294914243414189,0.5313522210492325,0.1576165955590757,-0.18768089053803338,-0.6874495646634105,-0.5515666489644184,1.735041959888099,0.30017503432983517,0.1322321945830633,Utilities—Diversified,Utilities,AVA
2008Q2,2008,Q2,2008-08-01,2008-06-30,23545000.0,350310000.0,56490000.0,0.44,161700000.0,0.46159116211355655,3399869000.0,965821000.0,447038000.0,616026000.0,2434048000.0,46093000.0,244461000.0,1143839460.0,2189069460.0,18.12012907825369,0.7256804095931015,0.30901602385268373,1.0877937009031695,0.01789981532321244,18.12012907825369,0.02437822329396441,3.265220690245782,12.145248035676365,1.1843182742972043,0.37515396050116795,4.0919445468943225,0.007722237524486172,0.10303632287008706,0.25122803258304033,0.006925266826457137,48.767403965039435,0.46159116211355655,-0.06382978723404249,1.3751035256449902,0.450185759789698,0.014920346105661125,-0.06076289055012459,-0.06682255954976021,-0.043531264286077107,0.1517822351376527,0.16851755180677508,0.10819044016134229,Utilities—Diversified,Utilities,AVA
2008Q1,2008,Q1,2008-05-02,2008-03-31,25231000.0,496307000.0,59061000.0,0.47,172161000.0,0.3468840858581483,3322835000.0,939110000.0,438583000.0,640297000.0,2383725000.0,21416000.0,223745000.0,1037071199.9999999,2098604200.0,17.712372689551113,0.6849680695052452,0.3234102806789985,1.144316427255593,0.0183530986249906,17.712372689551113,0.026866927197026973,2.0895760083980277,10.275763941183465,1.1043128068064443,0.3469541437121002,15.13569293985805,0.008441079069595223,0.1493625172480728,0.36987679155142067,0.007593214830107423,-245.11255022453318,0.3468840858581483,0.8076923076923075,0.4188114439049804,0.44371264642165836,-0.005243554406287615,0.15415711355134548,0.7928657713351809,0.35653911525563875,1.2641639553369273,0.25126968902812924,0.09471905111141844,Utilities—Diversified,Utilities,AVA
2007Q4,2007,Q4,2008-02-27,2007-12-31,14073000.0,386903000.0,43538000.0,0.26,149166000.0,0.3855384941445272,3189797000.0,913966000.0,332185000.0,763649000.0,2275831000.0,34985000.0,206641000.0,1142050800.0,2188379800.0,17.238136552244438,0.43499696850254504,0.33301053327218,1.1622270412684936,0.012774271961497155,17.238136552244438,0.015397728143060027,2.951775509623859,20.287976977190365,1.2495550162697517,0.5642720102323598,6.7953980277261685,0.006953280887330057,0.12129392560090814,0.15890415622884335,0.004411879502049817,37.44428852459016,0.3855384941445272,4.714285714285714,0.11240686151467483,0.3231562330017663,-0.019959590418245153,0.27118557403872373,4.631741935483871,2.66296483257614,-0.4301405940369111,0.03921955479151159,0.10948597497322224,Utilities—Diversified,Utilities,AVA
2007Q3,2007,Q3,2007-11-02,2007-09-30,-3875000.0,267662000.0,11886000.0,-0.07,117344000.0,0.43840365834522643,3160122000.0,912896000.0,362216000.0,631051000.0,2247226000.0,37572000.0,208386000.0,1091022100.0,2160732100.0,17.27857061740546,0.5739884731978874,0.3405621681694567,1.1789053736679753,0.0038495691650652004,17.27857061740546,-0.004244733244531688,4.076118761721873,-70.38852258064516,1.1951220073261355,-2.047225806451613,4.000798466943468,0.0072711634347278585,0.08469989449774408,0.18893243176858923,-0.001226218481438375,-21.248020332249208,0.43840365834522643,-1.2692307692307692,-1.1737661659141294,0.27742530677732513,-0.035572866833267096,-0.21822263972444852,-1.2732144116195445,-0.7044606892436223,0.6369892695086845,0.015433519810714294,0.12221598814721085,Utilities—Diversified,Utilities,AVA
2007Q2,2007,Q2,2007-08-08,2007-06-30,14183000.0,304005000.0,40218000.0,0.26,150099000.0,0.49373858982582525,3305130000.0,926590000.0,561189000.0,784351000.0,2378540000.0,29437000.0,222095000.0,1137301250.0,2126499250.0,17.557366177167218,0.7154819717192941,0.3305467561033908,1.1790543821970882,0.01229798863078453,17.557366177167218,0.015306662061969156,3.7410610022861466,20.04690915180145,1.2274050550944864,0.5592610872170909,5.228318103067568,0.006974405418089534,0.09197974058509045,0.37093214644974,0.00429120791012759,75.76957028647568,0.49373858982582525,0.0,0.2410834124184147,-0.6337598414402679,-0.03188485401502673,-0.0090774654396134,0.006314743862636583,0.032899298867401186,0.2833539430161378,0.23384638737892277,0.11444191046906331,Utilities—Diversified,Utilities,AVA
2007Q1,2007,Q1,2007-05-04,2007-03-31,14094000.0,459187000.0,38937000.0,0.26,151474000.0,0.3298743213549164,3904629000.0,927274000.0,1203025000.0,1108086000.0,2977355000.0,19495000.0,225724000.0,1276533320.0,2271385320.0,17.600675726975933,1.0856783679245112,0.2760987023351002,1.1626153650377342,0.012680542168765028,17.600675726975933,0.0151993909027968,2.779985757436513,22.643204909890734,1.3766516908702282,0.5424294025826593,15.784201077199281,0.005988876185386215,0.11760067345706852,0.3087693554471404,0.0036095618815513587,26.381741376816088,0.3298743213549164,-0.23529411764705885,0.14891211650493416,-0.44602306641196954,-0.026106008033737985,-0.0033884031081196668,-0.2182594708525154,-0.2547799957893931,0.0581728817992567,0.22604192374535173,0.12379997378864052,Utilities—Diversified,Utilities,AVA
