Quarters,Year,Quarter,FillingDate,Date,NetIncome,Revenue,OperatingIncome,EPSDiluted,GrossProfit,GrossProfitRatio,TotalAssets,CommonStockEquity,CurrentAssets,CurrentLiability,TotalLiability,Inventory,RetainedEarnings,MarketCap,EnterpriseValue,bookValuePerShare,currentRatio,debtToAssets,debtToEquity,roic,shareholdersEquityPerShare,roe,priceToSalesRatio,peRatio,pbRatio,payoutRatio,inventoryTurnover,dividendYield,assetTurnover,quickRatio,returnOnAssets,priceToFreeCashFlowsRatio,grossProfitMargin,epsdilutedGrowth,fiveYNetIncomeGrowthPerShare,fiveYRevenueGrowthPerShare,fiveYShareholdersEquityGrowthPerShare,grossProfitGrowth,netIncomeGrowth,operatingIncomeGrowth,threeYNetIncomeGrowthPerShare,threeYRevenueGrowthPerShare,threeYShareholdersEquityGrowthPerShare,Industry,Sector,Symbol
2023Q1,2023,Q1,2023-05-11,2023-03-31,3144164.0,0.0,-326040.0,0.2,-326040.0,0.0,43037849.0,35810241.0,1755107.0,331794.0,7227608.0,0.0,-5372889.0,162270467.54,160580110.54,2.2266857128573476,5.289749061164457,0.0,0.0,-0.020316024533716472,2.2266857128573476,0.08780069366190527,0.0,12.902513000276066,4.531398365623956,0.0,0.0,0.0,0.0,5.094597852884621,0.07305578863850747,134.87964811865584,0.0,-0.6666666666666666,11.99885250579366,0.0,-0.6974861981228724,0.7333566685776487,-0.6874403294668352,-0.03898587025104683,11.99885250579366,0.0,-0.6974861981228724,Shell Companies,Financial Services,ATAQ
2022Q4,2022,Q4,2023-03-30,2022-12-31,10059404.0,0.0,-313806.0,0.6,-1222757.0,0.0,157696260.0,151935808.0,672294.0,221303.0,5760452.0,0.0,-4988546.0,38280007.370000005,37701196.370000005,39.968476802307364,3.03788922879491,0.0,0.0,-0.0102755909605676,39.968476802307364,0.06620825026316376,0.0,0.9513487918866763,0.2519485556031663,0.0,0.0,0.0,0.0,2.615468384974447,0.06378974365022988,-336.64591830094105,0.0,0.6216216216216216,17.849845344860082,0.0,4.4781177676690245,-4.095755055093433,0.39064974563149746,-0.3077647568720932,17.849845344860082,0.0,4.4781177676690245,Shell Companies,Financial Services,ATAQ
2022Q3,2022,Q3,2022-11-07,2022-09-30,7233600.0,0.0,-239956.0,0.37,-239956.0,0.0,156839599.0,149913876.0,944481.0,218178.0,6925723.0,0.0,-5881630.0,192510000.0,191817479.0,7.7250306473429955,4.328947006572615,0.0,0.0,-0.0035163735818233947,7.7250306473429955,0.0482517041984826,0.0,6.653326144658261,1.2841373002723242,0.0,0.0,0.0,0.0,3.1741101302606127,0.046121005448375316,-4106.704780596028,0.0,1.176470588235294,1.8137325833780662,0.0,-0.7863189159535173,0.20009867258702188,1.1369925174537598,0.20009867258702188,1.8137325833780662,0.0,-0.7863189159535173,Shell Companies,Financial Services,ATAQ
2022Q2,2022,Q2,2022-08-10,2022-06-30,3384944.0,0.0,-299982.0,0.17,-299982.0,0.0,156636663.0,146621198.0,1149833.0,183574.0,10015465.0,0.0,-8629190.0,190375312.5,189635914.5,7.555359639291465,6.263593973002712,0.0,0.0,-0.0048290500083370625,7.555359639291465,0.023086320710597387,0.0,14.060447713462912,1.298416020990362,0.0,0.0,0.0,0.0,4.02779260679617,0.021610164154224863,-574.5219366676424,0.0,-0.5641025641025641,1.2226612371947114,0.0,-0.7902435447538428,0.0,-0.5533393548846811,0.1870692902418072,1.2226612371947114,0.0,-0.7902435447538428,Shell Companies,Financial Services,ATAQ
2022Q1,2022,Q1,2022-05-11,2022-03-31,7578335.0,0.0,-369013.0,0.39,0.0,0.0,156842356.0,145187069.0,1572230.0,305989.0,11655287.0,0.0,-10063319.0,189987187.49999997,188916426.49999997,7.481459272141707,5.138191242168836,0.0,0.0,-0.005352451555184132,7.481459272141707,0.05219703829133709,0.0,6.267444877403809,1.3085682410187645,0.0,0.0,0.0,0.0,3.4993447476870085,0.04831816604438153,-2482.648870971957,0.0,1.7857142857142856,22.96962713004354,0.0,0.016418560974289412,0.0,1.7816998084683562,-1.0991216992616357,22.96962713004354,0.0,0.016418560974289412,Shell Companies,Financial Services,ATAQ
2021Q4,2021,Q4,2022-03-04,2021-12-31,2724354.0,0.0,-175794.0,0.14,0.0,0.0,157066186.0,141588459.0,1808162.0,172908.0,15477727.0,0.0,-13661929.0,189405000.0,188257713.0,7.296023652173913,10.457364610081662,0.0,0.0,-0.002657275446344923,7.296023652173913,0.019241356387669988,0.0,17.380725852807675,1.3377149616410473,0.0,0.0,0.0,0.0,6.6352453327781244,0.017345261060837117,-3011.35189277708,0.0,4.284015852047556,0.0,0.0,0.0,0.0,4.298609004130977,0.4534856247512933,0.0,0.0,0.0,Shell Companies,Financial Services,ATAQ
2021Q3,2021,Q3,2021-12-13,2021-09-30,514164.0,0.0,-321664.0,0.026495,0.0,0.0,157260602.0,140315533.0,2005286.0,194238.0,16945069.0,0.0,-14934855.0,37803375.0,36593191.0,36.15215020933977,10.323860418661642,0.0,0.0,-0.002292433297459662,36.15215020933977,0.003664341281446011,0.0,18.38099079282097,0.2694168934240517,0.0,0.0,0.0,0.0,6.230418352742512,0.0032695029362789798,-234.13751563874197,0.0,1.033821950631058,0.0,0.0,0.0,0.0,1.1691082516593798,0.09593645832747795,0.0,0.0,0.0,Shell Companies,Financial Services,ATAQ
2021Q2,2021,Q2,2021-06-30,2021-06-30,-3040443.0,0.0,-355798.0,-0.783367,0.0,0.0,157535704.0,139801369.0,2282774.0,150062.0,17734335.0,0.0,-3385389.0,37842187.5,36470545.5,36.019676392914654,15.212205621676373,0.0,0.0,-0.0025450251492172443,36.019676392914654,-0.021748306341692548,0.0,-3.1115685691196973,0.2706853857775885,0.0,0.0,0.0,0.0,9.14050192587064,-0.01930002483754413,-367.2572544642857,0.0,-42.28951149425287,0.0,0.0,0.0,0.0,-7.814257883842688,-2.8752042172217744,0.0,0.0,0.0,Shell Companies,Financial Services,ATAQ
2021Q1,2021,Q1,2021-03-31,2021-03-31,-344946.0,0.0,-91814.0,-0.018096,0.0,0.0,157778839.0,142841812.0,2528269.0,39759.0,14937027.0,0.0,-344946.0,190181250.0,188706568.0,7.360608669887279,63.589853869564124,0.0,0.0,-0.0006427669791811378,7.360608669887279,-0.0024148811553860714,0.0,-137.83407402897845,1.331411631770675,0.0,0.0,0.0,0.0,37.09052038532156,-0.00218626275986224,-172.79119822794334,0.0,0.0,0.0,0.0,0.0,0.0,0.0,0.0,0.0,0.0,0.0,Shell Companies,Financial Services,ATAQ
