Quarters,Year,Quarter,FillingDate,Date,NetIncome,Revenue,OperatingIncome,EPSDiluted,GrossProfit,GrossProfitRatio,TotalAssets,CommonStockEquity,CurrentAssets,CurrentLiability,TotalLiability,Inventory,RetainedEarnings,MarketCap,EnterpriseValue,bookValuePerShare,currentRatio,debtToAssets,debtToEquity,roic,shareholdersEquityPerShare,roe,priceToSalesRatio,peRatio,pbRatio,payoutRatio,inventoryTurnover,dividendYield,assetTurnover,quickRatio,returnOnAssets,priceToFreeCashFlowsRatio,grossProfitMargin,epsdilutedGrowth,fiveYNetIncomeGrowthPerShare,fiveYRevenueGrowthPerShare,fiveYShareholdersEquityGrowthPerShare,grossProfitGrowth,netIncomeGrowth,operatingIncomeGrowth,threeYNetIncomeGrowthPerShare,threeYRevenueGrowthPerShare,threeYShareholdersEquityGrowthPerShare,Industry,Sector,Symbol
2023Q1,2023,Q1,2023-05-05,2023-03-31,29124000.0,140309000.0,29120000.0,0.56,130748000.0,0.931857543,566427000.0,341856000.0,318301000.0,109179000.0,224571000.0,0.0,542983000.0,5097349080.0,4988149080.0,6.685754517718846,2.91540497714762,0.0290399292406612,0.048116750912664985,0.06368001146722872,6.685754517718846,0.08519376579612468,36.32945199523908,43.7555716934487,14.910807708508845,0.49787117154237054,0.0,0.0028446158527561547,0.24770888393385201,2.7359931855027066,0.05141704050124729,-412.04018106862827,0.9318575429943909,0.2727272727272728,0.47699952716515764,0.5004863931210618,0.15004789655951992,0.026642063523222487,0.2930207778369739,0.3215339233038348,0.1394076015664662,0.36162893729522544,0.08657435391693992,Consulting Services,Industrials,EXPO
2022Q4,2022,Q4,2023-02-24,2022-12-30,22524000.0,127355000.0,22035000.0,0.44,127355000.0,1.0,586662000.0,320752000.0,349157000.0,159029000.0,265910000.0,0.0,528810000.0,5063994450.0,4921137450.0,6.276333039819979,2.195555527608172,0.03170650221081304,0.05799184416620941,0.04543191618207049,6.276333039819979,0.07022247717863021,39.762823995916925,56.206651238678745,15.787881135581385,0.5395578050079914,0.0,0.0023998841467924594,0.21708411316908202,2.084978211521169,0.03839348722092108,134.55545237146274,1.0,-0.06382978723404249,7.2721832600738265,0.488350677414119,0.14472387597391861,0.07602423177336363,-0.07847148351198756,-0.4014342759351316,0.2142987131509379,0.1922410712856635,-0.05598127950881996,Consulting Services,Industrials,EXPO
2022Q3,2022,Q3,2022-11-04,2022-09-30,24442000.0,127179000.0,36813000.0,0.47,118357000.0,0.930633202,559003000.0,319800000.0,332512000.0,137917000.0,239203000.0,0.0,518631000.0,4514303640.0,4384417640.0,6.210673502680028,2.4109573149067915,0.03319660180714594,0.05802689180737961,0.07530794692493342,6.210673502680028,0.07642901813633521,35.49566862453707,46.17363186318632,14.116021388367729,0.5001636527289093,0.0,0.0027080588668599173,0.22751040692089308,2.2800452446036386,0.04372427339388161,172.12428565981622,0.9306332020223465,-0.04081632653061228,0.709649337284944,0.4877666468222969,0.0915598732699205,-0.02607672432236723,-0.050980392156862744,-0.18693818053316252,0.2766171821874138,0.28426499043926096,-0.08212914196325323,Consulting Services,Industrials,EXPO
2022Q2,2022,Q2,2022-08-05,2022-07-01,25755000.0,130281000.0,45277000.0,0.49,121526000.0,0.9327991035,566704000.0,337494000.0,342534000.0,127534000.0,229210000.0,0.0,506605000.0,4752605100.0,4603507100.0,6.504027751011756,2.6858249564821928,0.029152785228267315,0.04895198136855766,0.08882048112060353,6.504027751011756,0.07631246777720493,36.479648605706124,46.13283925451369,14.082043236324202,0.4793244030285381,0.0,0.0025975227775604584,0.22989250119992094,2.5671036743143003,0.04544700584432085,176.93987714072972,0.9327991034763319,-0.1250000000000001,0.9013529188369852,0.5100304198035568,0.18731504285070455,-0.05411043135789785,-0.13016312607653077,0.3792189594248812,0.24699291888093353,0.243382169105551,-0.002318021337333878,Consulting Services,Industrials,EXPO
2022Q1,2022,Q1,2022-05-06,2022-04-01,29609000.0,128478000.0,32828000.0,0.56,128478000.0,1.0,617548000.0,386564000.0,376691000.0,109110000.0,230984000.0,0.0,493387000.0,5679074460.0,5480988460.0,7.374501612010912,3.4523966639171477,0.027469929462972918,0.04388406576918699,0.07046020598934873,7.374501612010912,0.07659533738268437,44.20269976182693,47.95057634503023,14.69116229136702,0.42264176432841366,0.0,0.0022035280727768446,0.20804536651401997,3.3228668316377967,0.04794607058884492,-633.9667849966511,1.0,0.47368421052631593,0.7925613960675199,0.5326719714242676,0.36256224090979083,0.13190492132574488,0.4528459273797841,0.4042261955684832,0.30658188338161035,0.30024704221079623,0.17695591334936914,Consulting Services,Industrials,EXPO
2021Q4,2021,Q4,2022-02-25,2021-12-31,20380000.0,113506000.0,23378000.0,0.38,113506000.0,1.0,683739000.0,417065000.0,452762000.0,152982000.0,266674000.0,0.0,478370000.0,6145484310.0,5862768310.0,7.921913879233385,2.959576943692722,0.02189578186998255,0.03589608334432283,0.0371960477930384,7.921913879233385,0.048865284787742914,54.14237405952108,75.38621577526987,14.735075611715201,0.511432777232581,0.0,0.0016960420813441144,0.16600778952202522,2.8601273352420544,0.02980669524482295,116.38954394803129,1.0,-0.1739130434782609,0.9572955228084286,0.47041167306098974,0.5222121581909167,-0.024904428503930244,-0.1706681858875234,-0.27214421370528347,0.2755253469027414,0.2363386106493157,0.3334629063353164,Consulting Services,Industrials,EXPO
2021Q3,2021,Q3,2021-11-05,2021-10-01,24574000.0,116405000.0,32119000.0,0.46,116405000.0,1.0,638305000.0,404989000.0,417560000.0,126418000.0,233316000.0,0.0,468578000.0,6027918080.0,5814446080.0,7.696776768406249,3.3030106472179597,0.025556747949647896,0.040280106373259524,0.05568627016406808,7.696776768406249,0.06067819125951569,51.78401340148619,61.324144217465616,14.884152606614007,0.42406608610726787,0.0,0.0017287892538844856,0.18236579691526777,2.8852457719628535,0.03849883676298948,253.96747756477777,1.0,-0.04166666666666659,1.1963359469056773,0.5132864691139998,0.5314399810910935,-0.028963020429273338,-0.032519685039370076,0.09352444504970721,0.41908834974123366,0.23104318929855447,0.23452356860492315,Consulting Services,Industrials,EXPO
2021Q2,2021,Q2,2021-08-06,2021-07-02,25400000.0,119877000.0,29372000.0,0.48,119877000.0,1.0,618871000.0,387767000.0,397809000.0,122966000.0,231104000.0,0.0,454583000.0,4777860490.0,4555399490.0,7.366814218135532,3.235113771286372,0.028264371734981926,0.04510956321708655,0.050905690428437,7.366814218135532,0.0655032532422821,39.85635684910366,47.02618592519685,12.321472662707244,0.4101968503937008,0.0,0.0021806831785496526,0.1937027264163291,3.35617162467674,0.04104247896572953,112.58979380714487,1.0,-0.17241379310344826,1.458776804345605,0.5693174560520753,0.40609660951920684,0.02915496948000103,-0.1766078838174274,0.22088286640618504,0.3882782176556575,0.262504323795271,0.2250368234847138,Consulting Services,Industrials,EXPO
2021Q1,2021,Q1,2021-05-07,2021-04-02,30848000.0,116481000.0,24058000.0,0.58,116481000.0,1.0,577022000.0,377608000.0,353555000.0,87942000.0,199414000.0,0.0,439717000.0,5192658240.0,5026985240.0,7.187604690117253,4.020320211048191,0.032664265833885014,0.04991419673312006,0.05931696842504894,7.187604690117253,0.0816931844664308,44.5794442012002,42.08261670124482,13.751451876019576,0.3868970435684647,0.0,0.002298437418442543,0.20186578674643255,3.8517545655090855,0.05346069993865052,-4221.673365853659,1.0,0.4146341463414634,1.0283854967265504,0.4138175361060525,0.39843665626387853,0.12826548106820096,0.41245421245421243,0.3566031352204804,0.5226220791391778,0.21237619247376294,0.2363734913185303,Consulting Services,Industrials,EXPO
2020Q4,2020,Q4,2021-02-26,2021-01-01,21840000.0,103239000.0,17734000.0,0.41,103239000.0,1.0,580096000.0,361498000.0,366832000.0,117308000.0,218598000.0,0.0,421809000.0,4717752060.0,4540557060.0,6.8985534903247965,3.1270842568281787,0.035045923433362755,0.056238208786770605,0.035896998780030796,6.8985534903247965,0.060415272007037384,45.69738238456397,54.003572115384614,13.050561994810483,0.450503663003663,0.0,0.0020855271482834135,0.17796881895410416,3.0184727384321617,0.03764894086496028,117.87896806756284,1.0,0.20588235294117632,1.2418001250388202,0.4166702154158553,0.39076711550961307,0.09269588594532234,0.20769741207697412,-0.13098446611456854,6.931183823839588,0.17665349280452433,0.2582090274617598,Consulting Services,Industrials,EXPO
2020Q3,2020,Q3,2020-11-06,2020-10-02,18084000.0,98663000.0,20407000.0,0.34,94481000.0,0.9576132897,534666000.0,343197000.0,328649000.0,96371000.0,191469000.0,0.0,409995000.0,3700833839.9999995,3534054839.9999995,6.560077223029284,3.410247896151332,0.039001918955011164,0.06076102063829229,0.03891498934580283,6.560077223029284,0.052692768293429136,37.509845028024685,51.161715328467146,10.783409645189206,0.5423578854235789,0.0,0.0026502135529543258,0.18453202560102944,3.29644810160733,0.0338229848166893,139.28093936998982,0.9576132896830626,0.09677419354838718,0.5690329427724101,0.2699549901212736,0.3589240497132655,0.07532180781443838,0.1063257065948856,1.237609649122807,0.24500194623632016,0.13600164092895345,0.1529694902043629,Consulting Services,Industrials,EXPO
2020Q2,2020,Q2,2020-08-07,2020-07-03,16346000.0,92045000.0,9120000.0,0.31,87863000.0,0.9545657016,513187000.0,332567000.0,314270000.0,89783000.0,180620000.0,0.0,401956000.0,4300393110.0,4165155110.0,6.363822499473775,3.5003285699965474,0.0403244821088609,0.06222505540237005,0.018616120876062365,6.363822499473775,0.049150998144734746,46.72055092617741,65.77133717729109,12.93090748631103,0.6007585953750153,0.0,0.0022835121694258316,0.17935957068281153,3.3357428466413466,0.031851937013213504,91.77108642765685,0.9545657015590201,-0.3673469387755102,0.42871244236763695,0.17830295332601784,0.30976686005356396,-0.11890292819895708,-0.37805342059204017,-0.7465821940646882,0.1982163786607894,0.05932053354054006,0.16172047120826102,Consulting Services,Industrials,EXPO
2020Q1,2020,Q1,2020-05-08,2020-04-03,26282000.0,105953000.0,35988000.0,0.49,99720000.0,0.9411720291,483663000.0,323497000.0,293396000.0,77099000.0,160166000.0,0.0,395646000.0,3713898000.0,3630196000.0,6.153057536852116,3.805444947405284,0.04526292066997062,0.06767296141849848,0.10705631719786515,6.153057536852116,0.08124341183998615,35.05231564939171,35.32739137051975,11.480471225390035,0.392207594551404,0.0,0.002775520490869701,0.2190636869059655,3.6220314141558254,0.054339488445467196,-245.49828133262824,0.9411720291072456,0.36111111111111116,1.5758666422399434,0.3363707660351595,0.29074137961907365,-0.024457053414204656,0.3745097013754511,0.6856206088992974,0.5864199424613118,0.2602106812623195,0.13688006416665924,Consulting Services,Industrials,EXPO
2019Q4,2019,Q4,2020-02-28,2020-01-03,19121000.0,110114000.0,21350000.0,0.36,102220000.0,0.9283106599,563411000.0,350251000.0,364044000.0,123960000.0,213160000.0,0.0,384668000.0,3711903259.9999995,3559569259.9999995,6.648526034054023,2.936786060019361,0.04277871749042884,0.06881350802710057,0.038220572383497825,6.648526034054023,0.05459227810912745,33.70963964618486,48.531761675644574,10.597837722090729,0.4330317452016108,0.0,0.0022306615824896256,0.19544169354165963,2.8375201677960633,0.033937924534664744,74.60812148255346,0.928310659861598,0.0,1.0879814419012253,0.5098326312624357,0.44712563156078283,0.07029924821477185,-0.026078541231599858,-0.07910628019323672,0.835195953541019,0.4255494277854514,0.2775280465514532,Consulting Services,Industrials,EXPO
2019Q3,2019,Q3,2019-11-01,2019-09-27,19633000.0,101548000.0,23184000.0,0.36,95506000.0,0.9405010438,544491000.0,357279000.0,351532000.0,101034000.0,187212000.0,0.0,374033000.0,3677131280.0,3568921280.0,6.766391424567251,3.479343587307243,0.04524041719697846,0.06894611773991755,0.044409546487088884,6.766391424567251,0.05495145250630459,36.21077007917438,46.823349462639435,10.292044256729335,0.42398003361686953,0.0,0.002263721190830043,0.18650078697352207,3.3483876714769285,0.036057528958238064,160.26548465829848,0.9405010438413361,-0.07692307692307698,0.8145233642884631,0.3189594867129882,0.5155195533004016,-0.04744521907383581,-0.06482804610841193,-0.06602747451959876,0.748612369090068,0.31554240583442195,0.3463197215007584,Consulting Services,Industrials,EXPO
2019Q2,2019,Q2,2019-08-02,2019-06-28,20994000.0,106506000.0,24823000.0,0.39,100263000.0,0.941383584,520641000.0,343852000.0,334661000.0,92884000.0,176789000.0,0.0,362959000.0,3087692300.0,3006654300.0,6.519139254905678,3.6029994401619225,0.04497148707074548,0.06809324942126263,0.04623463254077891,6.519139254905678,0.06105533776159511,28.990782678910108,36.76874702295894,8.979713074229611,0.3956368486234162,0.0,0.002690034884628886,0.20456706252484919,3.490471986563886,0.04032337061430045,102.07922176672838,0.9413835840234352,-0.07142857142857137,0.9109879006196192,0.42609391468726815,0.4336226599217589,0.07346816415241807,-0.07564283198309264,1.4518964836033188,1.0281049081408842,0.39142193812001375,0.24430172010315784,Consulting Services,Industrials,EXPO
2019Q1,2019,Q1,2019-05-03,2019-03-29,22712000.0,99031000.0,10124000.0,0.42,93401000.0,0.9431491149,489220000.0,329177000.0,304610000.0,72193000.0,160043000.0,0.0,350506000.0,3032377920.0,2977618920.0,6.265741586721486,4.219384150817946,0.04971383017865173,0.07388426287377307,0.026095037829426296,6.265741586721486,0.06899631505238824,30.620491765204836,33.37858753082071,9.211998165120892,0.3783462486791124,0.0,0.0028337496930461756,0.20242631127100283,4.025653456706329,0.04642492130329913,-169.18919377336383,0.9431491149236098,0.4,1.5572305752516393,0.34369342088915317,0.4043344610058861,0.09536877411486003,0.41631329508605636,-0.6220413648921078,0.4934093426365862,0.20201375690557674,0.21907688184300844,Consulting Services,Industrials,EXPO
2018Q4,2018,Q4,2019-02-22,2018-12-28,16036000.0,92143000.0,26786000.0,0.3,85269000.0,0.9253985653,468936000.0,313909000.0,326612000.0,98304000.0,155027000.0,0.0,342024000.0,2637722880.0,2510663880.0,5.940858078313367,3.3224690755208335,0.0,0.0,0.06231428065205542,5.940858078313367,0.05108486854470563,28.626405478441118,41.12189573459716,8.402826551643948,0.41924420054876527,0.0,0.002548789355764317,0.19649376460753706,3.1979166666666665,0.0341965641366839,65.55954864045334,0.9253985652735423,-0.06250000000000006,0.8867611575616998,0.2993764723338006,0.3704520500745091,-0.03883265324526005,-0.08118948031856987,0.3006700980868214,0.6324262718191059,0.25395108324747334,0.19769311998751463,Consulting Services,Industrials,EXPO
2018Q3,2018,Q3,2018-11-02,2018-09-28,17453000.0,95302000.0,20594000.0,0.32,88714000.0,0.9308723846,480893000.0,330634000.0,336504000.0,88145000.0,150259000.0,0.0,332907000.0,2842515200.0,2721538200.0,6.23461306381053,3.81761869646605,0.0,0.0,0.04531595547642974,6.23461306381053,0.05278646479188468,29.8263960882248,40.71671345900418,8.597165445779925,0.38761244485188795,0.0,0.0023799345030767116,0.1981771412767497,3.689942708037892,0.03629289675665896,181.17886417235005,0.9308723846299133,-0.058823529411764754,0.6135370766953353,0.2992783514049821,0.4703197367608353,-0.01398212777308496,-0.05275440976933514,-0.08381528605747843,0.49384032047473214,0.21013146162289337,0.291503948052048,Consulting Services,Industrials,EXPO
2018Q2,2018,Q2,2018-08-03,2018-06-29,18425000.0,95621000.0,22478000.0,0.34,89972000.0,0.940923019,455693000.0,318766000.0,319023000.0,77253000.0,136927000.0,0.0,322437000.0,2560286400.0,2442513400.0,6.013545125264111,4.129587200497068,0.0,0.0,0.05213898357469641,6.013545125264111,0.057801020184084874,26.775356877673314,34.73929986431479,8.031867890552945,0.36759837177747623,0.0,0.0026454071700728484,0.20983644690614076,4.010290862490777,0.04043292304248694,115.92874801901743,0.9409230190021021,-0.1052631578947368,0.7478140787676508,0.30321173681675284,0.4694042210237804,-0.007851440165850647,-0.09414945919370699,0.0407445133808686,0.5876709753038029,0.2067844956483371,0.23767470213993014,Consulting Services,Industrials,EXPO
2018Q1,2018,Q1,2018-05-04,2018-03-30,20340000.0,96457000.0,21598000.0,0.38,90684000.0,0.9401494967,440459000.0,306625000.0,305461000.0,69644000.0,133834000.0,0.0,310978000.0,2074157800.0000002,1971005800.0000002,5.813457454876384,4.386034690712767,0.0,0.0,0.0638176163545025,5.813457454876384,0.06633509987770077,21.503445058419818,25.493581612586038,6.764477130044844,0.342133726647001,0.0,0.003355096704792663,0.2189920060663989,4.247846189190741,0.04617909953026275,-665.2205901218731,0.9401494966669086,6.405405405405406,1.6431750507095382,0.3759367799903216,0.45707581845898804,0.09630310210595033,6.489878542510121,0.21371171677437484,0.9871110171733278,0.2127008377623114,0.21950267013150437,Consulting Services,Industrials,EXPO
2017Q4,2017,Q4,2018-02-23,2017-12-29,-3705000.0,88282000.0,17795000.0,-0.0703,82718000.0,0.9369746947,439589000.0,289088000.0,315509000.0,93107000.0,150501000.0,0.0,303990000.0,1874409299.9999998,1749615299.9999998,5.482835792588097,3.3886710988432664,0.0,0.0,-0.011006403479075662,5.482835792588097,-0.012816166703564313,21.232066559434536,-126.47836032388663,6.483871001217621,-1.461808367071525,0.0,0.002889443623652529,0.2008285011681366,3.291889976049062,-0.00842832736942917,47.44979621800875,0.9369746947282572,-1.2603703703703704,-1.4556200750923665,0.2608727741625448,0.3916024920803097,0.004358965019002173,-1.2530219217373488,-0.07821807821807822,-1.4042345500526485,0.20944915810155043,0.19340018651548296,Consulting Services,Industrials,EXPO
2017Q3,2017,Q3,2017-11-03,2017-09-29,14643000.0,87555000.0,19305000.0,0.27,82359000.0,0.9406544458,435640000.0,300076000.0,301086000.0,81285000.0,135564000.0,0.0,313277000.0,1948743000.0000002,1858934000.0000002,5.689723170269246,3.704078243218306,0.0,0.0,0.0427616159905552,5.689723170269246,0.04879763793172397,22.257358231968478,33.27089735709896,6.494164811581066,0.3704158983814792,0.0,0.002783332640579081,0.20098016711045819,3.5725041520575753,0.033612615921402994,217.8583566238122,0.9406544457769402,0.03846153846153849,0.48736286789555805,0.24062068254977723,0.49740923531909015,-0.020934379457917263,0.061779421361757667,-0.04981050351922036,0.35492796903595986,0.13854783356731062,0.27437007059651064,Consulting Services,Industrials,EXPO
2017Q2,2017,Q2,2017-08-04,2017-06-30,13791000.0,87840000.0,20317000.0,0.26,84120000.0,0.9576502732,409675000.0,289399000.0,278723000.0,68116000.0,120276000.0,0.0,304224000.0,1539994500.0,1449761500.0,5.477929206890025,4.0918873686064945,0.0,0.0,0.043323112480256346,5.477929206890025,0.04765393107785445,17.531813524590163,27.916657602784422,5.321353909308601,0.40758465666014065,0.0,0.0036500130357608423,0.214413864648807,3.9556051441658346,0.03366326966497834,86.73093602162649,0.9576502732240437,-0.16129032258064513,0.3988789194146416,0.235343913427047,0.5411645203089661,0.045397492139634885,-0.16801399613899615,0.3883422167555009,0.25331197408497247,0.1742675655651752,0.20465035848638174,Consulting Services,Industrials,EXPO
2017Q1,2017,Q1,2017-05-05,2017-03-31,16576000.0,84122000.0,14634000.0,0.31,80467000.0,0.9565511994,398162000.0,284705000.0,263617000.0,57416000.0,113457000.0,0.0,296025000.0,1566284100.0,1479198100.0,5.4122310090487415,4.5913508429706,0.0,0.0,0.04893830500470367,5.4122310090487415,0.058221668042359634,18.619197118470794,23.622769365347487,5.501428144921936,0.32420366795366795,0.0,0.0034310505993133686,0.211275812357784,4.37594050438902,0.04163129580422039,-506.72406988029763,0.9565511994484202,0.631578947368421,1.130031583934447,0.23254514664258963,0.5042009706944448,0.10602999189036878,0.5956873315363881,-0.02107164358819988,0.8639423723969748,0.13992650007533414,0.213037979899961,Consulting Services,Industrials,EXPO
2016Q4,2016,Q4,2017-02-24,2016-12-30,10388000.0,77013000.0,14949000.0,0.19,72753000.0,0.9446846636,403744000.0,273346000.0,274044000.0,80236000.0,130398000.0,0.0,291243000.0,1583598600.0,1468631600.0,5.204211408118193,3.4154743506655367,0.0,0.0,0.03383411321348045,5.204211408118193,0.038003116928727695,20.56274395231974,38.11124855602618,5.79338494069787,0.4434924913361571,0.0,0.0029091968128792233,0.19074710707775225,3.254424447878758,0.02572917492272331,55.7958776689451,0.9446846636282186,-0.09523809523809519,0.4658620349602658,0.23705432235546706,0.5970935044595906,-0.018972491909385113,-0.07981220657276995,-0.04142353318371273,0.22955969192039768,0.09253029743116498,0.20052054758082413,Consulting Services,Industrials,EXPO
2016Q3,2016,Q3,2016-11-04,2016-09-30,11289000.0,77612000.0,15595000.0,0.21,74160000.0,0.9555223419,385415000.0,266822000.0,257306000.0,69165000.0,118593000.0,0.0,285616000.0,1355387700.0,1256962700.0,5.025842908268977,3.7201763897925253,0.0,0.0,0.03681978189947659,5.025842908268977,0.04230910494636874,17.463635777972478,30.015672335902206,5.079744923582013,0.41270263087961734,0.0,0.0034373928581467868,0.20137254647587666,3.538061158100195,0.029290505040021796,104.19647140221402,0.9555223419058908,0.1052631578947368,0.3593910511539641,0.23910061494509724,0.5769053926888776,0.011263533967873019,0.07997704008418635,0.04447123434465207,0.04253252815891388,0.056949756800914804,0.18525335032915588,Consulting Services,Industrials,EXPO
2016Q2,2016,Q2,2016-08-05,2016-07-01,10453000.0,77295000.0,14931000.0,0.19,73334000.0,0.9487547707,388355000.0,279050000.0,272602000.0,61994000.0,109305000.0,0.0,279196000.0,1543799070.0,1430256070.0,5.239194923209793,4.3972319901926,0.0,0.0,0.03353743857450202,5.239194923209793,0.03745923669593263,19.97281932854648,36.92239237539462,5.532338541480021,0.46752128575528556,0.0,0.0031655673947257918,0.19903181367563183,4.102993838113366,0.026916094810160808,125.19658340767172,0.9487547706837441,-0.3214285714285715,0.3759193903956801,0.2840907434179806,0.6343900466581637,-0.07113362887903736,-0.3190228013029316,-0.09156729131175469,-0.013146614293520221,0.048424234501918524,0.28019246128010367,Consulting Services,Industrials,EXPO
2016Q1,2016,Q1,2016-05-06,2016-04-01,15350000.0,83156000.0,16436000.0,0.28,78950000.0,0.9494203665,377405000.0,272540000.0,261652000.0,54720000.0,104865000.0,0.0,273524000.0,1341292670.0,1242757670.0,5.1397427676988645,4.781652046783626,0.0,0.0,0.05219964586953294,5.1397427676988645,0.05632200777867469,16.129836331713886,21.84515749185668,4.921452520730902,0.3014983713355049,0.0,0.003450402811789018,0.22033624355798148,4.567744883040936,0.040672487115962955,-1148.3670119863013,0.9494203665399971,0.5555555555555558,1.1025778064715948,0.2406872825226188,0.5628784360950376,0.13126710513118114,0.5583756345177665,0.1510609986693746,0.9841182545108265,0.1798927031303601,0.28821703057818826,Consulting Services,Industrials,EXPO
2015Q4,2015,Q4,2016-02-26,2016-01-01,9850000.0,73681000.0,14279000.0,0.18,69789000.0,0.9471776985,387507000.0,262804000.0,272786000.0,80474000.0,124703000.0,0.0,269259000.0,1323225450.0,1197474450.0,4.9602506511645466,3.389740785843875,0.0,0.0,0.03345519057779605,4.9602506511645466,0.03748040364682425,17.958842170980308,33.58440228426396,5.035027815406158,0.39258883248730964,0.0,0.002922404492749138,0.19014108132240193,3.233255461391257,0.02541889565865907,52.6028801431127,0.9471776984568613,-0.18181818181818185,0.8104034673282458,0.33732032814952884,0.6246305179548733,-0.06327261989450089,-0.15948459766191656,-0.3174800439749534,0.20544485167143364,0.047251743952973074,0.25896478184425786,Consulting Services,Industrials,EXPO
2015Q3,2015,Q3,2015-11-06,2015-10-02,11719000.0,78994000.0,20921000.0,0.22,74503000.0,0.9431475808,368981000.0,256789000.0,269458000.0,69563000.0,112192000.0,0.0,263417000.0,1220802300.0,1096345300.0,4.827405346467646,3.8735822204332764,0.0,0.0,0.05085842392980639,4.827405346467646,0.045636690045134334,15.454367420310403,26.04322681116136,4.754106679024414,0.32195579827630344,0.0,0.0030905905075703085,0.2140869042037395,3.5286287250406105,0.03176044294963697,72.45547510237996,0.9431475808289237,0.0,0.6210298413556824,0.28869007854279816,0.5896671720200326,-0.010216282282920607,0.0018808241429426348,0.11847099705960973,0.18019807921789804,0.10976148139892768,0.27046626559993747,Consulting Services,Industrials,EXPO
2015Q2,2015,Q2,2015-08-07,2015-07-03,11697000.0,79864000.0,18705000.0,0.22,75272000.0,0.9425022538,368074000.0,259593000.0,269121000.0,64521000.0,108481000.0,0.0,255689000.0,1201061440.0,1069134440.0,4.858744478550573,4.171060584925838,0.0,0.0,0.043687980711259324,4.858744478550573,0.0450589961978944,15.038834017830311,25.670288108061897,4.626709657040059,0.3406001538856117,0.0,0.0033170659446031337,0.21697810766313297,3.7724926768029015,0.03177893575748355,99.82226063829788,0.9425022538315135,0.15789473684210525,0.7294278856951987,0.4223063035794666,0.683557538034358,-0.011413036340473595,0.13200425820187747,0.24467660367314348,0.17319593733517713,0.110601623957334,0.3669626460617318,Consulting Services,Industrials,EXPO
2015Q1,2015,Q1,2015-05-08,2015-04-03,10333000.0,80293000.0,15028000.0,0.19,76141000.0,0.9482893901,357243000.0,253818000.0,256825000.0,54878000.0,103425000.0,0.0,248089000.0,1185743880.0,1062085880.0,4.767072346179852,4.6799263821567845,0.0,0.0,0.035838203875721904,4.767072346179852,0.040710272715095065,14.767711755694767,28.68827736378593,4.6716303808240545,0.38933513984322077,0.0,0.0033928068850753845,0.22475737803120005,4.24764022012464,0.028924289629187975,1104.0445810055867,0.9482893901087268,0.11764705882352934,0.7683000497222493,0.44308492302831654,0.7080133915004267,0.09324163280543311,0.1179270799523964,0.06332696525861459,0.31183987843703553,0.16230210837772652,0.3248944545245297,Consulting Services,Industrials,EXPO
2014Q4,2014,Q4,2015-03-02,2015-01-02,9243000.0,73611000.0,14133000.0,0.17,69647000.0,0.9461493527,365299000.0,244288000.0,266500000.0,79345000.0,121011000.0,0.0,246961000.0,1077929370.0,948439370.0,4.594297750695855,3.3587497636902137,0.0,0.0,0.033786762243609304,4.594297750695855,0.037836488079643696,14.64359090353344,29.155289678675754,4.412535081543097,0.3479389808503733,0.0,0.0029834978891056657,0.20150890092773316,3.034885626063394,0.025302560368355785,51.002099361249115,0.9461493526782682,-0.15,1.3082558890499671,0.5953597243967974,0.8337882420099932,-0.062170095874178606,-0.16277173913043477,-0.2653602245555671,0.28839462890961104,0.1679983892643998,0.4099202587626729,Consulting Services,Industrials,EXPO
2014Q3,2014,Q3,2014-11-07,2014-10-03,11040000.0,78557000.0,19238000.0,0.2,74264000.0,0.9453517828,352056000.0,240542000.0,254483000.0,71355000.0,111514000.0,0.0,241074000.0,968959860.0,853345860.0,4.464733833246715,3.566435428491346,0.0,0.0,0.04805191812571575,4.464733833246715,0.045896350741242695,12.33448145932253,21.94202581521739,4.028235651154476,0.29547101449275365,0.0,0.003366496523395716,0.22313779625968597,3.2332982972461637,0.031358647487899655,72.22419946332737,0.945351782781929,0.0,1.0011619216610537,0.5034778890200841,0.7385981930837676,0.026724364380417802,-0.019886363636363636,0.19609549863218104,0.3100123444320008,0.23589042762653106,0.4008521529758947,Consulting Services,Industrials,EXPO
2014Q2,2014,Q2,2014-08-08,2014-07-04,11264000.0,76574000.0,16084000.0,0.2,72331000.0,0.9445895474,351120000.0,245919000.0,255218000.0,64511000.0,105201000.0,0.0,233436000.0,1011296000.0,898401000.0,4.547318786982249,3.956193517384632,0.0,0.0,0.040042760313078275,4.547318786982249,0.04580369959214213,13.206780369315956,22.4453125,4.1123134040070095,0.2903053977272727,0.0,0.0032334746701262536,0.21808498519024835,3.5705073553347493,0.03208020050125313,64.05066818671227,0.9445895473659467,0.1764705882352941,0.9590106312455497,0.3183669783362847,0.8161840730505912,-0.008716268998314307,0.23050032772558443,0.1411948346814247,0.46024413234793216,0.2528712257498333,0.4185562234955346,Consulting Services,Industrials,EXPO
2014Q1,2014,Q1,2014-05-09,2014-04-04,9154000.0,75962000.0,14094000.0,0.17,72967000.0,0.9605723915,341994000.0,241593000.0,249641000.0,62402000.0,100401000.0,0.0,225592000.0,983598420.0,877977420.0,4.461716037526778,4.0005288292041925,0.0,0.0,0.0347558779867746,4.461716037526778,0.037890170658918094,12.948558753060741,26.862530587721213,4.071303473196657,0.36159056150316804,0.0,0.0033651945069208228,0.22211500786563507,3.5639562834524536,0.026766551459967133,-139.81498507462686,0.9605723914588873,0.06250000000000006,0.654967437347624,0.32243539042075486,0.8825124037464123,0.05694130598528304,0.04952992432928228,0.14195430238210988,0.2278944926567808,0.109868634039408,0.3567059866990121,Consulting Services,Industrials,EXPO
2013Q4,2013,Q4,2014-03-03,2014-01-03,8722000.0,72772000.0,12342000.0,0.16,69036000.0,0.9486615731,344166000.0,235059000.0,251684000.0,72147000.0,109107000.0,0.0,226040000.0,1048963279.9999999,926015279.9999999,4.334962378282679,3.488488779852246,0.0,0.0,0.03125133346340879,4.334962378282679,0.03710557774856525,14.41438025614247,30.06659252465031,4.462553146231372,0.2252923641366659,0.0,0.0018732781570771479,0.2114444773742903,3.231166923087585,0.025342421970793165,39.82245472837022,0.9486615731325235,-0.20000000000000004,0.9164046190725943,0.3787065237591916,1.0474434703116624,-0.01512211823784524,-0.2138092662700559,-0.1858839050131926,0.566361577253525,0.2905684455868581,0.4198298975659264,Consulting Services,Industrials,EXPO
2013Q3,2013,Q3,2013-11-01,2013-09-27,11094000.0,75231000.0,15160000.0,0.2,70096000.0,0.9317435632,324477000.0,230639000.0,235027000.0,58939000.0,93838000.0,0.0,219493000.0,971441120.0,849694120.0,4.240311075158112,3.987631279797757,0.0,0.0,0.04163364883847129,4.240311075158112,0.048101145079539886,12.912776913772248,21.891137551829818,4.211955133346918,0.17982693347755543,0.0,0.0020536499422630985,0.23185310515075028,3.685895586962792,0.0341904048669089,58.782592278833356,0.9317435631588042,0.05263157894736847,1.0232991081261131,0.3881660214502051,0.8464627887746912,-0.025347960900457458,0.02267699115044248,-0.13829363951571647,0.5007772506036505,0.2002696778866208,0.3963367133162279,Consulting Services,Industrials,EXPO
2013Q2,2013,Q2,2013-08-02,2013-06-28,10848000.0,75505000.0,17593000.0,0.19,71919000.0,0.9525064565,314329000.0,223238000.0,228123000.0,58322000.0,91091000.0,0.0,210585000.0,806083070.0,689439070.0,4.092505683068124,3.9114399369020267,0.0,0.0,0.04679065649718704,4.092505683068124,0.048593877386466464,10.675889941063506,18.576766915560473,3.610868534926849,0.18418141592920353,0.0,0.002478652727441602,0.2402100983364564,3.591457768937965,0.03451161044637943,40.62918699596774,0.9525064565260579,0.35714285714285704,1.0715785757721086,0.5199029569706284,0.7712489990321955,0.04242520871985158,0.3600802407221665,0.6213252234817067,0.5709694133687678,0.31706701737903853,0.4180553891224914,Consulting Services,Industrials,EXPO
2013Q1,2013,Q1,2013-05-03,2013-03-29,7976000.0,72660000.0,10851000.0,0.14,68992000.0,0.9495183044,294975000.0,218115000.0,206645000.0,42845000.0,76860000.0,0.0,201917000.0,737197980.0,635696980.0,3.989811224116485,4.823083206908624,0.0,0.0,0.02938155567269466,3.989811224116485,0.03656786557549916,10.145857142857142,23.106757146439318,3.3798591568667904,0.24686559679037112,0.0,0.0026709243017730465,0.24632595982710398,4.472913992297817,0.027039579625391982,-103.23455818512814,0.9495183044315992,-0.06666666666666654,0.3651556193526574,0.403011335256292,0.6491408555030994,2.3859938125276225,-0.05854579792256846,-0.20882245716368938,0.32938925461178686,0.2718827787501326,0.4295253995485648,Consulting Services,Industrials,EXPO
2012Q4,2012,Q4,2013-02-28,2012-12-28,8472000.0,72946000.0,13715000.0,0.15,-49778000.0,-0.6823951964,315417000.0,216429000.0,235444000.0,71771000.0,98988000.0,400000.0,206057000.0,737462100.0,624194100.0,3.939943930677929,3.2804893341321706,0.0,0.0,0.03718427076149418,3.939943930677929,0.03914447694162982,10.109698955391659,21.76174752124646,3.4074088962200078,0.0,306.81,0.0,0.23126844780084777,3.0590210530715747,0.026859680993732107,29.086617496253055,-0.6823951964466866,-0.16666666666666666,0.8988120954325485,0.5120466299952948,0.9293686119648737,-3.0623964202850513,-0.17144254278728607,-0.06878055404671374,1.047927279164181,0.5302943445839577,0.5726065758714738,Consulting Services,Industrials,EXPO
2012Q3,2012,Q3,2012-11-05,2012-09-28,10225000.0,73298000.0,14728000.0,0.18,24136000.0,0.3292859287,293574000.0,208133000.0,215418000.0,58550000.0,85441000.0,2600000.0,198751000.0,781790460.0,694137460.0,3.7997115525047467,3.679214346712212,0.0,0.0,0.04430777720975902,3.7997115525047467,0.04912724075470973,10.665918033234195,19.114681173594132,3.756206175858706,0.0,18.908461538461538,0.0,0.2496746987131013,3.3840990606319385,0.03482937862344758,1073.8879945054946,0.3292859286747251,0.0,1.209050282183784,0.6310301060230467,0.7392986248124567,-0.08786516004686142,-0.009877021400213034,-0.15166177063533207,0.822978317365595,0.37977829761957776,0.4796339235793414,Consulting Services,Industrials,EXPO
2012Q2,2012,Q2,2012-08-03,2012-06-29,10327000.0,74484000.0,17361000.0,0.18,26461000.0,0.355257505,276616000.0,196701000.0,202169000.0,54741000.0,79915000.0,100000.0,188831000.0,730903050.0,646462050.0,3.5544091073364656,3.693191574870755,0.0,0.0,0.052844963562177036,3.5544091073364656,0.05250100406200273,9.812886660222329,17.69398300571318,3.7158074946238195,0.0,480.23,0.0,0.2692685889464095,3.4330392210591696,0.037333342973653004,36.2299519183107,0.3552575049675098,0.28571428571428553,1.2672262645357466,0.6153230781655942,0.6654860966024789,0.30381867455038186,0.25923667845384707,0.4692789438050102,0.7551565381564286,0.25318590664986407,0.41961923327889566,Consulting Services,Industrials,EXPO
2012Q1,2012,Q1,2012-05-04,2012-03-30,8201000.0,71925000.0,11816000.0,0.14,20295000.0,0.282168926,267268000.0,199463000.0,190910000.0,40874000.0,67805000.0,400000.0,178835000.0,672438680.0,593918680.0,3.598077061837073,4.670695307530459,0.0,0.0,0.03537606534420182,3.598077061837073,0.04111539483513233,9.349164824469934,20.498679429337887,3.371245193344129,0.0,129.075,0.0,0.2691119026595028,4.349390810784362,0.03068455632548603,-249.69873004084664,0.2821689259645464,0.07692307692307698,0.7616571847779626,0.598036223969328,0.6519326597236312,-0.030339225991399904,0.06079420514810503,0.05565978736710444,0.44822450271441955,0.22306201138709622,0.5181209744352953,Consulting Services,Industrials,EXPO
2011Q4,2011,Q4,2012-02-27,2011-12-30,7731000.0,67916000.0,11193000.0,0.13,20930000.0,0.3081748042,268788000.0,186715000.0,198578000.0,60775000.0,82073000.0,1600000.0,179432000.0,658520250.0,574081250.0,3.2585514834205935,3.2674290415466887,0.0,0.0,0.03543196384029332,3.2585514834205935,0.041405350400342766,9.696098857412098,21.29479530461777,3.526873845165091,0.0,29.36625,0.0,0.25267497060880695,3.0077992595639653,0.028762444751997858,32.95237439951961,0.3081748041698569,-0.13333333333333328,1.9801384561037207,0.8801118389161499,0.7248918998356869,-0.17390274707925482,-0.1158508691674291,-0.3226216412490922,0.6074731569711456,0.21763339026601658,0.5390444887890604,Consulting Services,Industrials,EXPO
2011Q3,2011,Q3,2011-11-04,2011-09-30,8744000.0,65951000.0,16524000.0,0.15,25336000.0,0.3841640005,247766000.0,178162000.0,178804000.0,49441000.0,69604000.0,0.0,172460000.0,577586750.0,512341750.0,3.187155635062612,3.616512610990878,0.0,0.0,0.05631807007105892,3.187155635062612,0.049078928166500155,8.75781640915225,16.513802321591946,3.2419188715887786,0.0,0.0,0.0,0.2661826077831502,3.3012884043607533,0.03529136362535618,51.79685678414492,0.3841640005458598,0.07142857142857129,1.6027180133984154,0.6956625330309064,0.5840147228653239,0.1482438250623159,0.06413532919557016,0.23525454137699037,0.5516912021936562,0.18410217949580976,0.38786145116894405,Consulting Services,Industrials,EXPO
2011Q2,2011,Q2,2011-08-05,2011-07-01,8217000.0,65106000.0,13377000.0,0.14,22065000.0,0.3389088563,256825000.0,184668000.0,186814000.0,49913000.0,72157000.0,100000.0,163717000.0,638296640.0,568843640.0,3.205596444938203,3.7427924588784487,0.0,0.0,0.04263781589797051,3.205596444938203,0.044496068620443176,9.803960310877645,19.42000243397834,3.456455043645894,0.0,430.41,0.0,0.25350335831792076,3.4404263418347925,0.031994548817288034,34.73345159710507,0.33890885632660583,0.07692307692307698,1.5568265632817362,0.7751912487520356,0.5703956707255139,0.027091188381510964,0.026739972510308633,0.08175642891800097,0.485802399128782,0.2409583219465955,0.38739196328770054,Consulting Services,Industrials,EXPO
2011Q1,2011,Q1,2011-05-09,2011-04-01,8003000.0,73473000.0,12366000.0,0.13,21483000.0,0.292393124,252812000.0,191162000.0,184288000.0,39991000.0,61650000.0,100000.0,155916000.0,650307000.0,560393000.0,3.288638865951005,4.608236853291991,0.0,0.0,0.03869517719233498,3.288638865951005,0.04186501501344409,8.850965660855008,20.314475821566916,3.4018633410405834,0.0,519.9,0.0,0.29062307168963497,4.314795829061539,0.03165593405376327,-96.32750703599467,0.29239312400473644,0.3,1.3769245316962668,0.9845070302707567,0.5413509129653308,0.15605661088091266,0.29456486573924295,0.3170731707317073,0.28824254506475677,0.33426275919605297,0.3593196289722109,Consulting Services,Industrials,EXPO
2010Q4,2010,Q4,2011-02-28,2010-12-31,6182000.0,62602000.0,9389000.0,0.1,18583000.0,0.2968435513,258892000.0,183800000.0,194594000.0,57734000.0,75092000.0,0.0,156086000.0,564977000.0,458428000.0,3.053156146179402,3.3705268992274915,0.0,0.0,0.02952994601225545,3.053156146179402,0.033634385201305766,9.0249033577202,22.847662568747978,3.0738683351468987,0.0,0.0,0.0,0.24180739458924957,3.0932033117400493,0.023878683002951036,45.36510358117874,0.29684355132423884,-0.23076923076923075,1.682850522857388,0.8898542923557341,0.622848762383646,-0.06833450315852803,-0.209462915601023,-0.188504753673293,0.26431113618476504,0.18407941378704165,0.49511357001788475,Consulting Services,Industrials,EXPO
2010Q3,2010,Q3,2010-11-05,2010-10-01,7820000.0,66306000.0,11570000.0,0.13,19946000.0,0.3008174223,235350000.0,174734000.0,172416000.0,44362000.0,60616000.0,4000000.0,153103000.0,472834949.99999994,380763949.99999994,3.0367396593673965,3.8865695865831116,0.0,0.0,0.03921841789429152,3.0367396593673965,0.0447537399704694,7.1311035200434345,15.116206841432223,2.7060271612851534,0.0,11.59,0.0,0.2817335882727852,3.7277624994364547,0.033227108561716595,29.745530322093604,0.3008174222543963,0.08333333333333341,1.5196833076971379,1.0191465037498955,0.5248395407846521,-0.053256123030187966,0.07417582417582418,-0.09432485322896282,0.6083090103688044,0.40456919534379215,0.3900521238169862,Consulting Services,Industrials,EXPO
2010Q2,2010,Q2,2010-08-06,2010-07-02,7280000.0,60439000.0,12775000.0,0.12,21068000.0,0.3485828687,224585000.0,165968000.0,163663000.0,43807000.0,58617000.0,4000000.0,145462000.0,462220550.0,388149550.0,2.885998469778118,3.7360010957152965,0.0,0.0,0.04562829032263104,2.885998469778118,0.04386387737395161,7.647720015221959,15.872958447802196,2.784998011664899,0.0,9.84275,0.0,0.26911414386535165,3.378957700824069,0.03241534385644634,102.30645196989819,0.34858286867750954,0.09090909090909087,0.9987414762607827,0.7047552164255102,0.49086895193326524,0.20934504333849951,0.1668536624459048,0.34374671294835385,0.5380234495893512,0.2613179237915371,0.3522895595530799,Consulting Services,Industrials,EXPO
2010Q1,2010,Q1,2010-05-05,2010-04-02,6239000.0,59406000.0,9507000.0,0.11,17421000.0,0.2932532067,206278000.0,158663000.0,145185000.0,32970000.0,47615000.0,0.0,140509000.0,408310760.0,339943760.0,2.7910040810582606,4.403548680618744,0.0,0.0,0.03550213300375594,2.7910040810582606,0.03932233728090355,6.873224253442413,16.361226158038146,2.5734466132620715,0.0,0.0,0.0,0.2879899940856514,4.130421595389748,0.030245590901598812,575.8966995768689,0.2932532067467932,0.4647137150466045,0.8215974204500602,0.7111975546652651,0.4865221059070219,0.16512841091492778,0.3830636222567058,0.4059449866903283,0.30691176957770727,0.2871043434406974,0.28139300956719054,Consulting Services,Industrials,EXPO
2009Q4,2009,Q4,2010-02-24,2010-01-01,4511000.0,51979000.0,6762000.0,0.0751,14952000.0,0.2876546298,206481000.0,150071000.0,148330000.0,45077000.0,56410000.0,100000.0,139606000.0,416904000.0,349009000.0,2.5053589315525877,3.2905916542804534,0.0,0.0,0.026298314196230636,2.5053589315525877,0.03005910535679778,8.020623713422728,23.104854799379297,2.7780450586722285,0.0,370.27,0.0,0.2517374479976366,3.063313885129889,0.021847046459480532,21.07278608976951,0.2876546297543239,-0.22974358974358977,1.6469183124807878,0.7103288465649201,0.4798630767479638,-0.07101584342963653,-0.22664152237270702,-0.1935599284436494,0.6634179938478642,0.37647175487101076,0.32619458345328245,Consulting Services,Industrials,EXPO
2009Q3,2009,Q3,2009-11-12,2009-10-02,5833000.0,55245000.0,8385000.0,0.0975,16095000.0,0.2913385827,195934000.0,146284000.0,139003000.0,39135000.0,49650000.0,2000000.0,136121000.0,391057860.0,342544860.0,2.568007864616249,3.551884502363613,0.0,0.0,0.034515082549750144,2.568007864616249,0.03987449071668809,7.0786109150149334,16.760580318875363,2.673278417325203,0.0,19.575,0.0,0.2819571896659079,3.2180656701162644,0.029770228750497618,55.63492104139991,0.29133858267716534,-0.025000000000000022,1.0225300399832316,0.5977695104580626,0.41125365120946283,-0.07896995708154507,-0.03186721991701245,-0.06197561248461796,0.7038065184637052,0.3938702446922777,0.2762985971678688,Consulting Services,Industrials,EXPO
2009Q2,2009,Q2,2009-08-05,2009-07-03,6025000.0,60862000.0,8939000.0,0.1,17475000.0,0.2871249712,193715000.0,141884000.0,138841000.0,42582000.0,51831000.0,2600000.0,132788000.0,348508200.0,309399200.0,2.5037763817321945,3.2605561035179185,0.0,0.0,0.03781887805062348,2.5037763817321945,0.042464266583970005,5.726203542440275,14.460921161825727,2.4562896450621636,0.0,16.68730769230769,0.0,0.3141832072890587,2.9464797332206096,0.03110239269029244,72.40976521919801,0.28712497124642633,0.05263157894736847,0.9029576610031732,0.6389604815268217,0.40338230896842275,0.0228270412642669,0.04637026745397708,-0.02582824760244115,0.9058553980841064,0.6870007155147567,0.22657972014715932,Consulting Services,Industrials,EXPO
2009Q1,2009,Q1,2009-05-13,2009-04-03,5758000.0,59796000.0,9176000.0,0.095,17085000.0,0.2857214529,178727000.0,133597000.0,124145000.0,36512000.0,45130000.0,2600000.0,128830000.0,386120800.0,363720800.0,2.3700858643201816,3.4001150306748467,0.0,0.0,0.04133397694353729,2.3700858643201816,0.04309977020442076,6.457301491738578,16.76453629732546,2.8901906479935926,0.0,16.427307692307693,0.0,0.33456612599103663,3.107115468886941,0.032216732782399976,-56.55790244616962,0.285721452939996,0.1269276393831554,0.7003170547293264,0.6037823042976301,0.38162677133101125,-0.04845446950710108,0.13391098857818037,0.12865928659286593,0.7635468082732995,0.6655196336113112,0.11083465217143197,Consulting Services,Industrials,EXPO
2008Q4,2008,Q4,2009-02-25,2009-01-02,5078000.0,58892000.0,8130000.0,0.0843,17955000.0,0.3048801195,183090000.0,128094000.0,130308000.0,48235000.0,54996000.0,200000.0,127127000.0,458136250.0,425538250.0,2.1172561983471074,2.701523789779206,0.0,0.0,0.03886357866589257,2.1172561983471074,0.039642762346401864,7.77926118997487,22.554955198897204,3.5765629147344917,0.0,204.685,0.0,0.3216560161669125,2.4789053591790196,0.027734993718936042,23.687309342846802,0.3048801195408544,-0.0633333333333333,1.5238050726702763,0.8570026628917858,0.45448635383977937,-0.03747185590221936,-0.1454055873443285,-0.16081750619322874,1.1928114421640084,0.7690395123546909,0.12538842975206604,Consulting Services,Industrials,EXPO
2008Q3,2008,Q3,2008-11-05,2008-09-26,5942000.0,58730000.0,9688000.0,0.09,18654000.0,0.3176230206,184852000.0,135362000.0,130595000.0,42124000.0,49490000.0,0.0,122470000.0,473762400.0,455103400.0,2.296450868621064,3.1002516380210805,0.0,0.0,0.04234964732762106,2.296450868621064,0.04389710553922076,8.066786991316192,19.93278357455402,3.4999660170505753,0.0,0.0,0.0,0.31771363036375044,2.852910454847593,0.03214463462662021,126.94598070739549,0.3176230206027584,0.0,1.042202311239615,0.6122088494440198,0.45024714392312815,0.5524300932090546,0.025720697393405833,0.09978431149960268,0.8689690376129603,0.7458432825851425,0.15311797543821232,Consulting Services,Industrials,EXPO
2008Q2,2008,Q2,2008-08-06,2008-06-27,5793000.0,54956000.0,8809000.0,0.09,12016000.0,0.2186476454,189464000.0,139426000.0,136467000.0,43295000.0,50038000.0,0.0,117643000.0,478075340.0,470869340.0,2.3105196871271376,3.1520267929322094,0.0,0.0,0.03801853682098116,2.3105196871271376,0.04154892200880754,8.699238299730693,20.631595891593303,3.428882274468177,0.0,0.0,0.0,0.29006038086391084,2.898694999422566,0.03057572942617067,52.10630408719346,0.2186476453890385,-0.10000000000000009,1.0722128061393412,0.5052486090799286,0.47734841746032414,-0.3509075194468453,-0.08728533165274933,-0.12738979692917285,0.5157338278935019,0.47725014808448274,0.19358416175225704,Consulting Services,Industrials,EXPO
2008Q1,2008,Q1,2008-05-07,2008-03-28,6347000.0,56260000.0,10095000.0,0.1,18512000.0,0.3290437256,184139000.0,143679000.0,133187000.0,33978000.0,40460000.0,0.0,112086000.0,481042800.0,469070800.0,2.419327136795312,3.919801047736771,0.0,0.0,0.04234193240408703,2.419327136795312,0.04417486201880581,8.550351937433344,18.94764455648338,3.348038335456121,0.0,0.0,0.0,0.3055300615296054,3.662899523220908,0.03446852649357279,-315.23119266055045,0.32904372555990047,0.24223602484472054,1.4631536528810962,0.5483795405365085,0.5896791227939359,14.80462341536167,0.20964360587002095,0.2678975131876413,0.7738725187412425,0.551265229386413,0.2885625265382406,Consulting Services,Industrials,EXPO
2007Q4,2007,Q4,2008-03-05,2007-12-28,5247000.0,56734000.0,7962000.0,0.0805,-1341000.0,-0.02363662,182391000.0,131919000.0,132757000.0,43963000.0,50472000.0,0.0,113018000.0,441541000.0,430841000.0,2.042089783281734,3.019743875531697,0.0,0.0,0.03658547004541057,2.042089783281734,0.039774407022491076,7.7826523777628935,21.037783495330665,3.347061454377307,0.0,0.0,0.0,0.31105701487463744,2.8099538248072244,0.028767866835534648,27.353549746004212,-0.023636620016216026,0.0062500000000000056,1.8361367064920866,0.339176967774481,0.5037946629327451,-1.0856978527607362,0.04169148302561048,0.06686319174594667,1.8547828565489484,0.7309694749858644,0.20621968837420337,Consulting Services,Industrials,EXPO
2007Q3,2007,Q3,2007-11-07,2007-09-28,5037000.0,48904000.0,7463000.0,0.08,15648000.0,0.3199738263,174106000.0,130221000.0,125230000.0,37632000.0,43885000.0,1812000.0,108579000.0,373891180.0,365202180.0,2.1846228694135017,3.3277529761904763,0.0,0.0,0.034767168985535155,2.1846228694135017,0.03868039717096321,7.64541100932439,18.557235457613658,2.87120495158231,0.0,18.353200883002206,0.0,0.2808863565873663,3.0651041666666665,0.028930651442224852,72.20764387794516,0.3199738262718796,0.0,1.215672511948037,0.5982572092165838,0.5137750630522184,0.0024985585239285027,0.0069972011195521796,0.05708215297450425,0.6690559010115167,0.3516413259248207,0.20056369120046108,Consulting Services,Industrials,EXPO
2007Q2,2007,Q2,2007-08-08,2007-06-29,5002000.0,50637000.0,7060000.0,0.08,15609000.0,0.3082528586,170677000.0,129697000.0,122212000.0,34899000.0,40980000.0,0.0,106171000.0,340019340.0,333776340.0,2.1341571776476007,3.501876844608728,0.0,0.0,0.03269472895508164,2.1341571776476007,0.03856681341896883,6.7148397416908585,16.99416933226709,2.621643831391628,0.0,0.0,0.0,0.2966832086338522,3.2580016619387373,0.02930681931367437,126.21356347438753,0.3082528585816695,0.0,1.090141110737247,0.5546843028276709,0.48696229837467797,0.01284796573875803,-0.010484668644906034,-0.05349242525807749,0.47316067778021426,0.27152407141856666,0.19620843519442283,Consulting Services,Industrials,EXPO
2007Q1,2007,Q1,2007-05-09,2007-03-30,5055000.0,48873000.0,7459000.0,0.08,15411000.0,0.3153274814,166847000.0,131113000.0,118620000.0,30871000.0,35734000.0,0.0,103667000.0,300227550.0,294479550.0,2.1781015349857134,3.842441125975835,0.0,0.0,0.03449007364384636,2.1781015349857134,0.038554529299154164,6.143014547909889,14.84804896142433,2.28983815487404,0.0,0.0,0.0,0.2929210594137144,3.634316996533964,0.030297218409680724,-405.1653846153846,0.3153274814314652,0.7543859649122807,1.5769462278703188,0.6935651474238267,0.7529115398272386,-0.5292482512142225,0.6968781470292045,0.9283867631851086,0.3977979611013755,0.2274597918995234,0.26971070403670944,Consulting Services,Industrials,EXPO
