Quarters,Year,Quarter,FillingDate,Date,NetIncome,Revenue,OperatingIncome,EPSDiluted,GrossProfit,GrossProfitRatio,TotalAssets,CommonStockEquity,CurrentAssets,CurrentLiability,TotalLiability,Inventory,RetainedEarnings,MarketCap,EnterpriseValue,bookValuePerShare,currentRatio,debtToAssets,debtToEquity,roic,shareholdersEquityPerShare,roe,priceToSalesRatio,peRatio,pbRatio,payoutRatio,inventoryTurnover,dividendYield,assetTurnover,quickRatio,returnOnAssets,priceToFreeCashFlowsRatio,grossProfitMargin,epsdilutedGrowth,fiveYNetIncomeGrowthPerShare,fiveYRevenueGrowthPerShare,fiveYShareholdersEquityGrowthPerShare,grossProfitGrowth,netIncomeGrowth,operatingIncomeGrowth,threeYNetIncomeGrowthPerShare,threeYRevenueGrowthPerShare,threeYShareholdersEquityGrowthPerShare,Industry,Sector,Symbol
2023Q1,2023,Q1,2023-05-10,2023-03-31,5798000.0,124283000.0,21825000.0,0.11,38105000.0,0.3065986499,15255953000.0,1634013000.0,189298000.0,130977000.0,13621940000.0,0.0,1134527000.0,2820025250.0,3011018250.0,30.41438808748255,1.445276651625858,0.028755397974810228,0.26847460821915126,0.00875539033478896,30.41438808748255,0.0035483193830159244,22.690353869797157,121.59474172128321,1.7258279156897773,4.088996205588134,0.0,0.008407016922986772,0.008146524835256113,28.384884369011353,0.0003800483653823527,38.470277883880826,0.30659864985557156,-0.8865979381443299,-0.8616410726084949,-0.16302953379392263,-0.041447719076961945,-0.6086134820612373,-0.8896249762040739,-0.7363206920298172,-0.8598442039808799,-0.18900877095338353,-0.1979984588838097,Banks—Regional,Financial Services,CBU
2022Q4,2022,Q4,2023-03-01,2022-12-31,52530000.0,175929000.0,82771000.0,0.97,97359000.0,0.5533993827,15835651000.0,1551705000.0,4414360000.0,902263000.0,14283946000.0,0.0,1152452000.0,3409034525.05,5105313525.05,28.65322396480198,4.892542418341437,0.12037238001772077,1.2284390396370444,0.018681104373020556,28.65322396480198,0.03385308418803832,19.377331338494507,16.224226751618122,2.1969604564334073,0.45128498001142203,0.0,0.006953875012354797,0.011109679040034414,4.892542418341437,0.0033171986424808176,49.65384707891518,0.5533993827055232,0.07777777777777772,-0.3172587654577127,0.17709410928863925,-0.11172841799922263,0.022120270440515684,0.0788441395740486,0.15414970160075855,0.18292683364822165,0.1336755543635435,-0.1922885586692064,Banks—Regional,Financial Services,CBU
2022Q3,2022,Q3,2022-11-09,2022-09-30,48691000.0,175643000.0,71716000.0,0.9,95252000.0,0.542304561,15594547000.0,1461163000.0,5459707000.0,271563000.0,14133384000.0,0.0,1123641000.0,3234106400.0,3601815400.0,27.144027493962476,20.10475285661154,0.03944327462670125,0.4209660386965725,0.026953717872809528,27.144027493962476,0.033323455357136746,18.412953547821434,16.60525764515003,2.2133782473276424,0.47704914665954695,0.0,0.007182200313508548,0.01126310369900453,20.10475285661154,0.0031223093559562837,82.74334544338126,0.5423045609560301,0.2328767123287672,0.2983457755353691,0.20187969252037663,-0.1381520614613071,0.08778621595386285,0.2232382866474061,0.24327791550370126,0.19017473130066187,0.13483369769389866,-0.23892236517143212,Banks—Regional,Financial Services,CBU
2022Q2,2022,Q2,2022-08-09,2022-06-30,39805000.0,167238000.0,57683000.0,0.73,87565000.0,0.5235951159,15487833000.0,1661696000.0,5831270000.0,221876000.0,13826137000.0,0.0,1098664000.0,3412563840.0,3593424840.0,30.813232458092273,26.281661829129785,0.024437828068006675,0.22777270932830074,0.022164474142507055,30.813232458092273,0.023954441727006625,20.405433214939187,21.433009923376463,2.0536631489755046,0.5832935560859188,0.0,0.006803682242615569,0.010798024487996482,26.281661829129785,0.0025700819475519914,77.18637112096263,0.5235951159425489,-0.16091954022988508,1.1088965242425235,0.1784370718034475,-0.037791375843117925,-0.45457659846149057,-0.15407501859526088,-0.13199909713339855,-0.15159335987255929,0.07684921023914829,-0.11892217294778479,Banks—Regional,Financial Services,CBU
2022Q1,2022,Q1,2022-05-10,2022-03-31,47055000.0,160545000.0,66455000.0,0.87,160545000.0,1.0,15625883000.0,1852103000.0,6846676000.0,150448000.0,13773780000.0,0.0,1082107000.0,3787608950.0000005,3072347950.0000005,34.30265034356305,45.50858768478145,0.01956145454308086,0.16503671772034276,0.024221173004553193,34.30265034356305,0.02540625440377776,23.59219502320222,20.12330756561471,2.045031485829892,0.4937838699394326,0.0,0.006134477002965155,0.010274299378793506,45.50858768478145,0.0030113498225988254,76.1726520392567,1.0,0.08749999999999994,0.5253357024911748,0.22452733771282726,0.21633959027860747,0.005435973872254614,0.08013497383160408,0.1152226081994999,0.06940047455464768,0.07359252073891671,0.004816789575679147,Banks—Regional,Financial Services,CBU
2021Q4,2021,Q4,2022-03-01,2021-12-31,43564000.0,159677000.0,59589000.0,0.8,159677000.0,1.0,15552657000.0,2100807000.0,6845168000.0,210797000.0,13451850000.0,0.0,1058286000.0,4055808400.0,2185909400.0,38.578771462675604,32.47279610241132,0.0003320975959284642,0.002458579012731774,0.021777572937995777,38.578771462675604,0.02073679305143214,25.400078909298145,23.275,1.9305954330883324,0.5331925443026352,0.0,0.0057270949978800775,0.010266863083266095,32.47279610241132,0.002801064795552297,87.14297623651755,1.0,-0.03614457831325291,0.355932191573204,0.20484900426488856,0.4403751244128303,0.017569462146316595,-0.039085936121404624,-0.014781012846584991,0.004492565465546428,0.06142098716256171,0.15386292642290547,Banks—Regional,Financial Services,CBU
2021Q3,2021,Q3,2021-11-09,2021-09-30,45336000.0,156920000.0,60483000.0,0.83,156920000.0,1.0,15331098000.0,2069934000.0,6715104000.0,214385000.0,13261164000.0,0.0,1037936000.0,3692725172.1800003,1376259172.1800003,38.352403083490714,31.32263917718124,0.0004040806470612868,0.0029928490473609304,0.02299844629638082,38.352403083490714,0.021902147604706237,23.532533597884274,20.363095399792662,1.7839820845398935,0.4998455973178048,0.0,0.006136660310039287,0.010235405187547559,31.32263917718124,0.0029571267498257462,61.09737214063534,1.0,-0.05681818181818187,0.3718659684878542,0.18956225115261274,0.37128988134149754,0.035331375977303466,-0.05439679626230602,-0.07821382305875181,-0.0035011446456133105,0.044776427239247046,0.1755523207013326,Banks—Regional,Financial Services,CBU
2021Q2,2021,Q2,2021-08-09,2021-06-30,47944000.0,151565000.0,65615000.0,0.88,151565000.0,1.0,14801287000.0,2061100000.0,6255619000.0,200049000.0,12740187000.0,0.0,1015742000.0,4075240005.9500003,1875540005.9500003,38.260866788789826,31.270433743732784,0.000420639097127162,0.0030207170928145165,0.024401825926523076,38.260866788789826,0.023261365290378925,26.887737973476728,21.25000003102578,1.9772160525690166,0.471570999499416,0.0,0.005547894103657706,0.010239987914564456,31.270433743732784,0.0032391777823104167,189.95245669572108,1.0,-0.09278350515463915,0.5206446974742766,0.16083446998880688,0.36655121988565686,-0.0060333803324917204,-0.09282876064333018,-0.04447421689554239,0.022988496914685096,0.005922206529021785,0.18390557762556314,Banks—Regional,Financial Services,CBU
2021Q1,2021,Q1,2021-05-10,2021-03-31,52850000.0,152485000.0,68669000.0,0.97,152485000.0,1.0,14620181000.0,1971397000.0,5979143000.0,177524000.0,12648784000.0,0.0,990504000.0,4137399967.12,1995308967.12,36.555706250773824,33.68075865798427,0.0006330974972197676,0.004695147654176201,0.028207504989780037,36.555706250773824,0.026808400337425695,27.133160423123584,19.57142841589404,2.0987147525942262,0.4267360454115421,0.0,0.005451007922663784,0.010429761437290004,33.68075865798427,0.0036148663275782974,67.89969421209834,1.0,0.12790697674418602,0.7698070050084277,0.184929263317072,0.341764750760289,0.015131946848454184,0.13692589007206626,0.09171701112877584,0.25641027328696636,0.023017449193177483,0.15210457322510526,Banks—Regional,Financial Services,CBU
2020Q4,2020,Q4,2021-03-01,2020-12-31,46485000.0,150212000.0,62900000.0,0.86,150212000.0,1.0,13931094000.0,2104107000.0,5232728000.0,230724000.0,11826987000.0,0.0,960183000.0,3368000433.06,1809476433.06,38.92722396442292,22.679599868240842,0.006265193530386056,0.041481255468471895,0.02271796423466226,38.92722396442292,0.022092507652890277,22.4216469593641,18.113372233301067,1.600679258735416,0.48484457351833926,0.0,0.006691804365215915,0.010782498488632695,22.679599868240842,0.003336780298804961,69.33180520111985,1.0,0.08860759493670879,0.7908632405774926,0.1835604620650809,0.4263797230612262,-0.015803543348359365,0.08586979373496227,0.08005082592121983,-0.3946830358154854,0.006930877004254475,0.2067733409773557,Banks—Regional,Financial Services,CBU
2020Q3,2020,Q3,2020-11-09,2020-09-30,42809000.0,152624000.0,58238000.0,0.79,152624000.0,1.0,13845325000.0,2098660000.0,5100663000.0,246572000.0,11746665000.0,0.0,936273000.0,2914222675.0,1176437675.0,39.2190427246607,20.686302580990542,0.007131360224480104,0.04704716342809221,0.02112291230725192,39.2190427246607,0.020398254124060114,19.09413116547856,17.01875,1.3886111494953923,0.5135368730874349,0.0,0.007543692590340579,0.011023504323661597,20.686302580990542,0.003091946198446046,112.97188226856878,1.0,0.19696969696969696,0.3114539205499162,0.24794705366701286,0.5394123337819896,0.053385695256368666,0.21450862460281434,0.1776434190039027,0.14830179042646774,0.05058758935133983,0.2452408225429303,Banks—Regional,Financial Services,CBU
2020Q2,2020,Q2,2020-08-10,2020-06-30,35248000.0,144889000.0,49453000.0,0.66,144889000.0,1.0,13444217000.0,2081315000.0,4651549000.0,246897000.0,11362902000.0,0.0,915392000.0,2999762614.1000004,1780723614.1000004,39.56199091960675,18.84003855858921,0.007500697139892937,0.048450618959648105,0.018067629094701703,39.56199091960675,0.016935447061112805,20.703867195577306,21.27611931244326,1.4412823691272105,0.6054527916477531,0.0,0.007114229605932603,0.010777050087781237,18.84003855858921,0.002621796419977452,44.74586238215991,1.0,-0.13157894736842102,0.148808310257951,0.23784531386170651,0.6166274661097539,-0.02547149506309021,-0.1217421637514327,-0.1225514549325763,0.9142857279997706,0.046553621754938296,0.23540718759172638,Banks—Regional,Financial Services,CBU
2020Q1,2020,Q1,2020-05-11,2020-03-31,40134000.0,148676000.0,56360000.0,0.76,148676000.0,1.0,11808983000.0,1976631000.0,3707942000.0,228557000.0,9832352000.0,0.0,902148000.0,3064778186.3999996,2630264186.3999996,37.92310429373134,16.22327034394046,0.008029649970704504,0.04797152326357322,0.022096037269129,37.92310429373134,0.020304244950119673,20.61380576824773,19.090909119449844,1.5505059803271324,0.5299247520805302,0.0,0.006939490790680082,0.01259007655443318,16.22327034394046,0.003398599185044131,129.45755623891188,1.0,-0.07317073170731701,0.40635421595375254,0.30688150681261467,0.5239564351145105,-0.0079205674516058,-0.06412648073873706,-0.04545762482216652,0.3476832824427024,0.17470361691881472,0.3447174686718036,Banks—Regional,Financial Services,CBU
2019Q4,2019,Q4,2020-03-02,2019-12-31,42884000.0,149863000.0,59044000.0,0.82,149863000.0,1.0,11410295000.0,1855234000.0,3281105000.0,223521000.0,9555061000.0,0.0,882851000.0,3709988977.3399997,3608123977.3399997,35.47457978011632,14.679180032301215,0.009041396388086372,0.05560754061212764,0.0249901370517582,35.47457978011632,0.023115143426651302,24.755870210392157,21.628048790574574,1.9997417993309738,0.4949864751422442,0.0,0.005721580341518805,0.013134016254619183,14.679180032301215,0.003758360322848796,50.92291506883535,1.0,0.09333333333333327,0.4444023682365825,0.2735785385223227,0.463217252769682,0.010062681135000338,0.09347748482839513,0.034752282644888804,0.38983049571435263,0.17744602519094357,0.32447717558121913,Banks—Regional,Financial Services,CBU
2019Q3,2019,Q3,2019-11-12,2019-09-30,39218000.0,148370000.0,57061000.0,0.75,148370000.0,1.0,11597297000.0,1840421000.0,3485270000.0,259796000.0,9756876000.0,0.0,861254000.0,3183366368.08,2264786368.08,35.66525443895963,13.415410552895349,0.008231400816931739,0.05186965373683521,0.023263589068606306,35.66525443895963,0.02130925478463895,21.455593233672573,20.292763323473913,1.729694655777129,0.5006119638941302,0.0,0.0061673705536574325,0.012793498347071736,13.415410552895349,0.003381650051731882,83.77279915999999,1.0,-0.12790697674418602,0.38292073432418605,0.26578886115541334,0.5036658979442556,-0.004268284498610794,-0.12877929579029213,-0.08676098716430332,0.2412120664555176,0.17637838174444895,0.2752109019387129,Banks—Regional,Financial Services,CBU
2019Q2,2019,Q2,2019-08-09,2019-06-30,45015000.0,149006000.0,62482000.0,0.86,149006000.0,1.0,10745388000.0,1809510000.0,3263076000.0,205444000.0,8935878000.0,0.0,843288000.0,3395786703.77,2620820703.77,34.97220280889692,15.883043554447928,0.009294219994661896,0.05519173698957176,0.02610416209377239,34.97220280889692,0.024876900376344976,22.789597088506504,18.859195289181383,1.8766332895479991,0.4348550483172276,0.0,0.0057644963325487585,0.013866972509508265,15.883043554447928,0.004189239141480978,64.58446725441716,1.0,0.07499999999999993,0.4951241853489013,0.28995362817006354,0.4899755374401426,0.045252709480551365,0.07316549849806894,0.09037921225764795,0.48647291760596895,0.1881776738861206,0.24909105364516218,Banks—Regional,Financial Services,CBU
2019Q1,2019,Q1,2019-05-10,2019-03-31,41946000.0,142555000.0,57303000.0,0.8,142555000.0,1.0,10916467000.0,1757128000.0,3466880000.0,189905000.0,9159339000.0,0.0,817933000.0,3157231140.0,2748759140.0,34.13821375143284,18.255864774492508,0.009150579578539467,0.056849586370486385,0.025142262501597488,34.13821375143284,0.023871909160857945,22.14745985759882,18.81723608925762,1.7968134023247029,0.4721785152338721,0.0,0.006273218247809376,0.013058712127284404,18.255864774492508,0.003842451958128944,94.5788490803427,1.0,0.025641025641025664,0.4943402731998046,0.272943436311884,0.5117493429140744,0.006708802655273472,0.027509002278127526,0.013656224018680016,0.4717287611158485,0.1606574460692384,0.2530315117252901,Banks—Regional,Financial Services,CBU
2018Q4,2018,Q4,2019-03-01,2018-12-31,40823000.0,141605000.0,56531000.0,0.78,141605000.0,1.0,10607295000.0,1713783000.0,3178931000.0,211859000.0,8893512000.0,0.0,795563000.0,2988341400.0,2930822400.0,33.43444925670139,15.004937245998518,0.01454800681983484,0.09004348858636128,0.023988881539466423,33.43444925670139,0.023820401999553036,21.103360757035414,18.300598927075423,1.7437104931021021,0.47740244470029153,0.0,0.006521677877902438,0.013349774848347293,15.004937245998518,0.003848577794810081,58.49857881136951,1.0,-0.06024096385542161,1.08051552423483,0.05520405001301948,0.5434684817034866,-0.004932996971336617,-0.05296246462209437,-0.0458258785403234,0.6584685280273486,0.17656828925961396,0.22511228941124256,Banks—Regional,Financial Services,CBU
2018Q3,2018,Q3,2018-11-09,2018-09-30,43106000.0,142307000.0,59246000.0,0.83,142307000.0,1.0,10659567000.0,1668345000.0,3196211000.0,152903000.0,8991222000.0,0.0,774403000.0,3073333700.0,2916432700.0,32.625007333242074,20.903520532625258,0.009375333913657094,0.0599018788080403,0.02648025337513524,32.625007333242074,0.02583758155537374,21.596504037046667,17.824280262608454,1.8421451798039374,0.40354011042546284,0.0,0.0056599776327575495,0.013350167037741776,20.903520532625258,0.004043879080641831,59.843712516551136,1.0,-0.03488372093023259,0.5447526076609515,0.2714784108593889,0.5186429328888913,-0.00765663679788013,-0.03362776308119984,0.004101416853094705,0.38186471388683063,0.21761346408791307,0.2805855316540035,Banks—Regional,Financial Services,CBU
2018Q2,2018,Q2,2018-08-09,2018-06-30,44606000.0,143405000.0,59004000.0,0.86,143405000.0,1.0,10633094000.0,1656959000.0,3225019000.0,155531000.0,8976135000.0,0.0,750779000.0,3028593564.48,2903285564.48,32.317498550455085,20.735538252824195,0.01174126740532906,0.07534646300843896,0.026932552821215656,32.317498550455085,0.026920400565131664,21.11916296140302,16.974137809263325,1.827802356292461,0.38851275613146213,0.0,0.005722127988136139,0.013486667192070341,20.735538252824195,0.0041950160508314885,64.47931795784544,1.0,0.1025641025641025,0.6516490034215704,0.10774971764120586,0.5245318986892223,0.009077155824508321,0.11220266294320051,0.05581104052965912,0.49173616841972106,0.2571320731254352,0.3205947066414011,Banks—Regional,Financial Services,CBU
2018Q1,2018,Q1,2018-05-10,2018-03-31,40106000.0,142115000.0,55885000.0,0.78,142115000.0,1.0,10966555000.0,1631466000.0,3564744000.0,159433000.0,9335089000.0,0.0,723404000.0,2753945348.44,2334908348.44,31.729503640839507,22.358884296224748,0.011385708638674589,0.07653362068225755,0.024491736563192673,31.729503640839507,0.024582798538247196,19.3782876433874,17.16666676083379,1.6880188422192066,0.4308831596269885,0.0,0.006274997435874678,0.012958946542464794,22.358884296224748,0.0036571193050142,46.40021142404637,1.0,-0.4428571428571428,0.5410019183291638,-0.1646854072112875,0.4463009220324442,0.015723832326769823,-0.443173298531086,0.09094990824971694,0.4246185507357844,0.2663164140457225,0.2750638998833119,Banks—Regional,Financial Services,CBU
2017Q4,2017,Q4,2018-03-01,2017-12-31,72026000.0,139915000.0,51226000.0,1.4,139915000.0,1.0,10746198000.0,1635315000.0,3288303000.0,204567000.0,9110883000.0,0.0,700557000.0,2724910000.0,2652757000.0,32.25727868076377,16.074454824091863,0.013854667483327593,0.09104362156526419,0.04343025888284464,32.25727868076377,0.04404411382516518,19.475467247971984,9.458077638630495,1.666290592332364,0.23944131285924528,0.0,0.006329016371182901,0.013019953661750882,16.074454824091863,0.006702463513142043,57.125995807127886,1.0,1.0588235294117645,1.993957252673082,0.26883123060284664,0.41588178378731544,0.018778761577445097,1.0436966206055103,-0.07430698615779392,1.502591367749395,0.22660103749679078,0.3305134827713645,Banks—Regional,Financial Services,CBU
2017Q3,2017,Q3,2017-11-09,2017-09-30,35243000.0,137336000.0,55338000.0,0.68,137336000.0,1.0,10850218000.0,1593245000.0,3349099000.0,213886000.0,9256973000.0,0.0,645180000.0,2794931750.0,2679845750.0,31.495146974519145,15.65833668402794,0.011648982536572075,0.07933117630998371,0.022130899738422763,31.495146974519145,0.0221202639895308,20.351049615541445,19.82614810033198,1.754238519499512,0.459949493516443,0.0,0.005799783840875542,0.012657441537119346,15.65833668402794,0.0032481375028593894,62.86254807584175,1.0,0.9428571428571432,0.5145238429158767,0.2807990531860637,0.3901700627924205,0.06251982515183165,1.050084346460357,0.9548537515896567,0.2677033687006167,0.19517773928973586,0.3278519724955058,Banks—Regional,Financial Services,CBU
2017Q2,2017,Q2,2017-08-09,2017-06-30,17191000.0,129255000.0,28308000.0,0.35,129255000.0,1.0,10884046000.0,1572900000.0,3335442000.0,368686000.0,9311146000.0,0.0,627228000.0,2739263065.11,2824978065.11,32.023442405841884,9.046836603505422,0.028060337120956673,0.19417000445037827,0.010398774609059316,32.023442405841884,0.01092949329264416,21.192704847858884,39.8357144015764,1.7415366934388712,0.8529463091152347,0.0,0.005352899539574224,0.011875638893845174,9.046836603505422,0.0015794677824772147,59.39296773942456,1.0,-0.38596491228070173,-0.33962263966927103,0.28422704284913186,0.4384841219013231,0.1582819556957488,-0.34527935407700805,-0.27178247112391635,-0.3985132641248246,0.1787524162102595,0.36434487899027196,Banks—Regional,Financial Services,CBU
2017Q1,2017,Q1,2017-05-10,2017-03-31,26257000.0,111592000.0,38873000.0,0.57,111592000.0,1.0,8913860000.0,1296030000.0,3060542000.0,178776000.0,7617830000.0,0.0,626258000.0,2526660880.0,2337651880.0,28.201540604056053,17.119423188794915,0.011462710879461872,0.07883845281359228,0.02017182110338978,28.201540604056053,0.02025956189285742,22.641953545056992,24.05702174658186,1.9495388841307686,0.5402749742925697,0.0,0.005614524731945824,0.012518931192547336,17.119423188794915,0.002945637467943181,62.27444063786262,1.0,-0.0338983050847458,0.16602215288547503,0.20570462097210845,0.28886582087970003,0.02503995737879595,-0.005115186420127311,-0.08279458260582323,0.04766983077630991,0.11604086773653623,0.24885445933904238,Banks—Regional,Financial Services,CBU
2016Q4,2016,Q4,2017-03-01,2016-12-31,26392000.0,108866000.0,42382000.0,0.59,108866000.0,1.0,8666437000.0,1198100000.0,2953606000.0,144013000.0,7468337000.0,0.0,614692000.0,2764002823.37,2838515823.37,26.78383624432716,20.509301243637726,0.02865883638224105,0.20730323011434773,0.019513321745376122,26.78383624432716,0.022028211334613138,25.389036277350137,26.182203161658833,2.306988417803188,0.5367156714155805,0.0,0.005124813867856104,0.012561794426013828,20.509301243637726,0.0030453114699847236,104.20368796870876,1.0,-0.03278688524590167,0.19380876962010657,0.2059845988430099,0.3285160096622792,0.0041599409675782874,-0.028276877761413844,-0.02025058948633779,0.5412735160486183,-0.070409885007869,0.23644946997117122,Banks—Regional,Financial Services,CBU
2016Q3,2016,Q3,2016-11-09,2016-09-30,27160000.0,108415000.0,43258000.0,0.61,108415000.0,1.0,8727746000.0,1240582000.0,3032497000.0,173681000.0,7487164000.0,0.0,602513000.0,2134015270.0,2208537270.0,27.968122280587053,17.460153960421692,0.027047533234812286,0.19028488241809086,0.019694692005056913,27.968122280587053,0.02189295024432081,19.683763962551307,19.642997698821794,1.720172685078455,0.5032032400589102,0.0,0.0064043590465967005,0.012421878455216272,17.460153960421692,0.003111914576799096,70.82457502240217,1.0,0.05172413793103453,0.1338976147485413,0.16425163428785414,0.37139421843436426,0.012486224994863557,0.05039254360521329,0.04941655952063269,0.12208061188119683,0.11672228176571631,0.30187223603499197,Banks—Regional,Financial Services,CBU
2016Q2,2016,Q2,2016-08-09,2016-06-30,25857000.0,107078000.0,41221000.0,0.58,107078000.0,1.0,8742111000.0,1236929000.0,3077699000.0,177570000.0,7505182000.0,0.0,589559000.0,1815315110.0000002,2023439110.0000002,27.998121279340864,17.332314017007377,0.04229619138901348,0.2989322750133597,0.017267995682992608,27.998121279340864,0.020904190943861773,16.953203365770747,17.551486154619642,1.4675984716988606,0.526395173453997,0.0,0.0074978718157642605,0.012248528988021314,17.332314017007377,0.0029577524238710764,45.946875648586406,1.0,0.05454545454545439,0.1944450329260696,0.15612012600634664,0.40767467198434376,0.018219508948099122,0.059582838175634145,0.0562174904553258,0.11111947073977925,-0.04007843576329433,0.32077143678323405,Banks—Regional,Financial Services,CBU
2016Q1,2016,Q1,2016-05-09,2016-03-31,24403000.0,105162000.0,39027000.0,0.55,105162000.0,1.0,8615901000.0,1200665000.0,3039079000.0,160322000.0,7415236000.0,0.0,577384000.0,1683914700.0,1681253700.0,27.24449739051509,18.956094609598182,0.01576759064432147,0.11314729753928031,0.019710678435167668,27.24449739051509,0.020324570134050715,16.012577737205454,17.251103347949023,1.402485039540588,0.5575134204810884,0.0,0.008079387869231144,0.012205571999956824,18.956094609598182,0.002832321309170103,74.33189282245961,1.0,0.17021276595744697,0.13916111041839385,0.19537185204849072,0.4512791471682007,0.07158360251485169,0.21583379004533904,0.1882173846856447,0.0939784032183014,-0.2788249641194978,0.24186442190338467,Banks—Regional,Financial Services,CBU
2015Q4,2015,Q4,2016-02-29,2015-12-31,20071000.0,98137000.0,32845000.0,0.47,98137000.0,1.0,8552669000.0,1140647000.0,2987227000.0,135102000.0,7412022000.0,0.0,566591000.0,1669325570.02,1919561570.02,27.290926346652785,22.110901393021567,0.04717194129692146,0.3536992601567356,0.014312370482929387,27.290926346652785,0.01759615376185621,17.010154885720983,20.792755343779582,1.4634900806472115,0.6322056698719546,0.0,0.00760127336924934,0.011474429794956404,22.110901393021567,0.0023467528089769403,52.66841994068465,1.0,-0.21666666666666667,0.0044519224403386515,0.14935457817494252,0.4940714595682095,0.046805832595547686,-0.19786587802733593,-0.150962905518935,0.01196622613230734,0.07947619471176501,0.19789167149893247,Banks—Regional,Financial Services,CBU
2015Q3,2015,Q3,2015-11-06,2015-09-30,25022000.0,93749000.0,38685000.0,0.6,93749000.0,1.0,7997166000.0,1045026000.0,3053148000.0,143790000.0,6952140000.0,0.0,560021000.0,1524676230.0,2028080230.0,25.47663277993125,21.233382015439183,0.08255924661311269,0.6317928931911742,0.015871808016368224,25.47663277993125,0.02394390187421174,16.26338659612369,15.233356945887621,1.4589840157087002,0.48853009351770443,0.0,0.008017439873119815,0.011722777794033537,21.233382015439183,0.0031288583980875226,62.74904230800889,1.0,0.03448275862068969,0.16570500041734562,0.0888796501374516,0.36472504954789253,0.030809152583372735,0.04958053691275168,0.04667207792207792,0.3261086899146459,0.0782441336563839,0.12451776205617139,Banks—Regional,Financial Services,CBU
2015Q2,2015,Q2,2015-08-07,2015-06-30,23840000.0,90947000.0,36960000.0,0.58,90947000.0,1.0,7908771000.0,1000339000.0,2985741000.0,153278000.0,6908432000.0,0.0,547769000.0,1543924290.0000002,2069211290.0000002,24.471927979059128,19.479253382742467,0.08450541809846308,0.6681075115535834,0.01539116780998677,24.471927979059128,0.023831920978788192,16.976088161236767,16.190481229026847,1.5434010770348854,0.5111577181208053,0.0,0.007892874073507838,0.011499511112409247,19.479253382742467,0.0030143747998266734,52.5555465159819,1.0,0.07407407407407393,0.18890734336105822,0.07289769236419491,0.34419761116011643,0.023187003577616272,0.069202134816343,0.05814652580949927,0.10040199456028175,0.0857677027967873,0.09927219516436088,Banks—Regional,Financial Services,CBU
2015Q1,2015,Q1,2015-05-08,2015-03-31,22297000.0,88886000.0,34929000.0,0.54,88886000.0,1.0,7576039000.0,1013402000.0,2800830000.0,138262000.0,6562637000.0,0.0,536056000.0,1441222360.0,1588517360.0,24.884638051271978,20.25740984507674,0.039311835643929496,0.29388929565957045,0.018380171051661842,24.884638051271978,0.022002127487413682,16.214278514051706,16.15937525227609,1.4221625376701448,0.5459927344485805,0.0,0.008446996339967969,0.01173251616048967,20.25740984507674,0.002943094669919202,77.09957524206922,1.0,-0.03571428571428574,0.2835046183995409,0.10221866929842496,0.4122019294618599,-0.03051786571266524,-0.03613884926295768,-0.010453850076491586,0.11737750317469056,0.08375975312867066,0.13727685659250902,Banks—Regional,Financial Services,CBU
2014Q4,2014,Q4,2015-03-02,2014-12-31,23133000.0,91684000.0,35298000.0,0.56,91684000.0,1.0,7489440000.0,987904000.0,2635966000.0,126150000.0,6501536000.0,0.0,525985000.0,1553721240.0,1855447240.0,24.24423284578384,20.895489496630994,0.058765675404302595,0.4455108998445193,0.017610716620168824,24.24423284578384,0.023416242873801504,16.946481828890537,16.79117753858125,1.5727451655221563,0.526909609648554,0.0,0.007845036603863379,0.012241769745134483,20.895489496630994,0.0030887489585336154,52.96656575986909,1.0,0.03703703703703707,0.9887380059064125,0.14211405762727966,0.4067472497291107,-0.008457162632751498,0.03406195520986992,0.014281198816125974,0.14870473114420332,0.11495422496420139,0.2025481034079193,Banks—Regional,Financial Services,CBU
2014Q3,2014,Q3,2014-11-07,2014-09-30,22371000.0,92466000.0,34801000.0,0.54,92466000.0,1.0,7502643000.0,965524000.0,2650995000.0,123868000.0,6537119000.0,0.0,515040000.0,1367348130.0000002,1655768130.0000002,23.7188689905913,21.401774469596667,0.05943505508658749,0.46184248138834455,0.017286771284496953,23.7188689905913,0.023169802097099606,14.787577379793657,15.280364422690091,1.4161720785811642,0.5082472844307362,0.0,0.00831536589003124,0.012324456861402043,21.401774469596667,0.0029817492315707943,48.492681136291104,1.0,-0.05263157894736828,0.4416999170334747,0.1843777344899892,0.36948281568930935,0.01794442731956493,-0.055119107957425244,-0.05202800250606086,0.017706486437778113,0.08201335587414096,0.16303552577346178,Banks—Regional,Financial Services,CBU
2014Q2,2014,Q2,2014-08-08,2014-06-30,23676000.0,90836000.0,36711000.0,0.57,90836000.0,1.0,7461343000.0,955015000.0,2680460000.0,113516000.0,6506328000.0,0.0,504860000.0,1472905600.0,1732519600.0,23.47166240660637,23.613058952042003,0.056493448967565224,0.4413721250451564,0.01869654906769384,23.47166240660637,0.024791233645544836,16.214998458760842,15.552728501436054,1.5422853044193026,0.4784591991890522,0.0,0.007690920585813509,0.012174215821468066,23.613058952042003,0.003173155288531837,54.598569151499426,1.0,0.05555555555555539,1.0781838371383048,0.19344718025701432,0.39375068038474964,0.02683638172322579,0.06778514409416858,0.05880826026765113,0.1875335911305858,0.06490349114320905,0.1800957767665159,Banks—Regional,Financial Services,CBU
2014Q1,2014,Q1,2014-05-12,2014-03-31,22173000.0,88462000.0,34672000.0,0.54,88462000.0,1.0,7397228000.0,918136000.0,2651002000.0,120991000.0,6479092000.0,0.0,492550000.0,1586475160.0000002,1752271160.0000002,22.58192729598111,21.91073716226827,0.04315305679370705,0.3476750721026079,0.019698614486744453,22.58192729598111,0.024150016990946876,17.933973457529788,17.88746628782754,1.727930459104098,0.5092229287872638,0.0,0.007117035478828424,0.011958804027670905,21.91073716226827,0.00299747418897998,62.664421534937006,1.0,0.42105263157894746,0.7015146774404805,0.17341183876524494,0.3474534914136576,-0.16427808901191296,0.43264198488079086,0.2902169463774048,0.12192396860019011,0.08992842990843268,0.20291006722463056,Banks—Regional,Financial Services,CBU
2013Q4,2013,Q4,2014-03-03,2013-12-31,15477000.0,105851000.0,26873000.0,0.38,105851000.0,1.0,7095864000.0,875812000.0,2361285000.0,79998000.0,6220052000.0,0.0,481732000.0,1604302080.0,1698665080.0,21.661893101827804,29.5168004200105,0.0343876376435625,0.2786100213287783,0.017237216153424138,21.661893101827804,0.017671600754499823,15.156229794711434,25.914293467726303,1.831788191986408,0.7275311752923693,0.0,0.007018628312194171,0.014917281390962397,29.5168004200105,0.0021811297398033557,56.04744550027949,1.0,-0.29629629629629634,-0.03346793860320803,0.33602292841199727,0.2019321034724942,0.20019275469130904,-0.2961480740370185,-0.26554428926726614,-0.19930811287912198,0.28154753554946294,0.18590390932727982,Banks—Regional,Financial Services,CBU
2013Q3,2013,Q3,2013-11-08,2013-09-30,21989000.0,88195000.0,36589000.0,0.54,88195000.0,1.0,7302017000.0,865679000.0,2050586000.0,79798000.0,6436338000.0,0.0,477568000.0,1374899520.0,1869901520.0,21.483000794123488,25.697210456402416,0.09164686962520081,0.7730428946526369,0.016877433635127087,21.483000794123488,0.025400870299499004,15.589313679913827,15.631674018827596,1.5882324972651523,0.49092728182272954,0.0,0.007851482848724828,0.01207816963449962,25.697210456402416,0.003011359738001158,111.50847688564477,1.0,0.03846153846153849,0.39919723091419435,0.1715848702468918,0.3439472230560869,-0.1289124616038006,0.04104724931351198,0.029487071269801074,0.04278613862791305,0.04275032234528403,0.15079530236400054,Banks—Regional,Financial Services,CBU
2013Q2,2013,Q2,2013-08-09,2013-06-30,21122000.0,101247000.0,35541000.0,0.52,101247000.0,1.0,7020716000.0,850031000.0,1883369000.0,76151000.0,6170685000.0,0.0,466848000.0,1247880880.0,1523711880.0,21.1983091847677,24.732032409292064,0.060450244675899156,0.4992806144717075,0.01974467835102789,21.1983091847677,0.024848505525092615,12.325114620680118,14.769918568317395,1.468041612600011,0.5079064482530063,0.0,0.008596974416340122,0.014421178694594682,24.732032409292064,0.003008525056418747,42.51144239285958,1.0,0.040000000000000036,0.3861745009664912,0.4126644337028555,0.30186742576703524,-0.23481487639532336,0.04352551751395682,-0.0668959542125023,0.07379720589388057,0.2175801796865421,0.1643838029917999,Banks—Regional,Financial Services,CBU
2013Q1,2013,Q1,2013-05-10,2013-03-31,20241000.0,132317000.0,38089000.0,0.5,132317000.0,1.0,7221073000.0,877294000.0,2130925000.0,105454000.0,6343779000.0,0.0,456524000.0,1167678800.0,1300881800.0,21.938383055340218,20.207151933544484,0.06418727521519309,0.5283302974829419,0.0201126913603141,21.938383055340218,0.02307208301891954,8.82485848379271,14.42219751988538,1.3310005539762042,0.5285806037251124,0.0,0.009162622460902776,0.01832373111309081,20.207151933544484,0.0028030460293089407,61.38892802691762,1.0,0.06382978723404262,0.36801133574258166,0.831377831736522,0.3223176454866613,0.5351424726192686,0.07641991065730695,-0.013442809780356403,0.18656860032309486,0.6709364410125629,0.2450021099841239,Banks—Regional,Financial Services,CBU
2012Q4,2012,Q4,2013-03-01,2012-12-31,18804000.0,86192000.0,38608000.0,0.47,86192000.0,1.0,7496800000.0,902778000.0,2382257000.0,135849000.0,6594022000.0,0.0,447018000.0,1084167360.0,1685743360.0,22.782466057638924,17.536065778916296,0.1107317788923274,0.919532819807306,0.015733625175113227,22.782466057638924,0.020829041026697595,12.578514943382217,14.41405232929164,1.2009235493111263,0.5680174430972134,0.0,0.009851800002538354,0.01149717212677409,17.536065778916296,0.0025082701952833207,65.65538424271786,1.0,0.021739130434782507,0.17979539737313704,0.517950491437929,0.4015422100881899,0.018408677363707257,0.023792671639353186,0.002154445165476963,0.6623479048850618,0.10410136055658634,0.3219297006629697,Banks—Regional,Financial Services,CBU
2012Q3,2012,Q3,2012-11-09,2012-09-30,18367000.0,84634000.0,38525000.0,0.46,84634000.0,1.0,7570373000.0,904599000.0,317833000.0,0.0,6665774000.0,0.0,438912000.0,1125577677.5900002,1668007677.5900002,22.655607265240025,0.0,0.10966209987275395,0.9177359249789133,0.015744744045095706,22.655607265240025,0.020304024214044012,13.299355785972542,15.320652223961453,1.2442835749210426,0.5585561060597811,0.0,0.009114430931115993,0.01117963408143826,0.0,0.002426168433180241,33.846870473312286,1.0,-0.1320754716981132,0.243243234672908,0.21852198734425615,0.4419394121557736,0.03887463635582506,-0.12832803379051777,-0.09811311920591816,0.20674748702536672,0.10520217800879836,0.3080920865602626,Banks—Regional,Financial Services,CBU
2012Q2,2012,Q2,2012-08-09,2012-06-30,21071000.0,81467000.0,42716000.0,0.53,81467000.0,1.0,7166331000.0,885059000.0,163479000.0,0.0,6281272000.0,0.0,431226000.0,1078199100.48,2207229100.48,22.26193665837253,0.0,0.17581269969249258,1.4235570735962235,0.014014236576549068,22.26193665837253,0.023807452384530296,13.234795690034002,12.792452903042095,1.2182228534820843,0.48483697973518103,0.0,0.009475058915790202,0.011368020818463451,0.0,0.0029402772492646517,55.36324007599487,1.0,0.10416666666666677,0.558823517524614,0.29110329694069764,0.4757036787540552,0.05285808444369774,0.11924997344098587,0.0697185214865271,0.8928571568880608,0.09542837863486887,0.32191699193644846,Banks—Regional,Financial Services,CBU
2012Q1,2012,Q1,2012-05-10,2012-03-31,18826000.0,77377000.0,39932000.0,0.48,77377000.0,1.0,6912458000.0,840673000.0,159999000.0,0.0,6071785000.0,0.0,420415000.0,1105739342.24,1986165342.24,21.8808972564789,0.0,0.14647192069738435,1.2043695943607087,0.01540695259533308,21.8808972564789,0.022393962932079417,14.290284480401153,14.683673406990334,1.3153025519316073,0.510411133538723,0.0,0.008690113151381724,0.011193847398421806,0.0,0.0027234885188452502,39.0237989144168,1.0,-0.02040816326530614,0.5312500065069584,0.297252988357599,0.41413646845931923,-0.002024918100446256,-0.008531704234253213,-0.07954728810824517,0.5288093710450822,0.08614957923279194,0.30562334282039655,Banks—Regional,Financial Services,CBU
2011Q4,2011,Q4,2012-02-29,2011-12-31,18988000.0,77534000.0,43383000.0,0.49,77534000.0,1.0,6488275000.0,774583000.0,353457000.0,0.0,5713692000.0,0.0,411805000.0,1068087342.4,1573538342.4,20.16071771023358,0.0,0.12797376806624255,1.0719690465708647,0.01826330797883461,20.16071771023358,0.02451383518615823,13.775728614543297,14.062662502633241,1.3789191634724751,0.5043185169580788,0.0,0.008965558920006165,0.011949863407454216,0.0,0.002926509742574105,73.66627646044554,1.0,-0.09259259259259267,0.829364968714046,0.3716813016461113,0.3181208007017955,-0.0032140285919983543,-0.050979608156737306,-0.025057305946334665,0.24784664558696554,0.02982551256967133,0.11863786470867421,Banks—Regional,Financial Services,CBU
2011Q3,2011,Q3,2011-11-09,2011-09-30,20008000.0,77784000.0,44498000.0,0.54,77784000.0,1.0,6503854000.0,755633000.0,453632000.0,0.0,5748221000.0,0.0,402426000.0,840706521.88,1245206521.88,20.393933345086232,0.0,0.1276746064717935,1.0989157434892336,0.019594940141413563,20.393933345086232,0.026478462428189346,10.80821919520724,10.50462967163135,1.1125857683293345,0.4413734506197521,0.0,0.010504260131409461,0.011959678061653906,0.0,0.0030763298192118087,30.517878680121967,1.0,0.10204081632653071,0.4999999719415479,0.334578694036309,0.32650592588784316,0.010811934712548082,0.11242077171133104,0.10037340191399392,0.3846153873027143,0.12375614605392242,0.27581664912552284,Banks—Regional,Financial Services,CBU
2011Q2,2011,Q2,2011-08-09,2011-06-30,17986000.0,76952000.0,40439000.0,0.49,76952000.0,1.0,6390485000.0,730071000.0,302349000.0,0.0,5660414000.0,0.0,391993000.0,909944764.38,1466728764.38,19.889624951390942,0.0,0.12995523813920226,1.1375290896364874,0.018811640599522835,19.889624951390942,0.024635960064158142,11.824835798679697,12.647959028966975,1.2463784541229552,0.44595796730790616,0.0,0.008814820760538349,0.012041652550628003,0.0,0.0028144968652614004,36.09030120890017,1.0,0.020833333333333353,0.4848484954993848,0.36639694622768465,0.31921182719179075,0.15952685903714306,0.1129950495049505,0.09999183962135844,0.2894737182620915,0.17292919865159487,0.22149623393290796,Banks—Regional,Financial Services,CBU
2011Q1,2011,Q1,2011-05-09,2011-03-31,16160000.0,66365000.0,36763000.0,0.48,66365000.0,1.0,5549372000.0,624100000.0,323698000.0,0.0,4925272000.0,0.0,382838000.0,806856150.0,1340333150.0,18.772747781621298,0.0,0.14964125670436224,1.330580035250761,0.01856654765340587,18.772747781621298,0.02589328633231854,12.15785655089279,12.482304300742573,1.2928315173850342,0.49356435643564356,0.0,0.009885281285889684,0.01195901085744477,0.0,0.0029120412183576807,38.52445330404889,1.0,0.0,0.5190254173559934,0.27759837595080966,0.2188938256042239,-0.022837033983155664,0.016735875173021265,-0.02578439686241255,0.3137517098968902,0.10488127292775344,0.13151163343671768,Banks—Regional,Financial Services,CBU
2010Q4,2010,Q4,2011-03-15,2010-12-31,15894000.0,67916000.0,37736000.0,0.48,67916000.0,1.0,5444506000.0,607258000.0,237973000.0,0.0,4837248000.0,0.0,374700000.0,923213650.0,1541860650.0,18.266145285005265,0.0,0.15253615295859715,1.367596639319696,0.01908349671863921,18.266145285005265,0.02617338923488863,13.593463248719006,14.521417673335849,1.52029886802644,0.5008179187114634,0.0,0.008622056227179917,0.012474226311808638,0.0,0.002919273116789659,43.26414780448943,1.0,-0.058823529411764754,0.6978660728133492,0.2674852522599216,0.18031683780635588,-0.019093561339149023,-0.07924921793534932,-0.05088156140748007,0.18862144540210599,0.4256622380712007,0.12370511461617438,Banks—Regional,Financial Services,CBU
2010Q3,2010,Q3,2010-11-09,2010-09-30,17262000.0,69238000.0,39759000.0,0.51,69238000.0,1.0,5496217000.0,615800000.0,207122000.0,0.0,4880417000.0,0.0,366783000.0,759030870.0,1411000870.0,18.667960105496103,0.0,0.15129060588401078,1.3503182851575186,0.020190689240031832,18.667960105496103,0.028031828515751867,10.962634247089749,10.992800225929788,1.232593163364729,0.4608388367512455,0.0,0.010480469654679525,0.012597391987980096,0.0,0.003140705689022104,35.969617571794146,1.0,0.06250000000000006,0.06795318067041653,0.19040042326269466,0.229855266379481,0.013392269074835707,0.06806088355401559,0.026542046422762127,0.4143163635628894,0.206620203086182,0.18814150976064337,Banks—Regional,Financial Services,CBU
2010Q2,2010,Q2,2010-08-06,2010-06-30,16162000.0,68323000.0,38731000.0,0.48,68323000.0,1.0,5447802000.0,599820000.0,160990000.0,0.0,4847982000.0,0.0,357480000.0,725822410.0,1423424410.0,18.205602938052024,0.0,0.15264302924372067,1.3863642426061151,0.01983026234633087,18.205602938052024,0.026944750091694177,10.6233978308915,11.227298756342037,1.2100670367777,0.4496968197005321,0.0,0.010013468721639497,0.012541388251628822,0.0,0.0029667010658610575,23.799016656829956,1.0,0.14285714285714285,0.04371364947130281,0.19650483710165728,0.16929445487229056,0.051139248296127635,0.15426367661762605,0.05373272390902166,0.4427806484921607,0.30659080615936857,0.20681662345467594,Banks—Regional,Financial Services,CBU
2010Q1,2010,Q1,2010-05-07,2010-03-31,14002000.0,64999000.0,36756000.0,0.42,64999000.0,1.0,5485800000.0,578397000.0,235872000.0,0.0,4907403000.0,0.0,349273000.0,747730720.0,1396074720.0,17.621161345357056,0.0,0.15615060702176528,1.4810087189248906,0.0188899373440836,17.621161345357056,0.024208286004249676,11.503726518869522,13.350427081845451,1.2927638283047804,0.5149978574489359,0.0,0.009643846116152616,0.011848590907433738,0.0,0.0025524080352911154,88.6672263725839,1.0,0.4482758620689656,-0.03050430187027076,0.18453850025584026,0.15979826713225018,0.005165081574267378,0.4943436499466382,0.1939968814968815,0.3330566049232269,0.2755278218093877,0.13883478282394004,Banks—Regional,Financial Services,CBU
2009Q4,2009,Q4,2010-03-11,2009-12-31,9370000.0,64665000.0,30784000.0,0.29,64665000.0,1.0,5402813000.0,565697000.0,387015000.0,0.0,4837116000.0,0.0,342539000.0,633831440.0,1128733440.0,17.234249329758715,0.0,0.15857998416750682,1.5145528436601219,0.017051598507258722,17.234249329758715,0.016563637424274833,9.80176973633341,16.91119103521878,1.1204433468800434,0.7687299893276414,0.0,0.011364220115051409,0.011968765159926875,0.0,0.0017342817528572616,-85.67605298729386,1.0,-0.23684210526315796,-0.31700681378300793,0.20836200596754823,0.1003903780537449,0.03191574243995851,-0.2476916900843035,-0.14996548391550463,0.056650090816528276,0.33906228748462064,0.126786399796912,Banks—Regional,Financial Services,CBU
2009Q3,2009,Q3,2009-11-05,2009-09-30,12455000.0,62665000.0,36215000.0,0.38,62665000.0,1.0,5378095000.0,565900000.0,388206000.0,0.0,4812195000.0,0.0,340380000.0,596953980.0,1093654980.0,17.319581318479525,0.0,0.1596169275552031,1.5169376214878953,0.019573495940824293,17.319581318479525,0.022009188902632974,9.52611473709407,11.982215576073866,1.0548753843435237,0.5783219590525893,0.0,0.012066256765722544,0.011651895327248776,0.0,0.002315875788731884,35.52451678171864,1.0,0.35714285714285704,-0.18895759120747724,0.13397579441435142,0.12269741739801958,0.024557330412177298,0.3604587657018023,0.09391046940131698,0.05886092040744242,0.21923262263468415,0.12653733167148046,Banks—Regional,Financial Services,CBU
2009Q2,2009,Q2,2009-08-06,2009-06-30,9155000.0,61163000.0,33106000.0,0.28,61163000.0,1.0,5336987000.0,550629000.0,498494000.0,0.0,4786358000.0,0.0,335128000.0,476060006.24,860324006.24,16.84064642043937,0.0,0.16088403438119672,1.5593730079599877,0.018436889387925447,16.84064642043937,0.016626439944136616,7.783463960891389,13.000000170398689,0.8645748884275982,0.7866739486619334,0.0,0.015128344968279476,0.011460211538832678,0.0,0.001715387352451861,12.894366366197183,1.0,-0.12499999999999993,-0.31707318249571487,0.14506226018475196,0.12979586569030288,0.010257342010505105,-0.12517916865742953,-0.08657984769892947,-0.15151516692895806,0.21922520107837762,0.1169833513550014,Banks—Regional,Financial Services,CBU
2009Q1,2009,Q1,2009-05-07,2009-03-31,10465000.0,60542000.0,36244000.0,0.32,60542000.0,1.0,5324733000.0,547197000.0,377260000.0,0.0,4777536000.0,0.0,333176000.0,546904250.0,1055069250.0,16.758966034730943,0.0,0.1612916553750207,1.5695170112409242,0.02023566220257053,16.758966034730943,0.019124739353468676,9.033468501205775,13.065080028666985,0.9994650007218606,0.6860965121834687,0.0,0.013128440673115999,0.011369959770752825,0.0,0.0019653567606112833,-32.31530666509099,1.0,-0.20000000000000004,-0.17817729205496302,0.1409372260164711,0.13315209476132034,0.02232353934481594,-0.12565794970340044,-0.02768537396716386,0.0015964288995742523,0.18670252502217502,0.08814119599705442,Banks—Regional,Financial Services,CBU
2008Q4,2008,Q4,2009-03-13,2008-12-31,11969000.0,59220000.0,37276000.0,0.4,59220000.0,1.0,5174552000.0,544651000.0,239830000.0,66556000.0,4629901000.0,0.0,329914000.0,737078312.07,1385858312.0700002,18.02255970969123,3.6034316966163833,0.16668747362090477,1.5836434707730271,0.024677476877696877,18.02255970969123,0.021975540300118793,12.44644228419453,15.395570057440054,1.3533038809623044,0.5506725708079204,0.0,0.008942062046962053,0.011444469009104556,3.6034316966163833,0.0023130504824379,38.746691482416026,1.0,0.025641025641025664,0.306597741697976,0.324389154752264,0.27335909951946213,0.04895848094090974,0.015526896317665026,-0.0670737811592752,0.4065416391410634,0.21580443481586997,0.16457689095364356,Banks—Regional,Financial Services,CBU
2008Q3,2008,Q3,2008-11-06,2008-09-30,11786000.0,56456000.0,39956000.0,0.39,56456000.0,1.0,4766519000.0,483075000.0,129342000.0,53423000.0,4283444000.0,0.0,325125000.0,760045901.9499999,1660078901.9499998,15.985003298918189,2.4210920390094155,0.21055785154742906,2.07758215597992,0.02081863575221255,15.985003298918189,0.02439786782590695,13.462624024904349,16.12179496754624,1.57334969093826,0.5331749533344646,0.0,0.008267921692462986,0.011844283008207876,2.4210920390094155,0.0024726640132977547,223.21465549192362,1.0,0.054054054054054106,-0.1333333532588683,0.15208929043534325,0.21909464283468735,0.06342180112641037,0.04421015327367768,-0.0059212817833507484,-0.20408163416741643,0.05949680351843081,0.05310062691209426,Banks—Regional,Financial Services,CBU
2008Q2,2008,Q2,2008-06-30,2008-06-30,11287000.0,53089000.0,40194000.0,0.37,53089000.0,1.0,4657783000.0,483648000.0,146887000.0,52178000.0,4174135000.0,0.0,319927000.0,612468271.84,1363844271.8400002,16.28300145253121,2.8151136494307947,0.18777366828811046,1.8083585582903268,0.022933858627731635,16.28300145253121,0.023337220457853646,11.536632293695494,13.565789665987419,1.2663512964800847,0.554000177195003,0.0,0.01020950845537599,0.011397911839173273,2.8151136494307947,0.002423255870872473,39.910613309005605,1.0,0.027777777777777804,-0.012987021567258903,0.12768123851271687,0.2059851722556583,-0.002386500300661455,0.035694622866581024,-0.03414634146341464,-0.19148938335384785,0.03127150354837157,0.04581119185714872,Banks—Regional,Financial Services,CBU
2008Q1,2008,Q1,2008-05-08,2008-03-31,10898000.0,53216000.0,41615000.0,0.36,53216000.0,1.0,4658415000.0,488668000.0,185939000.0,58256000.0,4169747000.0,0.0,314927000.0,723391566.24,1431106566.24,16.590857068436147,3.191757072232903,0.1863528689479147,1.7764801460296151,0.023770654300813186,16.590857068436147,0.02230143983236062,13.593497561635598,16.59459456414021,1.480333408858366,0.5724903652046247,0.0,0.008624651283161469,0.011423627993641614,3.191757072232903,0.002339422314242076,115.09810123150358,1.0,-0.10000000000000009,-0.026315785729428862,0.14036470298712783,0.28900729712677575,0.2608633843529356,-0.08010466784840044,0.19254355800091702,-0.15909092016067916,0.0807647179954564,0.09198519331877714,Banks—Regional,Financial Services,CBU
2007Q4,2007,Q4,2008-03-13,2007-12-31,11847000.0,42206000.0,34896000.0,0.4,42206000.0,1.0,4697502000.0,478784000.0,156354000.0,60926000.0,4218718000.0,0.0,310281000.0,585252052.98,1383757052.98,16.255283568095585,2.5662935364212323,0.19783450863884677,1.9410172436839994,0.07217152678221192,16.255283568095585,0.024743934634407164,13.866560512249444,12.35021636237022,1.2223717855650982,0.5264623955431755,0.0,0.010656946811621246,0.008984775312495875,2.5662935364212323,0.0025219787027232774,46.14460718915083,1.0,0.08108108108108115,0.09251438656384568,-0.10491177912769875,0.30935149399607564,-0.1860294684872329,0.0741681022758183,-0.23978824913404354,-0.03765322810502342,-0.12108191778387051,0.037884348114972675,Banks—Regional,Financial Services,CBU
2007Q3,2007,Q3,2007-11-07,2007-09-30,11029000.0,51852000.0,45903000.0,0.37,51852000.0,1.0,4792867000.0,468342000.0,232023000.0,71455000.0,4324525000.0,0.0,304673000.0,597652565.4,1340894565.4,15.711899594566686,3.2471205653908055,0.19789115783934752,2.0251568298380245,0.024513089584670206,15.711899594566686,0.023549030409401678,11.52612368664661,13.54729724816393,1.2761028594488644,0.5419348989028924,0.0,0.010000793681860434,0.010818576855982025,3.2471205653908055,0.00230112790528091,47.50437686988315,1.0,0.08823529411764697,-0.1294117595789527,0.11724805559992722,0.26031928442496133,0.07229712962197038,0.06467805772757988,0.04973929747530187,-0.21276596454685315,0.028518591221714816,0.01848357491274441,Banks—Regional,Financial Services,CBU
2007Q2,2007,Q2,2007-08-08,2007-06-30,10359000.0,48356000.0,43728000.0,0.34,48356000.0,1.0,4583149000.0,459624000.0,267269000.0,54703000.0,4123525000.0,0.0,299883000.0,609962292.9399999,1071797292.9399999,15.085641500310148,4.885819790505091,0.15365963445657124,1.5322198144570345,0.02818250988877431,15.085641500310148,0.022537987572450523,12.613993980891719,14.720588206873249,1.3270897362626843,0.5819094507191814,0.0,0.00988257810322212,0.010550824334971436,4.885819790505091,0.0022602363571422182,73.42750607198747,1.0,0.06250000000000006,0.07936506627269378,0.026422986351795547,0.3218902439987834,0.03223327498612475,0.07280447390223695,0.0686739332323183,-0.170731709131171,-0.02847920992662862,0.01205707743205475,Banks—Regional,Financial Services,CBU
2007Q1,2007,Q1,2007-05-08,2007-03-31,9656000.0,46846000.0,40918000.0,0.32,46846000.0,1.0,4558888000.0,466897000.0,250644000.0,59659000.0,4091991000.0,0.0,295500000.0,631261000.0,1160208000.0,15.472974316487159,4.2012772590891565,0.16536137759909872,1.61462592391898,0.02543050383971201,15.472974316487159,0.020681220911678594,13.475238013917943,16.34375,1.3520348171009882,0.6202361226180613,0.0,0.009487359428192142,0.010275751455179422,4.2012772590891565,0.002118060369107554,86.98649579716137,1.0,0.18518518518518512,0.1228070341489647,0.06896373107116559,0.49027741306487754,0.055232689102130916,0.1844946025515211,0.072808788442883,-0.1794871824294038,-0.04472874675142791,0.046200178613645636,Banks—Regional,Financial Services,CBU
