Quarters,Year,Quarter,FillingDate,Date,NetIncome,Revenue,OperatingIncome,EPSDiluted,GrossProfit,GrossProfitRatio,TotalAssets,CommonStockEquity,CurrentAssets,CurrentLiability,TotalLiability,Inventory,RetainedEarnings,MarketCap,EnterpriseValue,bookValuePerShare,currentRatio,debtToAssets,debtToEquity,roic,shareholdersEquityPerShare,roe,priceToSalesRatio,peRatio,pbRatio,payoutRatio,inventoryTurnover,dividendYield,assetTurnover,quickRatio,returnOnAssets,priceToFreeCashFlowsRatio,grossProfitMargin,epsdilutedGrowth,fiveYNetIncomeGrowthPerShare,fiveYRevenueGrowthPerShare,fiveYShareholdersEquityGrowthPerShare,grossProfitGrowth,netIncomeGrowth,operatingIncomeGrowth,threeYNetIncomeGrowthPerShare,threeYRevenueGrowthPerShare,threeYShareholdersEquityGrowthPerShare,Industry,Sector,Symbol
2023Q2,2023,Q2,2023-05-04,2023-03-25,6871000.0,337854000.0,10193000.0,0.36,90384000.0,0.2675238417,1224957000.0,858287000.0,434508000.0,159111000.0,366670000.0,180721000.0,769424000.0,2807978480.0,2912772480.0,44.61414907994594,2.7308482757320363,0.12088342692845545,0.1725262062689986,0.007118789712064164,44.61414907994594,0.008005480684200041,8.31121869209777,102.16775141900742,3.271607842132061,1.9591034783874255,1.369348332512547,0.004793840157920299,0.27580886512751057,1.5192224296246017,0.005609176485378671,-710.3411282570199,0.267523841659415,0.058823529411764594,-0.6257785124719308,0.23314952580764606,0.15430095953484016,-0.005184084530295526,0.03588120006030454,0.09273156089193825,-0.07541647197405718,0.22145443678047189,0.013295811076235278,Packaged Foods,Consumer Defensive,JJSF
2023Q1,2023,Q1,2023-02-02,2022-12-24,6633000.0,351343000.0,9328000.0,0.34,90855000.0,0.2585934543,1227548000.0,859736000.0,441310000.0,160178000.0,367812000.0,182642000.0,776028000.0,2948654800.0,3041321800.0,44.726667360316306,2.7551224263007406,0.12018511699746161,0.17160267803139567,0.006494479104787255,44.726667360316306,0.007715159072087245,8.392524683855948,111.13579074325342,3.4297212167456057,2.0281923714759538,1.426221789073707,0.004562419446318368,0.28621528445323524,1.5245227184756958,0.005403454691792093,-310.38471578947366,0.2585934542597974,-0.6222222222222222,-0.8223084991177064,0.2864535161180816,0.1802239146197935,-0.2157057396648913,-0.6168110918544194,-0.5682680736832362,-0.6177269339655039,0.22101285148278899,0.0032338220757459992,Packaged Foods,Consumer Defensive,JJSF
2022Q4,2022,Q4,2022-11-22,2022-09-24,17310000.0,400426000.0,21606000.0,0.9,115843000.0,0.2892993961,1216966000.0,863169000.0,444637000.0,181839000.0,353797000.0,180473000.0,782856000.0,2622583400.0,2698964400.0,44.95906036772749,2.4452235219067417,0.09167224063778281,0.12924699566365336,0.01706193410699886,44.95906036772749,0.020054010280721388,6.549483300285196,37.87670999422299,3.0383197264962014,0.701213171577123,1.5768729948524156,0.004628260820990478,0.3290363083274307,1.3603792365774119,0.014223897791721379,80.32660724677632,0.28929939614310757,0.11111111111111106,-0.3072092623201756,0.23173606235425184,0.23249612965482963,0.06203931203931204,0.11225342157681681,0.01627469426152399,-0.34742526337247187,0.26174073478169013,0.01738119889261249,Packaged Foods,Consumer Defensive,JJSF
2022Q3,2022,Q3,2022-08-04,2022-06-25,15563000.0,380227000.0,21260000.0,0.81,109076000.0,0.2868707377,1291242000.0,855899000.0,523739000.0,198991000.0,435343000.0,173948000.0,778999000.0,2677840840.0,2782143840.0,44.63852091373735,2.6319733053253667,0.143726737513185,0.21683165887563835,0.014154884651781982,44.63852091373735,0.018183220216404037,7.042742466999976,43.01614148943006,3.1286878942492047,0.7797982394139947,1.5588049302090279,0.00453200945280975,0.2944661031781804,1.704961530923509,0.012052736822377215,-83.32578772131811,0.28687073774350585,3.764705882352941,-0.39929724189817195,0.25708862651404996,0.23762015194635763,0.6691559037767032,3.7578722103332316,4.200587084148728,-0.5051145663262527,0.142532620182554,0.03774870305851447,Packaged Foods,Consumer Defensive,JJSF
2022Q2,2022,Q2,2022-05-05,2022-03-26,3271000.0,281513000.0,4088000.0,0.17,65348000.0,0.2321313758,1123328000.0,849981000.0,584276000.0,165716000.0,273347000.0,158991000.0,775574000.0,2967300720.0000005,2805994720.0000005,44.42254625274381,3.5257669748243985,0.05315544524840474,0.07024980558388952,0.0032913147117594453,44.42254625274381,0.0038483213154176387,10.54054597833848,226.78849892999085,3.4910200580954167,3.6939773769489452,1.3596052606751325,0.0040720510457733445,0.2506062343322698,2.495112119529798,0.0029118832611668187,-58.07418964673648,0.2321313758156817,-0.7068965517241378,-0.7999194842046228,0.11673430414762836,0.2668980341436821,-0.17671811023622047,-0.7050761879000992,-0.7246210845402492,-0.8421417316754652,0.000808503696898137,0.06343880427748783,Packaged Foods,Consumer Defensive,JJSF
2022Q1,2022,Q1,2022-02-02,2021-12-25,11091000.0,318490000.0,14845000.0,0.58,79375000.0,0.2492228955,1111906000.0,845998000.0,576046000.0,158098000.0,265908000.0,132724000.0,784439000.0,2976305750.0,2767827750.0,44.32790149331936,3.6436008045642576,0.05394520759848404,0.07090087683422419,0.01128941515901649,44.32790149331936,0.01310996007082759,9.345052434927313,67.08830921467856,3.5181002200950826,1.0891714002344244,1.8015957927729724,0.004058722797548605,0.2864360836257741,2.7612683272400664,0.009974764053795914,-279.5703315799361,0.24922289553832144,-0.40816326530612246,-0.19799657831771025,0.38241564939977,0.28583208079717337,-0.13471705929163988,-0.4123973509933775,-0.41245151587113116,-0.37777951876938937,0.15293082797595617,0.08232188293741786,Packaged Foods,Consumer Defensive,JJSF
2021Q4,2021,Q4,2021-11-23,2021-09-25,18875000.0,323060000.0,25266000.0,0.98,91733000.0,0.2839503498,1122219000.0,845654000.0,584769000.0,167629000.0,276565000.0,123160000.0,785440000.0,2930412800.0,2707746800.0,44.340079697986575,3.4884715651826355,0.05393421426655581,0.07157300740018968,0.019214783750067237,44.340079697986575,0.022320003216445495,9.070800470500835,38.81341456953643,3.465262152133142,0.6392582781456954,1.8782640467684313,0.004117508632230927,0.2878760740996187,2.709024094876185,0.016819355223891237,332.66123283006016,0.2839503497802266,-0.3509933774834437,-0.1045059181362997,0.20505410792306664,0.2966179293288401,-0.04617672135920311,-0.34672758107500085,-0.3376153523489933,-0.20750164933208776,0.05481641098781695,0.09382449854430701,Packaged Foods,Consumer Defensive,JJSF
2021Q3,2021,Q3,2021-07-29,2021-06-26,28893000.0,324344000.0,38144000.0,1.51,96174000.0,0.2965185112,1101546000.0,835030000.0,567384000.0,159867000.0,266516000.0,114822000.0,778640000.0,3334779500.0,3113533500.0,43.845103701758994,3.549100189532549,0.04994979782959586,0.06589224339245296,0.03020634995109679,43.845103701758994,0.03460115205441721,10.281613040475545,28.854562523794687,3.9936044213980333,0.3787422559097359,1.987162738847956,0.0032814763314935815,0.2944443536629428,2.758636866895607,0.02622949926739328,107.0211649550706,0.2965185112103199,3.7187499999999996,0.05410961990924985,0.14044099156956996,0.31418823831936826,0.5793155543878087,3.7670351427157236,4.275795297372061,0.08563547737345063,0.039823309953858965,0.11074856757848421,Packaged Foods,Consumer Defensive,JJSF
2021Q2,2021,Q2,2021-04-29,2021-03-27,6061000.0,256178000.0,7230000.0,0.32,60896000.0,0.2377097175,1064915000.0,813000000.0,530269000.0,143197000.0,251915000.0,115590000.0,761813000.0,2996105839.9999995,2814850839.9999995,42.775965484583814,3.703073388408975,0.05364841325363996,0.07027183271832718,0.006048703474417812,42.775965484583814,0.00745510455104551,11.695406475185221,123.58133311334761,3.6852470356703564,1.7983831050981687,1.689436802491565,0.0036380557236923247,0.2405619227825695,2.7755330069764033,0.005691534066099172,-815.0451142546244,0.23770971746207714,2.555555555555556,-0.6187242648088306,0.0935715650751221,0.32111836924331927,0.21488279301745636,2.4088863892013497,11.508650519031141,-0.6658647829126897,-0.05354994370728202,0.10674167326165514,Packaged Foods,Consumer Defensive,JJSF
2021Q1,2021,Q1,2021-01-28,2020-12-26,1778000.0,240997000.0,578000.0,0.09,50125000.0,0.207990141,1051843000.0,808289000.0,508655000.0,132691000.0,243554000.0,114882000.0,766695000.0,2965221000.0,2796139000.0,42.68756271454978,3.8333798072212883,0.056332551530979436,0.07330670094483532,0.0005736461179161657,42.68756271454978,0.0021997082726599028,12.30397473827475,416.9320866141732,3.6685158402502074,6.116985376827897,1.6614613255340263,0.003667854773725129,0.22911879434478338,2.8323774785026865,0.0016903663379420693,255.00696594427245,0.20799014095611149,-0.7428571428571429,-0.8593867494062853,0.06726747403333408,0.32576107530869797,-0.07050271663545163,-0.729951397326853,1.0728418399495905,-0.9516471943977141,-0.1042069412696031,0.12641708729777326,Packaged Foods,Consumer Defensive,JJSF
2020Q4,2020,Q4,2020-11-25,2020-09-26,6584000.0,252536000.0,-7935000.0,0.35,53927000.0,0.2135418317,1056553000.0,809498000.0,499557000.0,134126000.0,247055000.0,108923000.0,775817000.0,2435376549.9999995,2301145549.9999995,42.84191585075417,3.724535138601017,0.05828197922868043,0.07606936644685966,-0.010024432565092039,42.84191585075417,0.008133435783658514,9.64368070294928,92.47328941373024,3.0085022446009746,1.649453219927096,1.8233889995685024,0.00445926934789612,0.23901877141989092,2.7850454050668776,0.006231585164208516,158.72883725477413,0.21354183165964458,1.5223880597014925,-0.6715293626270873,-0.03835096428750145,0.33477727687645525,0.44980643079901067,1.5205977702221871,0.44696124895455813,-0.7322518126184115,-0.2106849247941165,0.17445727382138745,Packaged Foods,Consumer Defensive,JJSF
2020Q3,2020,Q3,2020-07-31,2020-06-27,-12647000.0,214563000.0,-14348000.0,-0.67,37196000.0,0.1733570094,1057286000.0,810600000.0,478941000.0,127840000.0,246686000.0,120564000.0,780098000.0,2231994960.0,2133301960.0,42.91613722998729,3.746409574468085,0.06740654846465384,0.087920059215396,-0.010502630308424585,42.91613722998729,-0.015602023192696768,10.402515624781532,-44.121035818771254,2.7535096965210957,-0.8602040009488416,1.471143956736671,0.004874114948718343,0.202937521162675,2.6964721526908635,-0.011961758691593381,162.94312746386333,0.17335700936321732,-2.763157894736842,-1.5116136465548429,-0.23822444851557778,0.3589398819964533,-0.4643664588223435,-2.730332466821727,-2.306501547987616,-1.4955421218181744,-0.2798805751502296,0.18986640220827736,Packaged Foods,Consumer Defensive,JJSF
2020Q2,2020,Q2,2020-05-01,2020-03-28,7309000.0,272042000.0,10982000.0,0.38,69443000.0,0.255265731,1077937000.0,833068000.0,482494000.0,128057000.0,244869000.0,128090000.0,803618000.0,2167589760.0,2092885760.0,44.02875112309074,3.7678065236574336,0.06332930403168274,0.08194409099857394,0.007852802561607374,44.02875112309074,0.008773593512174277,7.9678496702715025,74.14111916814886,2.601936168476043,1.4867970994664113,1.5816925599188072,0.005013402536096129,0.2523728195618111,2.710136892165208,0.00678054468860425,-202.97684801947747,0.25526573102682676,-0.5730337078651685,-0.506771836081644,0.1942080047737044,0.4389170171152229,-0.10811574472457328,-0.5715458115950525,-0.49398700640464455,-0.5478902218485372,0.09131228749294382,0.25566728944988804,Packaged Foods,Consumer Defensive,JJSF
2020Q1,2020,Q1,2020-01-31,2019-12-28,17059000.0,282897000.0,21703000.0,0.89,77861000.0,0.2752273796,1093035000.0,842520000.0,495146000.0,134354000.0,250515000.0,125789000.0,807187000.0,3526933740.0,3424638740.0,44.58249550216954,3.685383390148414,0.06224137378949439,0.08074823149598823,0.016124701669558164,44.58249550216954,0.020247590561648387,12.467200924718183,51.687287355648046,4.186172126477709,0.5537839263731754,1.6299994435125489,0.002678530615094572,0.25881787865896333,2.720387930392843,0.015607002520504834,220.9304522676021,0.2752273795763122,-0.3455882352941177,0.4971823402302698,0.3135902056533782,0.47751729227061,-0.16225347263317588,-0.3455710285034718,-0.3012781301310325,0.2457629334999538,0.24007371539565117,0.29321716182131485,Packaged Foods,Consumer Defensive,JJSF
2019Q4,2019,Q4,2019-11-27,2019-09-28,26067000.0,311872000.0,31061000.0,1.36,92941000.0,0.2980100811,1019339000.0,833751000.0,506357000.0,121234000.0,185588000.0,116165000.0,800995000.0,3611143800.0,3419805800.0,44.19096835744951,4.176691357210023,0.0010369464917951731,0.0012677645963842922,0.029364832274527405,44.19096835744951,0.03126473011726523,11.578929176072235,34.63328921625043,4.331201761677048,0.3611462769018299,1.8846554469935006,0.002606930247419114,0.3059551336699567,3.1709256479205505,0.025572454306172922,115.21004977029096,0.298010081058896,-0.16564417177914098,0.1613218423970294,0.2162083299415574,0.4652077815017313,-0.08296085802523952,-0.1556426535371858,-0.20442088007786485,0.25014445894093845,0.175961579164359,0.2922575303642124,Packaged Foods,Consumer Defensive,JJSF
2019Q3,2019,Q3,2019-08-01,2019-06-29,30872000.0,326701000.0,39042000.0,1.63,101349000.0,0.3102194361,995690000.0,809667000.0,466795000.0,130536000.0,186023000.0,119190000.0,784375000.0,3029561850.0,2874508850.0,43.01476916538277,3.575986700986701,0.0010485191173959768,0.0012894189833598257,0.034557062501615235,43.01476916538277,0.03812925560755224,9.273194296925935,24.53324897965794,3.7417380849163915,0.304644985747603,1.8906955281483346,0.0031044093059199307,0.3281151764103285,2.631143899001042,0.031005634283763017,86.26560693641619,0.31021943612048936,0.5092592592592591,0.29433665872997206,0.26140320562434693,0.4677613023367387,0.2788840096910963,0.5167534636926403,0.5761172338621775,0.13959369957416298,0.16227674702443387,0.28930026248063817,Packaged Foods,Consumer Defensive,JJSF
2019Q2,2019,Q2,2019-05-02,2019-03-30,20354000.0,276302000.0,24771000.0,1.08,79248000.0,0.2868165992,952712000.0,785115000.0,407095000.0,112203000.0,167597000.0,123104000.0,762916000.0,2985397800.0,2859652800.0,41.772545889864325,3.6282006719962925,0.0009551679836088975,0.0011590658693312445,0.023274469366596495,41.772545889864325,0.02592486451029467,10.804836012768638,36.66844109265992,3.8024974685237196,0.46118699027218235,1.6007115934494411,0.003144304588152373,0.29001629033747867,2.487339910697575,0.021364273778434615,1017.5179959100204,0.28681659922838054,0.16129032258064518,0.4971924669455388,0.3384043321525,0.4625476687005692,0.031029233831622496,0.161360264749515,0.12177339009147722,0.29477125227057493,0.19271807800874202,0.290128161456651,Packaged Foods,Consumer Defensive,JJSF
2019Q1,2019,Q1,2019-01-31,2018-12-29,17526000.0,271612000.0,22082000.0,0.93,76863000.0,0.2829882332,933984000.0,768545000.0,377468000.0,109876000.0,165439000.0,117842000.0,751967000.0,2682081450.0,2558361450.0,40.95630162536637,3.435399905347847,0.0010642580600952478,0.0012933530242210931,0.02174763338165387,40.95630162536637,0.022804129881789616,9.874679506060115,38.258607925368025,3.489817056906232,0.48145612233253454,1.6526280952461772,0.0031460640391812113,0.290810120944256,2.3202792238523426,0.018764775413711583,127.87648755602174,0.2829882332150273,-0.24999999999999994,0.4039657441920277,0.3284356172601033,0.4598751568321431,-0.15770267604707738,-0.2505452212957024,-0.2908115746539487,0.3986016603817674,0.2137446591078046,0.2719927545782764,Packaged Foods,Consumer Defensive,JJSF
2018Q4,2018,Q4,2018-11-28,2018-09-29,23385000.0,300715000.0,31137000.0,1.24,91254000.0,0.3034567614,932013000.0,759091000.0,382797000.0,117899000.0,172922000.0,112884000.0,743745000.0,2825566139.9999995,2715164139.9999995,40.53674036099541,3.2468214319035784,0.0011555632807696888,0.0014188022252931466,0.028501501222305273,40.53674036099541,0.030806583136936152,9.396159619573348,30.207035920461834,3.7223022536164962,0.3598032927090015,1.8555419722901385,0.0029778103159177863,0.32265107890125994,2.2465754586552897,0.025090851737046588,132.0234622932436,0.30345676138536487,-0.10791366906474814,0.15521385062197124,0.2689653064172074,0.4753045962980722,-0.034093675575549084,-0.10501741360174519,-0.10702916630818206,0.17718842313036612,0.15544764602840394,0.26295752274451245,Packaged Foods,Consumer Defensive,JJSF
2018Q3,2018,Q3,2018-08-02,2018-06-30,26129000.0,306239000.0,34869000.0,1.39,94475000.0,0.3085008768,914232000.0,738075000.0,380726000.0,123086000.0,176157000.0,116194000.0,728798000.0,2850884060.0,2756425060.0,39.47347309872713,3.093170628666136,0.001278668871796218,0.0015838498797547675,0.03383799750815175,39.47347309872713,0.035401551332859126,9.309343551931661,27.277010792605918,3.8625939911255633,0.3219794098511233,1.8225037437389193,0.0029510144302395797,0.3349685856544072,2.093454982695026,0.02858027284102941,108.2874638204125,0.30850087676618587,0.46315789473684205,0.2413243443263178,0.29948286504119,0.47039533628139824,0.2225342270762701,0.4652049571020019,0.48120300751879697,0.06774662924988413,0.09830639922820872,0.24992789046476607,Packaged Foods,Consumer Defensive,JJSF
2018Q2,2018,Q2,2018-05-03,2018-03-31,17833000.0,266101000.0,23541000.0,0.95,77278000.0,0.2904085291,887549000.0,722182000.0,374600000.0,115033000.0,165367000.0,116086000.0,711084000.0,2551623600.0,2477676600.0,38.65036125234145,3.2564568428190173,0.0014173865330252189,0.0017419431666809751,0.023170471639526742,38.65036125234145,0.02469322137632896,9.5889290156745,35.77109291762463,3.533214065152552,0.4710929176246285,1.626578571059387,0.003292413504875876,0.2998155594789696,2.1908582754513923,0.020092411799235873,617.5274927395934,0.2904085290923371,-0.5077720207253886,0.4172793223987442,0.32987673581260873,0.4711754423264593,0.05457225125888727,-0.5080416011476179,0.10895986433013001,0.2186115739363746,0.18288223394015904,0.26314422065171883,Packaged Foods,Consumer Defensive,JJSF
2018Q1,2018,Q1,2018-02-01,2017-12-30,36249000.0,265210000.0,21228000.0,1.93,73279000.0,0.2763055692,865017000.0,707381000.0,357092000.0,110242000.0,157636000.0,113049000.0,701664000.0,2834058780.0,2754123780.0,37.896764170148934,3.239164746648283,0.0013340778273721787,0.001631369799301932,0.04668341451084253,37.896764170148934,0.05124395481360116,10.68609320915501,19.54577215923198,4.006410661298508,0.21622665452840079,1.6977682243982697,0.002765644825475356,0.30659513050032544,2.1792329602148,0.041905534804518293,246.78324451410657,0.2763055691715999,0.4961240310077519,2.5715645599424084,0.39604067869125986,0.47809876552394487,-0.24878263811290968,0.4890933738651769,-0.42423173940166536,2.2209333635582933,0.2467691234771937,0.25594414919576447,Packaged Foods,Consumer Defensive,JJSF
2017Q4,2017,Q4,2017-11-28,2017-09-30,24343000.0,316726000.0,36869000.0,1.29,97547000.0,0.3079854511,867228000.0,682322000.0,381832000.0,119044000.0,184906000.0,103268000.0,673815000.0,2455966500.0,2366248500.0,36.478053996257685,3.2074863075837508,0.0014344555295723847,0.0018231861203361463,0.03468166703777511,36.478053996257685,0.0356767039608865,7.754230786231632,25.222512631968122,3.599424465281788,0.3231729860740254,2.122429019638223,0.0032032195878893294,0.3652165289866102,2.3069453311380665,0.028069896267186947,91.02240382477207,0.30798545114704823,-0.03731343283582093,0.25672174791820995,0.31891576729750654,0.44742431390846393,0.029367692372630958,-0.03797818526715144,-0.02462962962962963,0.09390794972244537,0.2458347520775385,0.20947629246388935,Packaged Foods,Consumer Defensive,JJSF
2017Q3,2017,Q3,2017-07-27,2017-06-24,25304000.0,295415000.0,37800000.0,1.34,94764000.0,0.3207826278,865784000.0,675446000.0,385088000.0,128322000.0,190338000.0,107179000.0,657311000.0,2497619990.0,2406332990.0,36.06803011694345,3.0009507333115133,0.0015327148572854199,0.0019646278162873125,0.0360366342337491,36.06803011694345,0.03746265430545151,8.454614660731513,24.6761380611761,3.697734519117739,0.3105833069870376,1.8721111411750435,0.0031465955715705173,0.3412109717897305,2.1017986003958793,0.029226689335908263,135.68122501086484,0.32078262782864786,0.5764705882352943,0.36669030949315534,0.3162930873277617,0.4690530827661633,0.30139939849211034,0.5827860136360793,0.5677491601343785,0.0663316424573977,0.1464540202110805,0.23072283972105653,Packaged Foods,Consumer Defensive,JJSF
2017Q2,2017,Q2,2017-04-27,2017-03-25,15987000.0,246513000.0,24111000.0,0.85,72817000.0,0.2953880728,825037000.0,656083000.0,348320000.0,106259000.0,168954000.0,105744000.0,639872000.0,2550496410.0,2465640410.0,35.06402650847095,3.2780282140806896,0.0017199228640654904,0.0021628361045782315,0.023644579773819837,35.06402650847095,0.02436734376595644,10.346295773448054,39.88391208481892,3.887459986007868,0.49121160943266406,1.6426085640792858,0.003079008450750966,0.2987902360742609,2.2002842112197554,0.01937731277506342,-353.1565231237884,0.2953880728399719,0.18055555555555558,0.5458696466083974,0.3107066600319183,0.4762861223041112,0.10504590636618863,0.18072378138847858,0.24752936306721168,0.1812455062954287,0.19946744004195502,0.22766781704972383,Packaged Foods,Consumer Defensive,JJSF
2017Q1,2017,Q1,2017-01-26,2016-12-24,13540000.0,225570000.0,19327000.0,0.72,65895000.0,0.2921266126,794173000.0,644183000.0,362851000.0,99995000.0,149990000.0,95359000.0,631745000.0,2475708140.0,2336251140.0,34.47409825537836,3.6286914345717287,0.0019000897789272614,0.0023425020529880486,0.019696873345786802,34.47409825537836,0.02101887196650641,10.975343086403333,45.71100701624816,3.843175215738385,0.5376661742983752,1.6744617707819922,0.0029405727930433673,0.2840313130766218,2.593639681984099,0.0170491819792413,165.0362069195387,0.2921266125814603,-0.3454545454545455,1.4844034273266848,0.31463229520149993,0.4822229960211098,-0.1742170758299184,-0.3432922688912601,-0.37115246957766646,0.08924253608548738,0.1079116304748453,0.22881895092906807,Packaged Foods,Consumer Defensive,JJSF
2016Q4,2016,Q4,2016-11-22,2016-09-24,20618000.0,262240000.0,30734000.0,1.1,79797000.0,0.3042899634,790487000.0,637974000.0,355104000.0,102291000.0,152513000.0,88684000.0,626057000.0,2228272640.0,2089220640.0,34.19671955403088,3.4715077572806994,0.0020240687070122595,0.002507939195014217,0.031158047292836923,34.19671955403088,0.03231793145175195,8.497073825503355,27.018535260452033,3.492732681896127,0.3519255019885537,2.0572256551350865,0.0032563340184439907,0.33174486107930934,2.468604276036015,0.02608265537573673,58.044560681445205,0.3042899633923124,-0.23076923076923067,0.2980736820654273,0.20292952523148425,0.4847988679319863,-0.1334513389657494,-0.23041319846217012,0.015093965716550518,0.022346311190904848,0.1107596093672738,0.2445642418974969,Packaged Foods,Consumer Defensive,JJSF
2016Q3,2016,Q3,2016-07-28,2016-06-25,26791000.0,277981000.0,30277000.0,1.43,92086000.0,0.3312672449,771233000.0,621050000.0,331878000.0,104386000.0,150183000.0,94906000.0,612720000.0,2099027400.0,1996396400.0,33.36287939833468,3.179334393501044,0.0021912962749259953,0.002721197971177844,0.03138730720643723,33.36287939833468,0.04313823363658321,7.550974347167612,19.58705722070845,3.3798042025601807,0.2710238512933448,1.9587275830822077,0.003459221161191131,0.3604371182249722,2.189287835533501,0.03473788077014339,71.00664388890769,0.3312672448836431,0.7228915662650602,0.15379119151733406,0.35342910140505995,0.4950248850941234,0.33945221021396677,0.7186938670772389,0.30061428755530734,0.27844933930496446,0.18483339685622405,0.24277441079315454,Packaged Foods,Consumer Defensive,JJSF
2016Q2,2016,Q2,2016-04-25,2016-03-26,15588000.0,229710000.0,23279000.0,0.83,68749000.0,0.2992860563,745107000.0,603440000.0,303828000.0,95729000.0,141667000.0,100649000.0,593185000.0,1965830760.0,1878271760.0,32.3786017062832,3.1738344702232344,0.0023862344602855697,0.0029464404083255997,0.02467772399212183,32.3786017062832,0.025831897123160547,8.557880632101345,31.527950346420326,3.257707079411375,0.4672183731075186,1.5992309908692586,0.0037047950150093287,0.30829129239156255,2.0085867396504717,0.02092048524574323,-644.9575984251968,0.29928605633189675,0.20289855072463772,0.8003044694200564,0.4116691071865158,0.5274726791393779,0.07697971332341193,0.24913855276865132,0.2679193899782135,0.24204844513805407,0.15096437368116525,0.23244911932790072,Packaged Foods,Consumer Defensive,JJSF
2016Q1,2016,Q1,2016-01-25,2015-12-26,12479000.0,222850000.0,18360000.0,0.69,63835000.0,0.2864482836,741638000.0,601694000.0,305253000.0,94211000.0,139944000.0,94503000.0,584358000.0,2208990270.0,2098470270.0,32.19853374003318,3.240099351455775,0.0018904101461899201,0.002330088051401543,0.019448688580861632,32.19853374003318,0.020739778026704604,9.912453533767108,44.25415237599166,3.671285188152117,0.538745091754147,1.6826449953969715,0.003043471984147762,0.3004835243070069,2.1664349173663373,0.016826268341158353,290.12217888100867,0.2864482835988333,-0.3428571428571429,0.748831525480921,0.4235512690654032,0.5447659673177037,-0.22570745848646945,-0.3706374823481945,-0.23015640068765986,0.22815713408042612,0.1717433352961377,0.25584898908895654,Packaged Foods,Consumer Defensive,JJSF
2015Q4,2015,Q4,2015-11-23,2015-09-26,19828000.0,259772000.0,23849000.0,1.05,82443000.0,0.3173667678,742935000.0,599919000.0,326783000.0,97116000.0,143016000.0,80622000.0,579163000.0,2202734350.0,2070514350.0,32.09667754534268,3.3648729354586266,0.0019772927645083354,0.002448663902960233,0.024358577919381875,32.09667754534268,0.03305112856902349,8.47949105369324,27.773027410732297,3.671719598812506,0.339368569699415,2.199511299645258,0.0030548395452225097,0.349656430239523,2.4335639853371225,0.026688741276154712,96.58997368998027,0.31736676778097717,-0.1923076923076923,0.20541699475880826,0.2961736969949329,0.5771079816012825,-0.08797955661754944,-0.18943667729539695,-0.38550926283785525,0.024398931786742406,0.08255721099261178,0.27357428330949185,Packaged Foods,Consumer Defensive,JJSF
2015Q3,2015,Q3,2015-07-27,2015-06-27,24462000.0,278724000.0,38811000.0,1.3,90396000.0,0.3243208335,742926000.0,590273000.0,333708000.0,105569000.0,152653000.0,83120000.0,566060000.0,2101055310.0,1976042310.0,31.5806002889091,3.1610415936496508,0.002066154637204782,0.0026004916369205436,0.041320042556389984,31.5806002889091,0.041441841317492074,7.5381212597408185,21.472644407652687,3.559463688835505,0.27507971547706644,2.2657362848893166,0.0032026762779510075,0.37517060918584083,2.29287006602317,0.032926563345474516,96.43619176573186,0.3243208335127223,0.6666666666666666,0.5289061955366479,0.45633099312716735,0.6017391117883663,0.350201643017177,0.6712441073990572,0.7799128640220133,0.3237579184901136,0.2443143116540148,0.28627979015227356,Packaged Foods,Consumer Defensive,JJSF
2015Q2,2015,Q2,2015-04-27,2015-03-28,14637000.0,225008000.0,21805000.0,0.78,66950000.0,0.2975449762,709313000.0,571856000.0,281308000.0,90171000.0,137457000.0,87043000.0,548325000.0,1989630940.0,1902622940.0,30.598533896944726,3.1197169821783057,0.002265572462368517,0.002810148009289052,0.024074651077747825,30.598533896944726,0.025595604487843093,8.842489778141221,33.9829018924643,3.4792516647547633,0.45938375350140054,1.8158611261100834,0.0033795212291984162,0.31721961954736483,2.0454580741036477,0.02063545994504542,-541.838491285403,0.29754497617862474,0.3000000000000001,0.60788490555942,0.4136641592096986,0.6105638444095732,0.09572674751640727,0.3003731343283582,0.3127633955448525,0.4169969075303901,0.19777314979790298,0.28827734441731895,Packaged Foods,Consumer Defensive,JJSF
2015Q1,2015,Q1,2015-01-26,2014-12-27,11256000.0,212752000.0,16610000.0,0.6,61101000.0,0.2871935399,702864000.0,563317000.0,275336000.0,93482000.0,139547000.0,85531000.0,540417000.0,2060124150.0,1962530150.0,30.17392468798543,2.9453370702381205,0.0006843429169796718,0.0008538709110500837,0.018468745219318884,30.17392468798543,0.019981644438211522,9.683218724148304,45.75613339552238,3.6571311535068176,0.5305614783226723,1.773053045094761,0.0028988544209823473,0.3026929818570876,1.9453156757450631,0.01601447790753261,144.4991337588553,0.2871935398962172,-0.4915254237288135,0.5767359216891008,0.41733510946288466,0.6325314573548472,-0.25658839274850953,-0.4927216188201361,-0.2876442080885191,1.0672015815707632,0.24105748328015023,0.2973358932097247,Packaged Foods,Consumer Defensive,JJSF
2014Q4,2014,Q4,2014-11-25,2014-09-27,22189000.0,253494000.0,23317000.0,1.18,82190000.0,0.3242285813,704773000.0,562518000.0,275606000.0,95957000.0,142255000.0,76083000.0,535885000.0,1757670240.0,1666430240.0,30.1602058870838,2.8721823316693937,0.0007378262220601527,0.000924414863168823,0.02695740891675843,30.1602058870838,0.039445848843948104,6.933774527207745,19.803396277434764,3.124647104625985,0.26927756996710084,2.251541080136167,0.0033993862238914626,0.35968176987483913,1.9981033171107891,0.031483896233255246,58.74173651493884,0.32422858134709304,-0.06349206349206354,0.5091946385597917,0.3978682052819261,0.6538480203158737,-0.025815475061634743,-0.06288537883267167,-0.346185121834955,0.3973556353522576,0.1631221964929518,0.3095361233986866,Packaged Foods,Consumer Defensive,JJSF
2014Q3,2014,Q3,2014-07-28,2014-06-28,23678000.0,257113000.0,35663000.0,1.26,84368000.0,0.328135878,698235000.0,547619000.0,265586000.0,103882000.0,150616000.0,80161000.0,519670000.0,1755923420.0,1688742420.0,29.3063791073531,2.556612310121099,0.0008206406152656341,0.0010463479170737318,0.04181921488953235,29.3063791073531,0.04323809071635572,6.8293840451474646,18.539608708505785,3.206469132736446,0.2526818143424276,2.154975611581692,0.003407323993662548,0.3682327583120296,1.6984559403939086,0.0339112190021984,89.92284631535823,0.32813587799916766,0.7500000000000001,0.5685556107607477,0.41453657976159575,0.6571258977537642,0.3805246019668483,0.7512018341838621,0.7540330513476293,0.015850987151580415,0.24707085434325562,0.3132489415671469,Packaged Foods,Consumer Defensive,JJSF
2014Q2,2014,Q2,2014-04-28,2014-03-29,13521000.0,205321000.0,20332000.0,0.72,61113000.0,0.2976461248,665994000.0,533900000.0,249479000.0,85996000.0,132094000.0,76752000.0,501965000.0,1769105520.0,1692446520.0,28.561493607232652,2.9010535373738313,0.0009639726484022378,0.0012024723731035775,0.024137581930956147,28.561493607232652,0.02532496722232628,8.616291173333464,32.710330596849346,3.3135522007866642,0.44212706160786924,1.878882634980196,0.0033791087826123565,0.3082925672003051,1.909053909484162,0.020301984702564887,-478.2658880778589,0.2976461248484081,0.09090909090909081,0.8397502122631707,0.3550359536471151,0.6845085345315559,0.02014823223049444,0.08812168034765813,1.2513564389325655,0.5569023514356956,0.258007930682618,0.3473991729542754,Packaged Foods,Consumer Defensive,JJSF
2014Q1,2014,Q1,2014-01-27,2013-12-28,12426000.0,203523000.0,9031000.0,0.66,59906000.0,0.2943451109,659137000.0,524033000.0,265348000.0,88918000.0,135104000.0,76766000.0,494428000.0,1656080140.0,1551054140.0,28.054660313721293,2.98418767853528,0.0010968888106721365,0.001379684103863688,0.011202420969270306,28.054660313721293,0.02371224712947467,8.137066277521459,33.31885039433446,3.1602592584818128,0.2404635441815548,1.8708412578485267,0.0018042605112093186,0.3087719245012797,2.0284869205335254,0.01885192304482983,75.41005145485178,0.2943451108719899,-0.3888888888888889,1.8673512249536879,0.43710988517563154,0.7061926050318054,-0.2085766375142019,-0.3885745214781282,-0.7067857142857142,0.7421498247973308,0.3006484675244653,0.3459583230466261,Packaged Foods,Consumer Defensive,JJSF
2013Q4,2013,Q4,2013-11-26,2013-09-28,20323000.0,237913000.0,30800000.0,1.08,75694000.0,0.3181583184,645661000.0,516565000.0,264717000.0,83239000.0,129096000.0,71785000.0,487979000.0,1518852000.0,1421854000.0,27.47686170212766,3.1802039909177187,0.0005374337307038833,0.000671745085323241,0.03818394805371837,27.47686170212766,0.039342580314190856,6.3840647631697305,18.683904935294986,2.9402921219982,0.14815726024701079,2.2597896496482552,0.0019824183001372086,0.36847974401427375,2.2242698734967985,0.03147627005502888,63.33564071556649,0.3181583183768857,-0.03571428571428574,0.8350042104582843,0.35543110134955797,0.6480322886703799,0.004938796102068453,-0.040100132250141696,-0.04891304347826087,0.22834653558790874,0.18022205923440082,0.35010789944107534,Packaged Foods,Consumer Defensive,JJSF
2013Q3,2013,Q3,2013-07-29,2013-06-29,21172000.0,237036000.0,32384000.0,1.12,75322000.0,0.3177660777,639637000.0,504883000.0,258484000.0,89046000.0,134754000.0,75313000.0,470645000.0,1463184600.0,1384337600.0,26.845483064816293,2.902814275767581,0.0006581858147668131,0.0008338565568656501,0.04076324657493552,26.845483064816293,0.04193446798565212,6.172837037412038,17.277354524844135,2.8980666807953526,0.14207443793689778,2.1472255785853704,0.002055789816267886,0.3705789377412501,1.9683309750016844,0.03310002391981702,106.4289060226942,0.31776607772659005,0.6716417910447762,0.9520648061685449,0.33719845607116966,0.6497327387255557,0.2952829701982769,0.6723538704581359,1.972645492931889,0.3151151382675006,0.23087244332016701,0.36157830460460266,Packaged Foods,Consumer Defensive,JJSF
2013Q2,2013,Q2,2013-04-29,2013-03-30,12660000.0,201326000.0,10894000.0,0.67,58151000.0,0.2888399909,619833000.0,493909000.0,268239000.0,80014000.0,125924000.0,75017000.0,452483000.0,1445532000.0,1343705000.0,26.271755319148937,3.3524008298547754,0.0008244156087204134,0.0010346035403282791,0.01392262780791002,26.271755319148937,0.02563225209502155,7.180056227213574,28.545260663507108,2.9267172697804655,0.19312796208530805,1.9085673913912846,0.0016914187994454637,0.32480684313355374,2.320843852325843,0.02042485637260359,449.3416226297793,0.28883999086059425,0.24074074074074073,2.164056762423765,0.3947636574696593,0.661565708711973,0.07418490810012007,0.238020731468805,-0.2766748555872784,0.38249893617021274,0.2574084301620059,0.38282243811756833,Packaged Foods,Consumer Defensive,JJSF
2013Q1,2013,Q1,2013-01-28,2012-12-29,10226000.0,191408000.0,15061000.0,0.54,54135000.0,0.2828251693,606238000.0,482190000.0,231708000.0,78037000.0,124048000.0,76855000.0,442831000.0,1160015760.0,1080398760.0,25.63885787206891,2.969206914668683,0.000988060794605419,0.0012422489060328916,0.020150087032943503,25.63885787206891,0.021207407868267695,6.0604350915322245,28.35946997848621,2.4057233870465997,0.29376100136905925,1.7861297248064538,0.0025896199893008353,0.31573078559905515,1.8943834334994938,0.016867962747303865,118.59889172886209,0.28282516927192175,-0.4757281553398058,4.379724891294444,0.4593137824105575,0.6289426551062278,-0.2995406611891053,-0.4766096836933156,-0.3248307706101224,0.421943030975521,0.26578664867780133,0.38716598651380135,Packaged Foods,Consumer Defensive,JJSF
2012Q4,2012,Q4,2012-11-27,2012-09-29,19538000.0,242221000.0,22307000.0,1.03,77285000.0,0.3190681237,603044000.0,475487000.0,308068000.0,81505000.0,127557000.0,69761000.0,435608000.0,1081645110.0,928134110.0,25.20204590024911,3.7797435740138643,0.0011392203553969528,0.0014448344539388037,0.029908203631417284,25.20204590024911,0.04109050300008202,4.465529867352542,13.84027420923329,2.2748153156658333,0.12575493909304944,2.3643009704562723,0.0022715398768825387,0.4016638918553207,2.8443162996135207,0.03239896259642746,44.67577175663954,0.31906812373823906,0.04040404040404044,0.8878769289913778,0.5117060934001906,0.6285128211283435,0.06589708579861255,0.046379605826906596,-0.25372185607708003,0.3136718732956104,0.32041244190513246,0.38196515886141585,Packaged Foods,Consumer Defensive,JJSF
2012Q3,2012,Q3,2012-07-23,2012-06-23,18672000.0,226335000.0,29891000.0,0.99,72507000.0,0.3203525747,593459000.0,463687000.0,288624000.0,87519000.0,129772000.0,72783000.0,418517000.0,1093310540.0,984421540.0,24.55189028910304,3.297843896753848,0.0009975415319339667,0.001276723306885895,0.03962511481976276,24.55189028910304,0.040268543219887556,4.830497006649436,14.638369483718938,2.3578632568952766,0.13131962296486718,2.11351551873377,0.0022427296822730715,0.38138270714573375,2.38749300151967,0.0314629991288362,81.42627094660014,0.32035257472330836,0.7999999999999998,0.4775840769189031,0.37733239013181913,0.6133941373508275,0.34304554800229686,0.7914228149285235,0.8368463098383826,0.2238328384201157,0.23202132125115676,0.38828386433701767,Packaged Foods,Consumer Defensive,JJSF
2012Q2,2012,Q2,2012-04-23,2012-03-24,10423000.0,189554000.0,16273000.0,0.55,53987000.0,0.2848106608,566988000.0,447906000.0,243453000.0,76698000.0,119082000.0,68610000.0,402302000.0,968924040.0,877918040.0,23.75151129494114,3.1741766408511305,0.0011675732114259914,0.001477988685125897,0.022677932471251487,23.75151129494114,0.02327050765115895,5.111599016639058,23.240047011417058,2.1632307671698974,0.23409766861748058,1.9759073021425448,0.002518257261941813,0.3343174811459855,2.1811129364520587,0.01838310510980832,-344.56758179231866,0.2848106608143326,0.8965517241379313,0.9277992875668314,0.4377939569667967,0.629195073336333,0.16336249622893592,0.9002734731084777,0.9228406002599551,0.40580848825764526,0.24003452187107563,0.4008239216950238,Packaged Foods,Consumer Defensive,JJSF
2012Q1,2012,Q1,2012-01-23,2011-12-24,5485000.0,172686000.0,8463000.0,0.29,46406000.0,0.2687305282,545295000.0,437397000.0,231587000.0,65492000.0,107898000.0,66435000.0,394331000.0,1002171740.0,908812740.0,23.25837498670637,3.5361112807671167,0.001342392649850081,0.0016735368555339885,0.012048387736897502,23.25837498670637,0.012540095153830502,5.803433630983403,45.67783682771194,2.2912176809626037,0.4010938924339107,1.9008052984119816,0.0021952325257146047,0.3166836299617638,2.421868319794784,0.010058775525174446,84.93700652597678,0.2687305282420115,-0.6588235294117648,0.4210581296013253,0.491425363571443,0.6195608194148425,-0.30850841901355985,-0.6568443443443444,-0.5028490865299888,0.257139193161198,0.2111301098170641,0.4144982317952494,Packaged Foods,Consumer Defensive,JJSF
2011Q4,2011,Q4,2011-12-06,2011-09-24,15984000.0,219380000.0,17023000.0,0.85,67110000.0,0.3059075577,550816000.0,432388000.0,259850000.0,75848000.0,118428000.0,63461000.0,391285000.0,893454660.0000001,806776660.0000001,23.03121338020667,3.425930808986394,0.001454206123278917,0.0018525028446672895,0.025169125129643657,23.03121338020667,0.03696679833852928,4.072634971282707,13.974203265765768,2.0663262162687217,0.1371996996996997,2.3994264193756796,0.0024545173898359875,0.3982818218788125,2.478443729564392,0.029018764887004007,44.404088265990765,0.30590755766250344,-0.31451612903225806,0.3971759284349427,0.43332434901280215,0.6558944162614876,-0.006381309130750211,-0.31475606619223184,0.3358706740955819,0.4452259617472536,0.25157633018407166,0.3813871361771548,Packaged Foods,Consumer Defensive,JJSF
2011Q3,2011,Q3,2011-07-25,2011-06-25,23326000.0,206328000.0,12743000.0,1.24,67541000.0,0.3273477182,537946000.0,417308000.0,260150000.0,84059000.0,120638000.0,66561000.0,377502000.0,907324000.0,828362000.0,22.315935828877006,3.0948500458011634,0.0012659263197421302,0.0016318881976861216,0.020981681707550312,22.315935828877006,0.05589636431604474,4.397483618316467,9.724384806653521,2.174231023608462,0.09358655577467204,2.0851098991902166,0.0024059762554500927,0.3835477910422236,2.224830178802984,0.04336122956579285,73.37247290959081,0.32734771819627,1.6956521739130435,1.1359035132688342,0.4541949187404816,0.6416383953904988,0.3777691648647546,1.6938445547984755,-0.08678515121112226,1.1629701977917697,0.17062459151565795,0.3713789334060154,Packaged Foods,Consumer Defensive,JJSF
2011Q2,2011,Q2,2011-04-25,2011-03-26,8659000.0,162731000.0,13954000.0,0.46,49022000.0,0.3012456139,494638000.0,395079000.0,250280000.0,67498000.0,99559000.0,57210000.0,356369000.0,855670579.9999999,759977579.9999999,21.197499731730872,3.7079617173842188,0.0015021086127632733,0.0018806365309216638,0.021570669272822845,21.197499731730872,0.021917135560229725,5.258190387817932,24.704659314008545,2.165821468617669,0.2515301997921238,1.9875721027792344,0.002545372075314311,0.3289900897221807,2.7620522089543393,0.01750573146422232,103.27949064574531,0.3012456139272788,0.21052631578947373,1.0644258977120231,0.4325136475537801,0.618461081075594,0.06336088154269973,0.22060896532280802,0.2716668185546341,1.1829150840040685,0.13718099466826084,0.3406427639421329,Packaged Foods,Consumer Defensive,JJSF
2011Q1,2011,Q1,2011-01-20,2010-12-25,7094000.0,155632000.0,10973000.0,0.38,46101000.0,0.2962180014,478728000.0,387233000.0,235387000.0,59375000.0,91495000.0,56800000.0,349892000.0,912179800.0,823639800.0,20.843632253202713,3.964412631578947,0.0016773616751056969,0.0020736869016845156,0.017917480769039446,20.843632253202713,0.01831971965199247,5.861132671944073,32.14617282210319,2.35563549594172,0.2799548914575698,1.928362676056338,0.002177202345414796,0.32509483464514294,2.892783157894737,0.014818435520796779,86.38066287878787,0.29621800143929267,-0.5681818181818182,3.6501911130551656,1.8283371233194061,2.223121538712761,-0.3112366097440724,-0.5689372303579024,-0.557343983218363,2.778035453024201,0.20117991940535285,0.32428214369012426,Packaged Foods,Consumer Defensive,JJSF
2010Q4,2010,Q4,2010-12-07,2010-09-25,16457000.0,200511000.0,24789000.0,0.88,66933000.0,0.3338121101,483994000.0,380575000.0,220531000.0,71081000.0,103419000.0,50630000.0,344976000.0,780725000.0,706923000.0,20.351604278074866,3.1025309154345044,0.0017830799555366389,0.0022676213624121394,0.042671965624373344,20.351604278074866,0.043242462063982134,3.8936766561435534,11.86007474023212,2.051435328121921,0.12073889530291061,2.638317203239186,0.0025450702872330208,0.41428406137266166,2.2274447461346916,0.03400248763414423,91.28083713316965,0.3338121100587998,0.03529411764705886,0.6636676101900526,0.5448997989043756,0.6211098900162717,0.029247589611108547,0.037576445369144444,-0.04884506177576548,0.6043735220363015,0.2625686943855986,0.31508563346627994,Packaged Foods,Consumer Defensive,JJSF
2010Q3,2010,Q3,2010-07-22,2010-06-26,15861000.0,189729000.0,26062000.0,0.85,65031000.0,0.3427573012,467242000.0,365326000.0,206662000.0,72689000.0,101916000.0,53224000.0,330505000.0,831210940.0,777226940.0,19.716444492417292,2.843098680680708,0.0006613275347678505,0.0008458198978446648,0.042953736997289896,19.716444492417292,0.04341601747480333,4.381043172103369,13.101490133030705,2.2752580982464976,0.12483449971628523,2.3428904253720124,0.002382066819284164,0.4060615270031376,2.028367428359174,0.03394600656619054,44.59525403723376,0.34275730120329523,0.7708333333333334,0.5806584951811901,0.4429305325085394,0.5992324607855768,0.3059220434965962,0.7623333333333333,0.7585695006747638,0.27932218978925494,0.1768165431029873,0.2956393816889774,Packaged Foods,Consumer Defensive,JJSF
2010Q2,2010,Q2,2010-04-22,2010-03-27,9000000.0,157361000.0,14820000.0,0.48,49797000.0,0.3164507089,444224000.0,351038000.0,209533000.0,63981000.0,93186000.0,53627000.0,316631000.0,818900640.0,759230640.0,18.99864696649889,3.274925368468764,0.0007496218124189598,0.0009486152496310941,0.02525232123926097,18.99864696649889,0.02563824999002957,5.203961845692389,22.74724,2.332797702812801,0.21977777777777777,2.005780670184795,0.002415433452341666,0.354237952024204,2.341695190759757,0.02026004898429621,-1049.8726153846153,0.3164507088795826,0.26315789473684204,3.6688866412110728,2.11414812071069,2.205054503993516,0.08209652534822573,0.26921449725003527,0.28970498651118265,0.6989310735963861,0.2182179093790352,0.3031803178128234,Packaged Foods,Consumer Defensive,JJSF
2010Q1,2010,Q1,2010-01-21,2009-12-26,7091000.0,149102000.0,11491000.0,0.38,46019000.0,0.3086410645,435794000.0,342747000.0,195775000.0,63862000.0,93047000.0,53053000.0,309611000.0,742872640.0,682294640.0,18.482905522001726,3.0655945632770663,0.0008191943900099589,0.0010415846090556591,0.020149480267316364,18.482905522001726,0.020688729587713388,4.982311706080401,26.19068678606685,2.1674081465337407,0.2544069947821182,1.9430192449060373,0.002428410878074605,0.34213871691670833,2.139801446869813,0.016271449354511535,92.11068071915685,0.30864106450617695,-0.5189873417721519,4.566038549167466,1.9484594495119487,2.1529934446998977,-0.2547651050185422,-0.5215249662618083,-0.5181364532226276,0.8630980448957425,0.3059329412333508,0.28702842006328944,Packaged Foods,Consumer Defensive,JJSF
2009Q4,2009,Q4,2009-12-08,2009-09-26,14820000.0,182792000.0,23847000.0,0.79,61751000.0,0.33782113,439827000.0,342844000.0,211111000.0,67679000.0,96983000.0,46004000.0,304498000.0,805204000.0,745242000.0,18.236382978723405,3.119298452991327,0.0008662496845350558,0.0011112925995496493,0.04258436103421013,18.236382978723405,0.04322665702185251,4.405028666462427,13.583063427800269,2.3486016963983616,0.1213225371120108,2.6310972958873142,0.002232974500871829,0.4155997699095326,2.3572747824288185,0.033695066469316345,48.98728478432804,0.3378211300275723,-0.012500000000000011,0.6411723072034206,0.46070534476381925,0.597124394602994,0.011747550545597537,-0.007301225802130083,-0.021862182116488927,0.29363808172562683,0.19262413925093086,0.31115648354099645,Packaged Foods,Consumer Defensive,JJSF
2009Q3,2009,Q3,2009-07-23,2009-06-27,14929000.0,179761000.0,24380000.0,0.8,61034000.0,0.3395285963,426161000.0,326820000.0,199330000.0,73977000.0,99341000.0,52244000.0,291483000.0,655670400.0,596958400.0,17.685064935064936,2.694486124065588,0.0009479985263785284,0.0012361544581114988,0.04508061494148256,17.685064935064936,0.04567957897313506,3.647456344813391,10.979811105901266,2.0062125940884887,0.12003483153593676,2.2725480437945027,0.0027330805233849206,0.4218147601493332,1.9075793827811347,0.03503136138689369,32.65453458837592,0.3395285963028688,1.0512820512820513,0.6622795278625261,0.46475787170437133,0.5868895056451414,0.34504264274852897,1.0608779679734952,1.0521885521885521,0.3832851558016122,0.28203407790341906,0.3009753140089472,Packaged Foods,Consumer Defensive,JJSF
2009Q2,2009,Q2,2009-04-23,2009-03-28,7244000.0,149352000.0,11880000.0,0.39,45377000.0,0.3038258611,403681000.0,312403000.0,179473000.0,65919000.0,91278000.0,51348000.0,278349000.0,643953750.0,594545750.0,16.95538670284939,2.722629287458851,0.0010602431127548734,0.0013700252558394126,0.022610754111525036,16.95538670284939,0.023187997554440898,4.311651333761851,22.22369374654887,2.061291824982475,0.24654886802871342,2.0249084677105245,0.002773491108639401,0.3699753022807613,1.8515450780503344,0.017944862403729677,76.02759740259741,0.3038258610530826,0.6956521739130435,3.177252337951177,2.022935959812758,2.1678770793046853,0.11540730544221031,0.6772401018754342,0.7391304347826086,0.7470358275207128,0.329937795807782,0.29456935206705337,Packaged Foods,Consumer Defensive,JJSF
2009Q1,2009,Q1,2009-01-22,2008-12-27,4319000.0,141142000.0,6831000.0,0.23,40682000.0,0.2882345439,388531000.0,306100000.0,176013000.0,57063000.0,82431000.0,50339000.0,272899000.0,604089200.0,567512200.0,16.442844864632573,3.08453814205352,0.001160782537300756,0.0014733747141457041,0.013235587885266756,16.442844864632573,0.014109768049656975,4.280010202491108,34.966959944431586,1.9735027768703042,0.4010187543412827,1.9956693617274877,0.0028671262455941936,0.3632708844339319,1.7509769903440058,0.011116230107764889,71.43067281541919,0.28823454393447734,-0.6101694915254238,1.235381436501816,0.6676168131598208,0.5653917342513841,-0.2652434619274671,-0.6141338336460288,-0.6176536437926788,1.8253705239803715,1.5597710954707988,1.5426128611900884,Packaged Foods,Consumer Defensive,JJSF
2008Q4,2008,Q4,2008-12-09,2008-09-27,11193000.0,177393000.0,17866000.0,0.59,55368000.0,0.3121205459,408408000.0,316778000.0,177200000.0,66194000.0,91630000.0,49095000.0,270366000.0,649230000.0,605439000.0,16.672526315789472,2.6769797866876153,0.0011606041017805724,0.0014963160320476802,0.03413076421950712,16.672526315789472,0.035333893136518316,3.659840016235139,14.500804073974807,2.0494794461736614,0.15473956937371572,2.4854873205010692,0.002667775672719991,0.4343524122935888,1.6404507961446657,0.027406417112299464,31.66203365032919,0.3121205459065465,0.03508771929824565,0.33616120255021725,0.6164942927221134,0.6347046572852892,-0.006887645286267757,0.0344731977818854,0.023604904319926664,0.1136543086385596,0.34519919172454405,0.32805241949405406,Packaged Foods,Consumer Defensive,JJSF
2008Q3,2008,Q3,2008-07-24,2008-06-28,10820000.0,176839000.0,17454000.0,0.57,55752000.0,0.3152698217,401061000.0,305307000.0,153281000.0,74262000.0,95754000.0,52292000.0,260904000.0,519895020.0,494003020.0,16.272625519667415,2.064056987422908,0.0012392129875505222,0.0016278696525136994,0.03429028623963016,16.272625519667415,0.03543973770663627,2.939934177415615,12.012361829944547,1.702859809961776,0.15979667282809612,2.315593207373977,0.0033256714018918667,0.4409279386427501,1.289502033341413,0.026978439688725656,48.21879243183083,0.31526982170222634,1.7142857142857142,0.266548425401186,0.5763972624491621,0.6105261535204304,0.38,1.7063531765882942,2.072887323943662,0.06489697927806769,0.32819733826818615,0.3198987760327833,Packaged Foods,Consumer Defensive,JJSF
2008Q2,2008,Q2,2008-04-24,2008-03-29,3998000.0,144229000.0,5680000.0,0.21,40400000.0,0.2801101027,385000000.0,297018000.0,126462000.0,66424000.0,87982000.0,51508000.0,251817000.0,508697799.99999994,500883799.99999994,15.811445302102742,1.9038600505841263,0.0013506493506493507,0.0017507356456511053,0.012024642676378134,15.811445302102742,0.013460463675602151,3.527014678046717,31.80951725862931,1.7126834063928784,0.4332166083041521,2.015783955890347,0.00340477194908254,0.37462077922077924,1.0469709743466218,0.010384415584415585,-148.56828271028036,0.2801101026839263,1.0999999999999999,1.4784942859522385,2.2960715809524532,2.2992906213004622,0.14166219233051686,1.1075382182393252,2.731931668856767,1.040017388824941,1.807469264619816,1.6673764752569793,Packaged Foods,Consumer Defensive,JJSF
2008Q1,2008,Q1,2008-01-24,2007-12-29,1897000.0,130898000.0,1522000.0,0.1,35387000.0,0.2703402649,372657000.0,295416000.0,157971000.0,55399000.0,77241000.0,48169000.0,249548000.0,575269850.0,563646850.0,15.739570568490596,2.851513565226809,0.0014571039857026703,0.0018380859533674548,0.003127023038616796,15.739570568490596,0.0064214531372708316,4.394794802059619,75.81310622034792,1.9473212351395996,0.8371112282551397,1.9828312815296145,0.0027604436422315544,0.35125598070075165,1.8839690247116374,0.005090471935318537,135.2621326122737,0.2703402649391129,-0.8181818181818182,0.4693573459771144,0.5764179119475124,0.6176788582940164,-0.33500582553463376,-0.8189367185262957,-0.9074434444174166,0.4711885616934227,1.5574490218239745,1.6850087377099592,Packaged Foods,Consumer Defensive,JJSF
2007Q4,2007,Q4,2007-12-07,2007-09-29,10477000.0,162209000.0,16444000.0,0.55,53214000.0,0.3280582458,380288000.0,295582000.0,165364000.0,64601000.0,84706000.0,46599000.0,250308000.0,665062000.0,649808000.0,15.475497382198952,2.5597746164920046,0.00148571608885897,0.0019114831079023757,0.03395027337988579,15.475497382198952,0.035445324816802105,4.100031440918815,15.86957144220674,2.2500084578898583,0.1514746587763673,2.3389986909590337,0.00238624368855836,0.42654251514641534,1.7680066872029845,0.027550172500841467,41.36214938739971,0.3280582458433256,-0.16666666666666663,0.3423852859658127,0.9192356612535868,0.6694666695672485,-0.04391102806424953,-0.1616387933103945,-0.1255982133361693,0.1420034145746177,0.27586540770321794,0.3553287631961613,Packaged Foods,Consumer Defensive,JJSF
2007Q3,2007,Q3,2007-07-26,2007-06-30,12497000.0,162510000.0,18806000.0,0.66,55658000.0,0.3424896929,369962000.0,284218000.0,154890000.0,67046000.0,85744000.0,46224000.0,241419000.0,704869980.0,689223980.0,15.217540290196498,2.310204933925961,0.0,0.0,0.042939995257526446,15.217540290196498,0.04396976968383424,4.337394498800074,14.100783788109146,2.480032862098812,0.12619028566856044,2.311613014884043,0.00223729204639982,0.43926132954195296,1.5479074068549952,0.03377914488515037,59.95321765756571,0.3424896929419728,1.357142857142857,0.5735429094853334,0.4041038968118548,0.6854040977158486,0.3124719975475747,1.3433339583723982,1.2948139109212935,0.3768098239619159,0.310223255722273,0.36547731528904753,Packaged Foods,Consumer Defensive,JJSF
2007Q2,2007,Q2,2007-04-26,2007-03-31,5333000.0,130040000.0,8195000.0,0.28,42407000.0,0.3261073516,348967000.0,271178000.0,137470000.0,59025000.0,77789000.0,44519000.0,230508000.0,734553490.0,711139490.0,14.578678565668513,2.3290131300296486,0.0,0.0,0.01852025701212154,14.578678565668513,0.01966604960579398,5.6486734081820975,34.4343469904369,2.7087503042282193,0.2951434464654041,1.968440441159954,0.002142798341343392,0.3726426854115146,1.4832189750105886,0.015282247318514358,143.80452036021927,0.32610735158412796,0.4000000000000001,3.273573909342037,1.895669897752109,2.354254935321217,0.2031037221970041,0.40157687253613666,0.5959104186952289,2.046176452164644,1.6071503009244188,1.7238223748073265,Packaged Foods,Consumer Defensive,JJSF
2007Q1,2007,Q1,2007-01-25,2006-12-30,3805000.0,114142000.0,5135000.0,0.2,35248000.0,0.3088083265,338086000.0,266237000.0,166843000.0,53024000.0,71849000.0,42691000.0,226753000.0,,,,,,,,,,,,,,,,,,,,,,,,,,,,,,,Packaged Foods,Consumer Defensive,JJSF
