Quarters,Year,Quarter,FillingDate,Date,NetIncome,Revenue,OperatingIncome,EPSDiluted,GrossProfit,GrossProfitRatio,TotalAssets,CommonStockEquity,CurrentAssets,CurrentLiability,TotalLiability,Inventory,RetainedEarnings,MarketCap,EnterpriseValue,bookValuePerShare,currentRatio,debtToAssets,debtToEquity,roic,shareholdersEquityPerShare,roe,priceToSalesRatio,peRatio,pbRatio,payoutRatio,inventoryTurnover,dividendYield,assetTurnover,quickRatio,returnOnAssets,priceToFreeCashFlowsRatio,grossProfitMargin,epsdilutedGrowth,fiveYNetIncomeGrowthPerShare,fiveYRevenueGrowthPerShare,fiveYShareholdersEquityGrowthPerShare,grossProfitGrowth,netIncomeGrowth,operatingIncomeGrowth,threeYNetIncomeGrowthPerShare,threeYRevenueGrowthPerShare,threeYShareholdersEquityGrowthPerShare,Industry,Sector,Symbol
2023Q1,2023,Q1,2023-05-04,2023-03-31,-116859000.0,269082000.0,-53390000.0,-1.73,-18807000.0,-0.0698931924,2544731000.0,176636000.0,366499000.0,457016000.0,2415810000.0,185746000.0,-285206000.0,1945443440.0,3461716440.0,2.6221516262636757,0.8019391006004166,0.597920959032605,8.614031114835027,-0.029478394245375513,2.6221516262636757,-0.6615808781901764,7.2299278286916255,-4.161946105990981,11.013855839126792,-0.4839678587015121,1.5499068620589407,0.029071007070758118,0.1057408425487802,0.37691021758537996,-0.045921946170341774,-48.24769207876594,-0.0698931924097487,-0.4913793103448277,-1.3635337104102805,-0.16354156436374995,0.0,-1.612326626294198,-0.5094161715319039,-0.19001448790816894,-8.62519495853236,-0.34457314618197743,0.0,Lumber & Wood Production,Basic Materials,EVA
2022Q4,2022,Q4,2023-03-01,2022-12-31,-77420000.0,239313000.0,-44865000.0,-1.16,30714000.0,0.1283423801,2551440000.0,334511000.0,370339000.0,457683000.0,2264684000.0,158884000.0,-168307000.0,3547193893.24,5251829893.24,4.995229526011463,0.8091604888099405,0.669446665412473,5.106119081285817,-0.02147606704146767,4.995229526011463,-0.23144231430356552,14.822403685717031,-11.454384827047274,10.604117333181868,-0.6807672436063033,1.3129012361219505,0.01485822359483692,0.0937952685542282,0.4451989695924909,-0.03034364907659988,-38.30125245095181,0.12834238006293014,-3.296296296296296,-7.3703288969257414,-0.4218187247792917,0.0,-0.5491059631815379,-3.230832285917263,-11.077493261455526,-42.63604738915437,-0.4037926555409017,0.0,Lumber & Wood Production,Basic Materials,EVA
2022Q3,2022,Q3,2022-11-03,2022-09-30,-18299000.0,325660000.0,4452000.0,-0.27,68118000.0,0.209169072,2267395000.0,429233000.0,233721000.0,214925000.0,1885904000.0,86059000.0,-90900000.0,4007443440.0,5650494440.0,6.432962652119177,1.0874537629405607,0.7283821301537667,3.8476305409882277,0.0020270143302147333,6.432962652119177,-0.04263185728963057,12.30560535527851,-54.74948685720531,9.336289241507528,-2.880485272419258,2.9926213411729163,0.013153024063640932,0.14362737855556706,0.6214028149354426,-0.00807049499535811,-84.00468378576669,0.2091690720383222,0.34146341463414626,-2.1385730822368294,-0.02291644317715934,0.0,3.5624916275954455,0.33073659571355424,1.3485204321277595,-2.036551476371983,0.03741092561607271,0.0,Lumber & Wood Production,Basic Materials,EVA
2022Q2,2022,Q2,2022-08-04,2022-06-30,-27342000.0,296321000.0,-12774000.0,-0.41,14930000.0,0.0503845492,2056132000.0,481469000.0,226861000.0,235313000.0,1622362000.0,74347000.0,-72644000.0,3814968635.68,5177895635.68,7.221463348961296,0.9640818824289351,0.6690363264615307,2.8571455275417525,-0.006465024705795663,7.221463348961296,-0.05678870290714459,12.874445738506552,-34.88194568502669,7.923601801320542,-1.960683198010387,3.7848332817733064,0.014052278044599036,0.14411574743255784,0.6017304611304943,-0.013297784383492888,-54.25000192941042,0.05038454918821143,0.41428571428571426,-3.793802742108855,-0.0788840614399556,0.0,10.861294583883751,0.39651709448871036,0.6371538133787814,-2.6035931926015476,-0.11681370017520455,0.0,Lumber & Wood Production,Basic Materials,EVA
2022Q1,2022,Q1,2022-05-05,2022-03-31,-45307000.0,232982000.0,-35205000.0,-0.7,-1514000.0,-0.0064983561,1929012000.0,548963000.0,168445000.0,212395000.0,1427743000.0,66135000.0,-45307000.0,5146966200.0,6359511200.0,8.44194808390232,0.7930742249111326,0.6312646059226174,2.2182132493446733,-0.01866481077740459,8.44194808390232,-0.08253197392173972,22.09169034517688,-28.4005021299137,9.375798004601403,-1.1485421678769285,3.5457170938232405,0.010110227652165269,0.12077789044339797,0.4426469549659832,-0.02348715300889782,-53.62875570467001,-0.006498356096179104,0.7071129707112971,-8.224285936484469,-0.22886131769299214,0.0,-1.6807553956834533,0.6904836726328734,0.7051285272759253,-1.0894110917769741,-0.39462890983394655,0.0,Lumber & Wood Production,Basic Materials,EVA
2021Q4,2021,Q4,2022-03-04,2021-12-31,-146380000.0,278194000.0,-119391000.0,-2.39,2224000.0,0.0079944212,1924147000.0,270664000.0,198730000.0,257006000.0,1653483000.0,57717000.0,0.0,4305319932.4800005,5520959932.4800005,4.427117886456523,0.7732504299510518,0.7675842854002319,5.456747110808974,-0.06123976470004322,4.427117886456523,-0.5408181361392723,15.475962574606212,-7.3529852652001635,15.906511144740344,0.0,4.7814335464421225,0.0,0.1445804296657168,0.5138634895683369,-0.07607526867749709,-16647.989561384176,0.007994421159334852,-7.5357142857142865,-4.32303618590385,-0.11139254409523162,0.0,-0.9144911376831097,-1492.6734693877552,-12.351112378779236,-7.753782889396975,-0.28567745013415313,0.0,Lumber & Wood Production,Basic Materials,EVA
2021Q3,2021,Q3,2021-11-04,2021-09-30,-98000.0,237398000.0,10518000.0,-0.28,26009000.0,0.10955863149647428,1739691000.0,0.0,175459000.0,179633000.0,1412167000.0,53814000.0,0.0,2434861350.0,3628247350.0,0.0,0.9767637349484782,0.6927540580482396,0.0,0.004313321611473006,0.0,0.0,10.256452665987077,-6211.38099489796,0.0,-491.7755102040816,3.9281413758501507,0.01979332416607623,0.13645986557382891,0.5878095895520311,-5.6331842838757e-05,-30.864396176906794,0.10955863149647428,-0.2727272727272728,-1.004146638623123,0.19259250161663719,0.0,-0.04777769641941861,-1.0378670788253477,-0.3205865254182546,-1.0043157987635614,-0.03132084176594992,0.0,Lumber & Wood Production,Basic Materials,EVA
2021Q2,2021,Q2,2021-07-29,2021-06-30,2588000.0,285042000.0,15481000.0,-0.22,27314000.0,0.09582447498965065,1452708000.0,0.0,178462000.0,167986000.0,1032183000.0,47662000.0,0.0,2161073940.0,2968047940.0,0.0,1.062362339718786,0.585028099246373,0.0,0.01707977997746099,0.0,0.0,7.581598290778201,208.75907457496135,0.0,15.711746522411127,5.407410515714825,0.01881564496585434,0.19621424264201753,0.6982665222101841,0.0017815004804819688,56.87785076983813,0.09582447498965065,0.18518518518518523,-0.8710304890526493,0.43021059590387517,0.0,0.22434891747725133,2.736912751677852,0.4023915209711025,-0.5324420247114662,0.3815533551167076,0.0,Lumber & Wood Production,Basic Materials,EVA
2021Q1,2021,Q1,2021-04-29,2021-03-31,-1490000.0,241044000.0,11039000.0,-0.27,22309000.0,0.09255156734869982,1411907000.0,0.0,161620000.0,143315000.0,1174149000.0,59947000.0,0.0,1929961890.0,2943643890.0,0.0,1.1277256393259603,0.7203519778568985,0.0,0.01023341538436531,0.0,0.0,8.006678822123762,-323.81910906040264,0.0,-27.571812080536912,3.648806445693696,0.021286430686981078,0.17072229261559013,0.6045773296584447,-0.0010553103001826607,3379.968283712785,0.09255156734869982,-0.1250000000000001,-1.1232646815789011,0.3933396778842991,0.0,-0.16024241511706694,0.617065021845284,-0.10521196401069952,0.9491635300610292,0.2639954946928616,0.0,Lumber & Wood Production,Basic Materials,EVA
2020Q4,2020,Q4,2021-02-25,2020-12-31,-3891000.0,277310000.0,12337000.0,-0.24,26566000.0,0.09579892539035736,1429612000.0,0.0,195451000.0,162154000.0,1153585000.0,42364000.0,0.0,1807034700.0,2773153700.0,0.0,1.2053418355390555,0.6827887566696418,0.0,0.05746808013331887,0.0,0.0,6.5162983664491,-116.10348882035467,0.0,-10.172963248522231,5.9187989802662635,0.021904947370407442,0.19397570809422418,0.8425940772352208,-0.0027217175009722917,48.93664897362292,0.09579892539035736,-0.3333333333333333,-1.1778981683601368,0.43368763344146577,0.0,0.03891126666927379,-3.7576187101346563,-0.04733590733590733,-1.5388966848159076,0.12771369663189863,0.0,Lumber & Wood Production,Basic Materials,EVA
2020Q3,2020,Q3,2020-11-05,2020-09-30,1411000.0,225580000.0,12950000.0,-0.18,25571000.0,0.11335668055678695,1403651000.0,0.0,176327000.0,129688000.0,1101259000.0,61978000.0,0.0,1601019420.0,2559518420.0,0.0,1.3596246375917587,0.6838202658638081,0.0,0.01574862282581447,0.0,0.0,7.097346484617431,283.6675088589652,0.0,27.46987951807229,3.2270967117364227,0.02420957517179898,0.1607094641046813,0.7672568009376349,0.0010052356319341488,-127.9178187919463,0.11335668055678695,-1.7242061895489,-0.8682385681058793,0.15851469195824283,0.0,-0.07615882076664619,-0.8334317081808523,-0.30510839235887527,-0.8526942114897682,0.13560454717420128,0.0,Lumber & Wood Production,Basic Materials,EVA
2020Q2,2020,Q2,2020-08-06,2020-06-30,8471000.0,167712000.0,18636000.0,0.248548,27679000.0,0.1650388761686701,1150046000.0,0.0,237924000.0,126258000.0,759566000.0,39723000.0,0.0,1228315280.0,1768262280.0,0.0,1.884427125409875,0.5548021557398574,0.0,0.027772313524919972,0.0,0.0,7.323955829040259,36.2505985125723,0.0,3.3411639711958445,3.5252372680814643,0.023042129704679733,0.14583068851158998,1.499065405756467,0.007365792324828746,-166.1232458750338,0.1650388761686701,1.7616444444444443,4.723325766722357,0.06844994282088826,0.0,0.013622880580071044,0.10978645355692389,0.04374124894987398,0.6932387089339564,0.01984471773698989,0.0,Lumber & Wood Production,Basic Materials,EVA
2020Q1,2020,Q1,2020-04-29,2020-03-31,7633000.0,204477000.0,17855000.0,0.09,27307000.0,0.13354558214371298,1025521000.0,0.0,132834000.0,106736000.0,810673000.0,40506000.0,0.0,896482720.0,1566539720.0,0.0,1.2445098186178984,0.6585608680855877,0.0,0.025197714917950427,0.0,0.0,4.384271678477286,29.362069959386872,0.0,3.4810690423162582,4.373919913099294,0.029639165827981605,0.19938840842849634,0.7958701843801529,0.007443046022460778,405.0983822864889,0.13354558214371298,1.9,3.686975430025268,1.0112269074122815,0.0,-0.03125443451113949,7.216361679224973,-0.12757744551939804,1.3589558408444926,0.31174528768874216,0.0,Lumber & Wood Production,Basic Materials,EVA
2019Q4,2019,Q4,2020-02-27,2019-12-31,929000.0,200540000.0,20466000.0,-0.1,28188000.0,0.14056048668594795,994818000.0,0.0,120089000.0,128372000.0,762242000.0,32998000.0,0.0,1248280670.0,1842247670.0,0.0,0.9354765836786838,0.6061611269599062,0.0,0.032154522701884874,0.0,0.0,6.22459693826668,335.9205247578041,0.0,28.130247578040905,5.22310443057155,0.020935195607891612,0.20158461145656795,0.6368133237777709,0.0009338391544986118,-64.33110028860028,0.14056048668594795,-1.6666666666666667,-0.7157611503283265,0.8070817967973761,0.0,0.06506461119927454,-0.8950519656574786,0.09643201542912247,1.0617327753844004,0.1705382699233444,0.0,Lumber & Wood Production,Basic Materials,EVA
2019Q3,2019,Q3,2019-10-31,2019-09-30,8852000.0,157405000.0,18666000.0,0.15,26466000.0,0.1681395127219593,969115000.0,0.0,98347000.0,136648000.0,717232000.0,42349000.0,0.0,1068951150.0,1614673150.0,0.0,0.7197104970434987,0.5655458846473329,0.0,0.032082969522382106,0.0,0.0,6.791087640163909,30.189537675101672,0.0,0.19803434252146407,3.0919029965288436,0.0016399252669310473,0.16242138445901674,0.38053978104326447,0.009134106891339006,247.1563352601156,0.1681395127219593,1.7499999999999998,1.0165445143970413,0.4718184238799635,0.0,0.6033198037196341,3.328860826098395,2.4080701113748404,-0.49605658319535084,0.06390732835677067,0.0,Lumber & Wood Production,Basic Materials,EVA
2019Q2,2019,Q2,2019-08-08,2019-06-30,-3801000.0,168079000.0,5477000.0,-0.2,16507000.0,0.09820977040558308,959569000.0,0.0,109129000.0,146154000.0,706412000.0,31292000.0,0.0,1042748000.0,1563824000.0,0.0,0.7466713192933481,0.5482471818076657,0.0,0.009781579840337186,0.0,0.0,6.2039160156831015,-68.58379373848987,0.0,-12.67008681925809,4.843793940943372,0.046184696590163686,0.17516093162659485,0.5115699878210654,-0.00396115339282532,-50.17553652199018,0.09820977040558308,0.5238095238095237,-0.4646845618384851,0.7479041915311624,0.0,0.6661956192591098,0.5740221898464642,77.24285714285715,-1.2338458410483437,0.04115068687275236,0.0,Lumber & Wood Production,Basic Materials,EVA
2019Q1,2019,Q1,2019-05-09,2019-03-31,-8923000.0,158369000.0,70000.0,-0.42,9907000.0,0.06255643465577228,895780000.0,0.0,216897000.0,173399000.0,680309000.0,27999000.0,0.0,871273040.0000001,1243265040.0,0.0,1.2508549645615026,0.5344359106030498,0.0,0.00013821236131870388,0.0,0.0,5.501537800958522,-24.410877507564724,0.0,-2.19813963913482,5.302403657273474,0.022511886744481385,0.17679452544151467,1.0755944382608895,-0.009961151175511844,-40.43405606088733,0.06255643465577228,-2.4999999999999996,-1.3800133936873074,1.119122881606485,0.0,-0.5961107260793347,-1.9505699371471183,-0.9961736088334974,-2.101603586891836,0.3661327793444969,0.0,Lumber & Wood Production,Basic Materials,EVA
2018Q4,2018,Q4,2019-03-04,2018-12-31,9387000.0,168673000.0,18294000.0,0.28,24529000.0,0.14542339319274572,748770000.0,0.0,97511000.0,167332000.0,602054000.0,31490000.0,0.0,734792250.0,1164987250.0,0.0,0.5827397031052041,0.5778209597072532,0.0,0.04228311241058118,0.0,0.0,4.356312213573008,19.569411153723234,0.0,1.955363801001385,4.577453159733249,0.024979849746646077,0.22526677083750685,0.3811942724643224,0.012536559958331663,260.1955559490085,0.14542339319274572,-0.34883720930232553,2.0761362022734997,1.2307812758749084,0.0,-0.18559713137886383,-0.2971698113207547,-0.1977723206455008,-0.3551557279905827,0.3102445455130739,0.0,Lumber & Wood Production,Basic Materials,EVA
2018Q3,2018,Q3,2018-11-09,2018-09-30,13356000.0,144148000.0,22804000.0,0.43,30119000.0,0.2089449732219663,734369000.0,0.0,91515000.0,96511000.0,578625000.0,34322000.0,0.0,851765090.0,1260419090.0,0.0,0.9482338800758463,0.5576447262888276,0.0,0.05568511197337351,0.0,0.0,5.908962247134889,15.94349150194669,0.0,1.3996705600479185,3.3223297010663715,0.021947365793073298,0.19628824201457307,0.5755820580037508,0.018187042209025707,29.633827018752392,0.2089449732219663,4.375,7.778105854981594,2.5513993633627283,0.0,0.8459794067173326,2.7686230248306996,1.5256396057149186,0.8732328116039743,0.11189461878848068,0.0,Lumber & Wood Production,Basic Materials,EVA
2018Q2,2018,Q2,2018-08-08,2018-06-30,3544000.0,132101000.0,9029000.0,0.08,16316000.0,0.12351155555219112,748432000.0,0.0,103342000.0,87774000.0,589806000.0,36175000.0,0.0,768269100.0,1184019100.0,0.0,1.1773645954382848,0.5739198751523185,0.0,0.021020161102574847,0.0,0.0,5.815770508928774,54.195055022573364,0.0,5.254514672686231,3.2006910850034553,0.024238902749049777,0.17650367702075806,0.7346936450429512,0.004735233127391667,-391.3749872643912,0.12351155555219112,1.1025641025641024,2.72769086641886,0.7379463398388072,0.0,4.5930411803567495,1.1832945435738298,1.7958572058175408,2.091093862059179,0.08642773086287239,0.0,Lumber & Wood Production,Basic Materials,EVA
2018Q1,2018,Q1,2018-05-03,2018-03-31,-19335000.0,125801000.0,-11345000.0,-0.78,-4541000.0,-0.036096692395131996,733849000.0,0.0,92379000.0,88836000.0,564590000.0,34306000.0,0.0,721798200.0,1117532200.0,0.0,1.039882480075645,0.546149139673148,0.0,-0.028306523849088428,0.0,0.0,5.737618937846281,-9.33279286268425,0.0,-0.9230411171450738,3.799393692065528,0.024725747445754228,0.17142627434254185,0.6383898419559638,-0.026347382090866105,26.423040597430173,-0.036096692395131996,-4.25,-4.238625253538202,0.7099157298188764,0.0,-1.2160220731649303,-5.047519363617333,-1.9523209938722403,-7.66867750287869,0.5759445635056429,0.0,Lumber & Wood Production,Basic Materials,EVA
2017Q4,2017,Q4,2018-02-22,2017-12-31,4777000.0,162692000.0,11913000.0,0.24,21021000.0,0.12920733656233865,760111000.0,0.0,109663000.0,74530000.0,549742000.0,23536000.0,0.0,727803300.0,1202296300.0,0.0,1.4713940695022139,0.6249310955899862,0.0,0.025079102432123482,0.0,0.0,4.473503921520419,38.088931337659616,0.0,15.476449654594933,6.019332087015636,0.10158101783819888,0.21403716036210502,1.1421038507983363,0.0062846084321895096,-197.39715215622456,0.12920733656233865,0.26315789473684204,0.5747683550967685,1.164513576168206,0.0,-0.0045932379960223505,-0.24641110585265816,-0.1482805462214914,0.8577662796154484,0.8634215348424539,0.0,Lumber & Wood Production,Basic Materials,EVA
2017Q3,2017,Q3,2017-11-02,2017-09-30,6339000.0,131458000.0,13987000.0,0.19,21118000.0,0.16064446439166882,689234000.0,0.0,106073000.0,69785000.0,412034000.0,34477000.0,0.0,777667350.0,1111337350.0,0.0,1.5199971340545964,0.497832376232165,0.0,0.04076380773075544,0.0,0.0,5.915709580246162,30.66995385707525,0.0,2.8368827890834516,3.2003944658758012,0.023124283152687327,0.19073057916469588,0.9608941749659669,0.009197166709709619,30.280638190172105,0.16064446439166882,0.7272727272727273,4.23657058921565,2.25844434107468,0.0,0.16115906966514543,0.6413775245986535,0.18363374799018364,0.8358524596959449,0.5626918524972656,0.0,Lumber & Wood Production,Basic Materials,EVA
2017Q2,2017,Q2,2017-08-03,2017-06-30,3862000.0,126948000.0,11817000.0,0.11,18187000.0,0.14326338343258657,689803000.0,0.0,96715000.0,60048000.0,402330000.0,28413000.0,0.0,723525000.0,1066153000.0,0.0,1.6106281641353584,0.49827124555851454,0.0,0.03438082796784489,0.0,0.0,5.699380848851498,46.83616002071465,0.0,3.92594510616261,3.8278604863970718,0.020955737534984968,0.18403515206515483,1.0563715694111377,0.005598699918672433,118.92258382642999,0.14326338343258657,0.5714285714285713,2.889226908112217,0.6759291319830176,0.0,-0.01564191383416324,0.5234714003944774,0.16412176140281745,2.889226908112217,0.6759291319830176,0.0,Lumber & Wood Production,Basic Materials,EVA
2017Q1,2017,Q1,2017-05-10,2017-03-31,2535000.0,122123000.0,10151000.0,0.07,18476000.0,0.1512900927753167,707495000.0,0.0,106178000.0,65319000.0,407802000.0,30780000.0,0.0,738608500.0,1071773500.0,0.0,1.6255300907852233,0.4877462031533792,0.0,0.02941653771031477,0.0,0.0,6.048070388051391,72.84107495069034,0.0,5.198422090729783,3.3673489278752435,0.017841657657608867,0.1726132340157881,1.0485616742448598,0.0035830641912663694,24.39906514270613,0.1512900927753167,1.2058823529411764,1.6883484993629598,0.6635862763310484,0.0,-0.12377881058522243,1.2262786753548156,3.3117740833523115,1.6883484993629598,0.6635862763310484,0.0,Lumber & Wood Production,Basic Materials,EVA
2016Q4,2016,Q4,2017-02-28,2016-12-31,-11203000.0,127541000.0,-4391000.0,-0.34,21086000.0,0.1653272281070401,726168000.0,0.0,120715000.0,68324000.0,416651000.0,29764000.0,0.0,667507600.0,1017836600.0,0.0,1.7668022949476025,0.48307691883971754,0.0,-0.012517282173349107,0.0,0.0,5.233670741173427,-14.895733285727038,0.0,-13.669552798357582,3.5766362048111815,0.22942060884400417,0.17563566557600996,1.2582401498741291,-0.01542755946282403,-9.094852440253971,0.1653272281070401,-1.6800000000000002,-4.902952248077133,0.7932523057140834,0.0,-0.08001745200698081,-1.859587201718714,-1.2681526717557252,-4.902952248077133,0.7932523057140834,0.0,Lumber & Wood Production,Basic Materials,EVA
2016Q3,2016,Q3,2016-11-03,2016-09-30,13033000.0,109774000.0,16375000.0,0.5,22920000.0,0.2087926102720134,566648000.0,0.0,84628000.0,37625000.0,238389000.0,29114000.0,0.0,669999760.0,855293760.0,0.0,2.249249169435216,0.364759074416569,0.0,0.07922492621800764,0.0,0.0,6.103446717802029,12.851986495818307,0.0,1.0336069976214226,2.983238304595727,0.020105977351394872,0.19372520506557864,1.435109634551495,0.023000169417345513,61.91090001848087,0.2087926102720134,0.06382978723404262,8.054615443239594,1.8846119199909257,0.0,0.16867224148480522,0.08130755828424459,0.07588699080157688,8.054615443239594,1.8846119199909257,0.0,Lumber & Wood Production,Basic Materials,EVA
2016Q2,2016,Q2,2016-08-04,2016-06-30,12053000.0,119709000.0,15220000.0,0.47,19612000.0,0.16383062259312164,577362000.0,0.0,91014000.0,53333000.0,254951000.0,21262000.0,0.0,563696920.0,750629920.0,0.0,1.7065231657697861,0.35807517640579045,0.0,0.07361939450224679,0.0,0.0,4.708893399827916,11.692045963660501,0.0,1.061893304571476,4.707788542940457,0.02270546378007529,0.20733785735812194,1.271707948174676,0.02087598421787371,18.724984055275048,0.16383062259312164,0.6206896551724138,7.263462096534294,0.6788196113871345,0.0,0.24481117105680736,0.6083533493461436,0.417396163158875,7.263462096534294,0.6788196113871345,0.0,Lumber & Wood Production,Basic Materials,EVA
2016Q1,2016,Q1,2016-05-05,2016-03-31,7494000.0,107252000.0,10738000.0,0.29,15755000.0,0.1468970275612576,567702000.0,0.0,77745000.0,43078000.0,245043000.0,27799000.0,0.0,537722040.0,741246040.0,0.0,1.8047495241190399,0.36490975899327466,0.0,0.05183433095192122,0.0,0.0,5.013631820385634,17.93841873498799,0.0,2.211369095276221,3.2913773876758157,0.030818896692424956,0.18892306174718426,0.9720042713217883,0.013200587632243677,28.37433591894887,0.1468970275612576,0.0,3.160498950809058,0.5511836870082942,0.0,-0.2999333481448567,-0.43265955030660913,-0.2954068241469816,3.160498950809058,0.5511836870082942,0.0,Lumber & Wood Production,Basic Materials,EVA
2015Q4,2015,Q4,2016-03-08,2015-12-31,13209000.0,116813000.0,15240000.0,0.29,22505000.0,0.19265835138212356,574547000.0,0.0,67321000.0,40533000.0,248395000.0,24245000.0,0.0,436090049.99999994,647113050.0,0.0,1.6608935928749413,0.37107147021914655,0.0,0.0716674869671576,0.0,0.0,3.733232174501125,8.253653758800816,0.0,9.933151639033992,3.8897917096308516,0.3008713452645847,0.20331321893596171,1.0103619273184812,0.022990286260305946,19.63485141828005,0.19265835138212356,0.07407407407407393,3.7703551629416907,0.7025686414907873,0.0,0.6010956175298805,1.0600436681222707,0.6427724479896518,3.7703551629416907,0.7025686414907873,0.0,Lumber & Wood Production,Basic Materials,EVA
2015Q3,2015,Q3,2015-11-05,2015-09-30,6412000.0,116588000.0,9277000.0,0.27,14056000.0,0.12056129275740213,564430000.0,0.0,148447000.0,34480000.0,209423000.0,25366000.0,0.0,297637500.0,399319500.0,0.0,4.305307424593967,0.3133054586042556,0.0,0.05245194918669155,0.0,0.0,2.5528999553984972,11.604706019962569,0.0,0.9605427323767936,4.042103603248443,0.020692957036663726,0.20655882926137872,3.4881960556844547,0.01136013323175593,52.345673584242,0.12056129275740213,0.1250000000000001,4.618400133178199,2.1940071508146426,0.0,0.04856396866840731,5.2011605415860735,0.056846662109820006,4.618400133178199,2.1940071508146426,0.0,Lumber & Wood Production,Basic Materials,EVA
2015Q2,2015,Q2,2015-07-31,2015-06-30,1034000.0,109659000.0,8778000.0,0.24,13405000.0,0.12224258838763805,561036000.0,0.0,141208000.0,30635000.0,206169000.0,22552000.0,0.0,430722900.0,531566900.0,0.0,4.609368369511996,0.31640037359456435,0.0,0.04945017801613412,0.0,0.0,3.927839028260334,104.1399661508704,0.0,0.0,4.268091521816247,0.0,0.19545804547301776,3.7641912844785375,0.0018430189863039093,19.548102931832624,0.12224258838763805,3.834567551287957,1.5589253977774498,0.5996888614565092,0.0,3.1903719912472646,1.5128968253968254,80.08108108108108,1.5589253977774498,0.5996888614565092,0.0,Lumber & Wood Production,Basic Materials,EVA
2015Q1,2015,Q1,2015-03-31,2015-03-31,-2016000.0,72151000.0,-111000.0,-0.084669,3199000.0,0.04433756981885213,384713000.0,0.0,62901000.0,31368000.0,110616000.0,18633000.0,0.0,511920934.0,593748934.0,0.0,2.0052601377199695,0.22737469230309348,0.0,-0.0012689484875505865,0.0,0.0,7.095132901830882,-63.48225868055555,0.0,0.0,3.700531315408147,0.0,0.1875450010787262,0.9629558786023974,-0.005240270019469059,65.5216861640855,0.04433756981885213,-1.8667206614978504,0.39568345323741005,0.0850100754909922,0.0,-0.607147243030824,-1.8667239896818573,-1.025170068027211,0.39568345323741005,0.0850100754909922,0.0,Lumber & Wood Production,Basic Materials,EVA
2014Q4,2014,Q4,2014-12-31,2014-12-31,2326000.0,78977000.0,4410000.0,0.09768891381183485,8143000.0,0.10310596756017575,384489000.0,0.0,58080000.0,24896000.0,109961000.0,18064000.0,0.0,511920934.0,605403934.0,0.0,2.332904884318766,0.24467540033655058,0.0,0.04687749136327398,0.0,0.0,6.481898957924459,55.02159651762683,0.0,0.0,3.9212798937112487,0.0,0.2054076969692241,0.9073746786632391,0.00604958789458216,67.0843839601625,0.10310596756017575,-0.2554425641608879,-0.15233236151603505,0.1615802091453281,0.0,0.00954624349119762,-0.2554417413572343,-0.1566265060240964,-0.15233236151603505,0.1615802091453281,0.0,Lumber & Wood Production,Basic Materials,EVA
2014Q3,2014,Q3,2014-09-30,2014-09-30,3124000.0,76110000.0,5229000.0,0.131204,8066000.0,0.10597818946261989,392898000.0,0.0,62644000.0,32410000.0,122525000.0,15492000.0,0.0,511920934.0,608877934.0,0.0,1.9328602283245913,0.25435609242093365,0.0,0.05225616829637485,0.0,0.0,6.726066666666667,40.966784090909094,0.0,0.0,4.392202427059127,0.0,0.19371439915703312,1.0335390311632213,0.007951173077999888,1347.160352631579,0.10597818946261989,2.6886406342505595,2.762979683972912,1.0851483520999425,0.0,1.7823387374956883,2.6886486486486487,12.204545454545455,2.762979683972912,1.0851483520999425,0.0,Lumber & Wood Production,Basic Materials,EVA
2014Q2,2014,Q2,2014-06-30,2014-06-30,-1850000.0,68551000.0,396000.0,-0.077698,2899000.0,0.04228968213446923,388826000.0,0.0,53736000.0,32475000.0,121773000.0,16657000.0,0.0,511920934.0,608647934.0,0.0,1.6546882217090069,0.2602372269344128,0.0,0.0039135462065285065,0.0,0.0,7.4677383845604,-69.17850459459459,0.0,0.0,3.9414060154889836,0.0,0.17630251063457691,0.7359815242494226,-0.0047579122795286324,39.11077500191,0.04228968213446923,0.44544208753247494,0.0,0.0,0.0,1.901901901901902,0.44544364508393286,1.3735849056603773,0.0,0.0,0.0,Lumber & Wood Production,Basic Materials,EVA
2014Q1,2014,Q1,2014-03-31,2014-03-31,-3336000.0,66498000.0,-1060000.0,-0.140108,999000.0,0.015023008210773256,,,,,,,,511920934.0,,,0.0,0.0,0.0,0.0,,0.0,7.698290685434149,-38.363379346522784,0.0,0.0,0.0,0.0,0.0,0.0,0.0,-80.0001459603063,0.015023008210773256,-2.215747139142857,0.0,0.0,0.0,-0.8700910273081924,-2.2157434402332363,-1.2137958854376765,0.0,0.0,0.0,Lumber & Wood Production,Basic Materials,EVA
2013Q4,2013,Q4,2013-12-31,2013-12-31,2744000.0,67991000.0,4958000.0,0.11524435920020415,7690000.0,0.11310320483593417,400003000.0,0.0,56999000.0,32854000.0,128592000.0,19083000.0,0.0,511920934.0,608886934.0,0.0,1.7349181226030317,0.2513081151891361,0.0,0.049321555051529985,0.0,0.0,7.529245547204777,46.640026785714284,0.0,0.0,3.159932924592569,0.0,0.16997622517831115,0.9048213307359835,0.006859948550385872,-23.4890765348261,0.11310320483593417,2.5485327313769752,0.0,0.0,0.0,1.0660934981192907,2.5485327313769752,8.489425981873111,0.0,0.0,0.0,Lumber & Wood Production,Basic Materials,EVA
2013Q3,2013,Q3,2013-09-30,2013-09-30,-1772000.0,36501000.0,-662000.0,-0.07442164887126886,3722000.0,0.10196980904632749,,,,,,,,511920934.0,,,0.0,0.0,0.0,0.0,,0.0,14.024846826114352,-72.22360806997743,0.0,0.0,0.0,0.0,0.0,0.0,0.0,-12.18018353993671,0.10196980904632749,0.0,0.0,0.0,0.0,0.0,0.0,0.0,0.0,0.0,0.0,Lumber & Wood Production,Basic Materials,EVA
