Quarters,Year,Quarter,FillingDate,Date,NetIncome,Revenue,OperatingIncome,EPSDiluted,GrossProfit,GrossProfitRatio,TotalAssets,CommonStockEquity,CurrentAssets,CurrentLiability,TotalLiability,Inventory,RetainedEarnings,MarketCap,EnterpriseValue,bookValuePerShare,currentRatio,debtToAssets,debtToEquity,roic,shareholdersEquityPerShare,roe,priceToSalesRatio,peRatio,pbRatio,payoutRatio,inventoryTurnover,dividendYield,assetTurnover,quickRatio,returnOnAssets,priceToFreeCashFlowsRatio,grossProfitMargin,epsdilutedGrowth,fiveYNetIncomeGrowthPerShare,fiveYRevenueGrowthPerShare,fiveYShareholdersEquityGrowthPerShare,grossProfitGrowth,netIncomeGrowth,operatingIncomeGrowth,threeYNetIncomeGrowthPerShare,threeYRevenueGrowthPerShare,threeYShareholdersEquityGrowthPerShare,Industry,Sector,Symbol
2023Q1,2023,Q1,2023-03-31,2023-03-31,38333000.0,184144000.0,87950000.0,0.52,184144000.0,1.0,16730477000.0,1974677000.0,3216097000.0,0.0,759648000.0,0.0,861905000.0,1981779866.3,1603813866.3,26.55448415078088,0.0,0.045405041350584326,0.38469481337960587,0.025743099834876132,26.55448415078088,0.019412288693290092,10.762120222760448,12.92476369120601,1.003596976264979,0.43821250619570606,0.0,0.008476218921005595,0.011006500292848793,0.0,0.002291207835855487,-58.563234819739954,1.0,-0.1875,0.43938350037906543,0.3527742423236063,0.2734468072298605,0.09581476169789875,-0.17890114597836565,0.7202597504205297,0.41074536036896053,0.3133736118739364,0.15981075309319542,Banks—Regional,Financial Services,TOWN
2022Q4,2022,Q4,2022-12-31,2022-12-31,46685000.0,174748000.0,51126000.0,0.64,168043000.0,0.9616304622,15845267000.0,1873960000.0,152625000.0,0.0,252094000.0,0.0,840777000.0,2253185696.64,1377449696.6399999,25.6494289335238,0.0,0.017487493268494622,0.14786548272108263,0.019022734657127116,25.6494289335238,0.02491248479156439,12.893914074209718,12.065897486558852,1.2023659505218895,0.3581450144586055,0.0,0.007420604535584099,0.011028403623618333,0.0,0.0029463056696993496,35.263329420308,0.9616304621512121,-0.07246376811594193,2.5741500663466566,0.5234769177457125,0.5641187236535374,-0.06244839206409427,-0.06944527497059938,-0.32959179659327836,0.31540456236147263,0.24276624485761963,0.12877822322273375,Banks—Regional,Financial Services,TOWN
2022Q3,2022,Q3,2022-09-30,2022-09-30,50169000.0,179236000.0,76261000.0,0.69,179236000.0,1.0,15951797000.0,1826662000.0,3329355000.0,0.0,14108211000.0,0.0,810845000.0,1947287486.8799999,785183486.8799999,25.168005130318058,0.0,0.017372023979492716,0.15170567954005723,0.02902795141128655,25.168005130318058,0.027464851187576026,10.86437706085831,9.703639134126652,1.0660360191869103,0.33321373756702344,0.0,0.00858476219491579,0.011236100860611503,0.0,0.0031450375152091013,25.521126680908505,1.0,0.07812499999999989,0.5838798495550346,0.3320044771890519,0.3861005864734443,0.07339801173793269,0.07781382258792188,0.11344556219065279,0.32324311101240083,0.22040912552775366,0.11628801878877118,Banks—Regional,Financial Services,TOWN
2022Q2,2022,Q2,2022-06-30,2022-06-30,46547000.0,166980000.0,68491000.0,0.64,166980000.0,1.0,16864039000.0,1853721000.0,4363632000.0,0.0,14993506000.0,0.0,777430000.0,1969991429.55,72455429.54999995,25.547585839749775,0.0,0.03273741243126869,0.29782529301874444,0.023017276200701813,25.547585839749775,0.025110035436832188,11.797768772008624,10.580657343921198,1.06272272340336,0.3121790878037253,0.0,0.007376174221894599,0.00990154256640417,0.0,0.0027601335599378063,26.646351727286252,1.0,0.0,0.5208520657189867,0.19580346137938615,0.4294436221134715,0.00947936062679854,0.006421621621621622,0.03823007776379815,0.3342804641016447,0.147079874494832,0.15485875040176225,Banks—Regional,Financial Services,TOWN
2022Q1,2022,Q1,2022-03-31,2022-03-31,46250000.0,165412000.0,65969000.0,0.64,165412000.0,1.0,16666588000.0,1862520000.0,4813542000.0,0.0,14786828000.0,0.0,747614000.0,2170592365.5,-244456634.5,25.69061316455644,0.0,0.0331173363138274,0.2963474217726521,0.021983529184416234,25.69061316455644,0.02483194811330885,13.122339162213141,11.732931705405406,1.1654062053024934,0.31961081081081083,0.0,0.006810122543020618,0.009924766844899508,0.0,0.0027750130980618228,14.558842354669295,1.0,0.12280701754385977,0.8026787842827819,0.3467427855565901,0.46341402332860593,0.039738512791501666,0.11028423276358748,0.1314855153251119,0.4622356968494335,0.22714367499558055,0.1902883041617271,Banks—Regional,Financial Services,TOWN
2021Q4,2021,Q4,2021-12-31,2021-12-31,41656000.0,159090000.0,58303000.0,0.57,159090000.0,1.0,16361387000.0,1899314000.0,13615980000.0,0.0,14445213000.0,0.0,716605000.0,2290492244.43,-601124755.5700002,26.19494975628312,0.0,0.02475456390097001,0.21324488736459585,0.020639129998845027,26.19494975628312,0.021932129179272095,14.397462093343389,13.746472563556269,1.205957648092943,0.34837718455924715,0.0,0.006335756008469429,0.009723503270230084,0.0,0.0025459944196662546,22.060660949752954,1.0,-0.17391304347826086,0.8774129516075104,0.3517988093736266,0.5124864950087387,-0.06459465180272349,-0.1734920634920635,-0.21878307941740027,0.14921886849721475,0.20809634684138753,0.23618703790545287,Banks—Regional,Financial Services,TOWN
2021Q3,2021,Q3,2021-09-30,2021-09-30,50400000.0,170076000.0,74631000.0,0.69,170076000.0,1.0,15811372000.0,1883087000.0,13450709000.0,0.0,13910938000.0,0.0,690960000.0,2255688943.47,-603186056.5300002,25.971150295164417,0.0,0.02561700527949124,0.2150936202097938,0.0254587566775025,25.971150295164417,0.02676456265695637,13.262829226169476,11.188933251339286,1.1978676202798915,0.2876388888888889,0.0,0.006426861310805909,0.010756561796155324,0.0,0.0031875791677028406,9.745943786622538,1.0,-0.10389610389610399,0.7799831062679227,0.327065320209244,0.5065973815013141,0.01646535700838508,-0.096822751464975,-0.0723767618763517,0.3046989603112754,0.22245772705744324,0.25620210032013935,Banks—Regional,Financial Services,TOWN
2021Q2,2021,Q2,2021-06-30,2021-06-30,55803000.0,167321000.0,80454000.0,0.77,167321000.0,1.0,15803835000.0,1853844000.0,13567484000.0,0.0,13933979000.0,0.0,655095000.0,2204479419.48,-410719580.52,25.58152005488098,0.0,0.03195800259873632,0.2724387812566753,0.02748252414455492,25.58152005488098,0.03010123829189511,13.17515087454653,9.876168931240256,1.1891396576410962,0.23443184058204755,0.0,0.0059342808485305905,0.010587366927078143,0.0,0.0035309783985975557,25.789719340188817,1.0,-0.18947368421052627,5.396802433024073,0.4248874918822421,0.26632550153515716,-0.08321781391602606,-0.1912022610334082,-0.17798393853321617,0.5883027273547026,0.20934706656815377,0.2554652811152298,Banks—Regional,Financial Services,TOWN
2021Q1,2021,Q1,2021-03-31,2021-03-31,68995000.0,182509000.0,97874000.0,0.95,182509000.0,1.0,15079396000.0,1800215000.0,12880185000.0,0.0,13263090000.0,0.0,613826000.0,2201414571.2,598456571.1999998,24.859713711338042,0.0,0.033494445002969615,0.28056426593490225,0.03456607495337814,24.859713711338042,0.038325977730437756,12.061950759688562,7.97671777375172,1.2228620310351819,0.19134719907239656,0.0,0.005997053064295626,0.012103203603115138,0.0,0.004575448512659261,32.92425663221812,1.0,0.3768115942028986,1.7424506531224546,0.6414692025199084,0.5420165863663375,0.0751888115183863,0.37764066930234413,0.2902094675648242,1.6604265626189894,0.3768352731471302,0.19217239825089474,Banks—Regional,Financial Services,TOWN
2020Q4,2020,Q4,2020-12-31,2020-12-31,50082000.0,169746000.0,75859000.0,0.69,169746000.0,1.0,14626444000.0,1766847000.0,12477210000.0,0.0,12842616000.0,0.0,557889000.0,1700303096.44,541109096.44,24.398924901601468,0.0,0.04820672748618871,0.3990685101766027,0.0257206069024298,24.398924901601468,0.02834540851584772,10.016749121864432,8.487595825046924,0.9623374839134345,0.25999361047881475,0.0,0.007658046396117637,0.01160541824109811,0.0,0.0034240721804971873,8.716329420775,1.0,-0.0142857142857143,1.8455031579492753,0.6965001531450283,0.5432096371809193,-0.11652744164259506,-0.012481514344868383,0.24208337426728233,2.868400644360142,0.493061087349245,0.4878621810457777,Banks—Regional,Financial Services,TOWN
2020Q3,2020,Q3,2020-09-30,2020-09-30,50715000.0,192135000.0,61074000.0,0.7,192135000.0,1.0,14795417000.0,1731742000.0,12711781000.0,0.0,13046714000.0,0.0,520888000.0,1186366373.1999998,356794373.1999998,23.939121540839707,0.0,0.06624402678207718,0.565966523881733,0.019505438973633347,23.939121540839707,0.02928554022481409,6.174649976318733,5.848202569259588,0.685071086339651,0.258542837424825,0.0,0.011052235039866184,0.012986115903323306,0.0,0.0034277506338618235,41.68393145708161,1.0,0.4583333333333333,1.0415565805588494,0.7882958203850933,0.5171402557368246,0.18123524493409404,0.46553966189856955,-0.035790404319477116,0.6064145870506089,0.43258812269601815,0.3184211555744247,Banks—Regional,Financial Services,TOWN
2020Q2,2020,Q2,2020-06-30,2020-06-30,34605000.0,162656000.0,63341000.0,0.48,162656000.0,1.0,15580258000.0,1707595000.0,13512773000.0,0.0,13858715000.0,0.0,499502000.0,1361765656.2,-134363343.79999995,23.624541897886644,0.0,0.0741400431238045,0.6764607532816622,0.018430404790490233,23.624541897886644,0.02026534394865293,8.372059169043872,9.837925561335068,0.7974757809667984,0.3787313971969369,0.0,0.009624269741515016,0.010439878466710885,0.0,0.002221080036030212,-10.552641762175986,1.0,0.3333333333333333,0.37319598225940426,0.4745329467982959,0.5200605349913573,0.194770089613633,0.3115903577926016,0.10782496152231706,0.13502951332166221,0.16933368813776545,0.321845083645575,Banks—Regional,Financial Services,TOWN
2020Q1,2020,Q1,2020-03-31,2020-03-31,26384000.0,136140000.0,57176000.0,0.36,136140000.0,1.0,12623826000.0,1653200000.0,10591738000.0,0.0,10958194000.0,0.0,477972000.0,1306210664.52,1640208664.52,22.89553194774279,0.0,0.09665326502440702,0.738043793854343,0.016255544158041854,22.89553194774279,0.015959351560609725,9.594613372410754,12.376920335430563,0.7901104914831841,0.49291237113402064,0.0,0.009956280677572798,0.010784369176191117,0.0,0.0020900161329853563,-105.4501222668927,1.0,-0.2653061224489796,0.2731107062979138,0.31960930230802564,0.48083719286366117,-0.02035000863508146,-0.24780476679210856,-0.17587707918936837,0.032521409443672274,0.11289760562875302,0.3041978527052178,Banks—Regional,Financial Services,TOWN
2019Q4,2019,Q4,2019-12-31,2019-12-31,35076000.0,138968000.0,69378000.0,0.49,138968000.0,1.0,11947663000.0,1640755000.0,9723184000.0,0.0,10293969000.0,0.0,467186000.0,2008777262.96,2286306262.96,22.723178393974546,0.0,0.060274967581526194,0.4389107453580821,0.024154712185062262,22.723178393974546,0.021377963193773598,14.454962746531576,14.317319983464477,1.2243005585599314,0.3774945831907857,0.0,0.0065915720195323935,0.011631396031173628,0.0,0.0029358042656542956,29.420563914584495,1.0,-0.057692307692307744,2.400961554402867,0.6488222908007348,0.8901513348228935,-0.047374879180690846,-0.06858918186887597,-0.060898520513827034,0.5874382757561261,0.18573742173475846,0.312027729173912,Banks—Regional,Financial Services,TOWN
2019Q3,2019,Q3,2019-09-30,2019-09-30,37659000.0,145879000.0,73877000.0,0.52,145879000.0,1.0,12021291000.0,1625380000.0,9898818000.0,0.0,10382757000.0,0.0,445186000.0,2004496399.905,1813261399.905,22.546157180497747,0.0,0.05241991064021327,0.38769703084817086,0.027408328539478628,22.546157180497747,0.02316935116711169,13.740815332604418,13.306888127041345,1.2332478558275604,0.3451498977668021,0.0,0.006484421723389486,0.012135052716051878,0.0,0.0031326918215356402,-61.6900994031022,1.0,0.08333333333333341,0.5194724905511406,0.12967827824938638,0.3162142692534065,0.009284819803925638,0.08721635198337087,0.03155675328483461,0.3376760334535495,0.14482436268378585,0.3079120864885016,Banks—Regional,Financial Services,TOWN
2019Q2,2019,Q2,2019-06-30,2019-06-30,34638000.0,144537000.0,71617000.0,0.48,144537000.0,1.0,11942480000.0,1593763000.0,9894240000.0,0.0,10336028000.0,0.0,420600000.0,1968984848.61,1782536848.61,22.121827306466752,0.0,0.0653267997936777,0.48951067379528823,0.02421228843157256,22.121827306466752,0.021733469781893545,13.622704557379771,14.211161503334486,1.2354313963933155,0.33252497257347424,0.0,0.005849714896552456,0.012102762575277497,0.0,0.0029004025964456293,-17.711795198348444,1.0,0.09090909090909087,0.4496394692080438,0.14254802206639652,0.3068315211805151,0.07981083867497422,0.10280492852367155,0.08548433545023265,2.993946972569104,0.23809296345188588,0.09506526581053006,Banks—Regional,Financial Services,TOWN
2019Q1,2019,Q1,2019-03-31,2019-03-31,31409000.0,133854000.0,65977000.0,0.44,133854000.0,1.0,11568263000.0,1553848000.0,9682105000.0,0.0,10002607000.0,0.0,399030000.0,1829325105.3,1916195105.3,21.5835214668007,0.0,0.08533433238853577,0.6353066709227673,0.020673625902353485,21.5835214668007,0.020213688855023143,13.666570332601191,14.560516932248719,1.1772870353470866,0.3698939794326467,0.0,0.0063509760874870345,0.011570795027740985,0.0,0.0027151007891158766,80.83271200123724,1.0,-0.12,0.3738149465819769,0.12513235264674483,0.2944693548195752,0.02372430249632893,-0.12728535704362323,-0.07643098114422499,0.25579091232712425,0.21093778516160855,0.3387985268237915,Banks—Regional,Financial Services,TOWN
2018Q4,2018,Q4,2018-12-31,2018-12-31,35990000.0,130752000.0,71437000.0,0.5,130752000.0,1.0,11163030000.0,1525526000.0,9308090000.0,0.0,9624610000.0,0.0,379239000.0,1724216303.5,2084696303.5,21.190118447340154,0.0,0.0938075056682639,0.6864360227226544,0.02162607032796065,21.190118447340154,0.023591862741113558,13.186921068128976,11.977051288552374,1.1302438001712196,0.32495137538205054,0.0,0.006782791681217855,0.011712948903657878,0.0,0.003224035051415252,9.440415148213445,1.0,-0.05660377358490571,0.8114609199799323,0.164393126491971,0.28876364302000973,-0.051930913467813276,-0.06014154022928472,0.03308796945725896,1.0568436407031214,0.31445195994667813,0.34025556998186135,Banks—Regional,Financial Services,TOWN
2018Q3,2018,Q3,2018-09-30,2018-09-30,38293000.0,137914000.0,69149000.0,0.53,137914000.0,1.0,11121232000.0,1485970000.0,9315932000.0,0.0,9621408000.0,0.0,354842000.0,2155533799.15,2567220799.15,20.674340767736137,0.0,0.10081446012456174,0.7545111947078339,0.021504901376478185,20.674340767736137,0.025769699253686145,15.629550293298722,14.07263598536286,1.450590388197608,0.2996370093750816,0.0,0.005323043417145483,0.01240096420972065,0.0,0.0034432336273535163,31.990706428465423,1.0,0.10416666666666677,0.6489560549616561,0.04352040940400392,0.1709478700305523,0.006245531089028002,0.10024709803470866,0.11746929541047188,0.5514614596873445,0.2919266012293567,0.31023498861659765,Banks—Regional,Financial Services,TOWN
2018Q2,2018,Q2,2018-06-30,2018-06-30,34804000.0,137058000.0,61880000.0,0.48,137058000.0,1.0,10831653000.0,1462761000.0,9020539000.0,0.0,9354867000.0,0.0,328125000.0,2304394158.0,2967776158.0,20.376127034080078,0.0,0.10351005520579361,0.7664854340524528,0.019325787400269037,20.376127034080078,0.023793360637862235,16.813277284069517,16.552653128950695,1.5753729816422506,0.33260544764969546,0.0,0.005023446166886177,0.012653470342892261,0.0,0.0032131753112844366,-49.97601730644112,1.0,0.3333333333333333,0.35377055104942784,-0.010417936490978259,0.1309233665897559,0.0853843960847667,0.40878364703501313,0.3363856254319281,0.39056910413039664,0.2510035105124788,0.3110496150296288,Banks—Regional,Financial Services,TOWN
2018Q1,2018,Q1,2018-03-31,2018-03-31,24705000.0,126276000.0,46304000.0,0.36,126276000.0,1.0,10620415000.0,1438480000.0,8641543000.0,0.0,9171065000.0,0.0,304896000.0,1941892421.75,2589322421.75,20.852448645691823,0.0,0.10653971619753089,0.786591402035482,0.014597830273158656,20.852448645691823,0.01717437851065013,15.378159125645412,19.65080370117385,1.3499613632097769,0.40951224448492207,0.0,0.005209866358550766,0.011889930854867723,0.0,0.0023261802857986245,23.512155340775628,1.0,1.0,0.06917396085886444,-0.0392870265924377,0.1652882558383101,0.16595108168748787,1.0031622476283142,-0.0033148219897541865,0.24778074896151145,0.2811746272295897,0.34869465305715336,Banks—Regional,Financial Services,TOWN
2017Q4,2017,Q4,2017-12-31,2017-12-31,12333000.0,108303000.0,46458000.0,0.18,108303000.0,1.0,8522176000.0,1131240000.0,7089500000.0,0.0,7379671000.0,0.0,282729000.0,2107453409.75,2376693409.75,16.39864579691926,0.0,0.09083583817090846,0.6843101375481773,0.009359740212176173,16.39864579691926,0.010902195820515541,19.45886457208018,42.7198047869537,1.8629587088062656,0.7110192167355874,0.0,0.004160946078063115,0.012708374011520062,0.0,0.0014471656065305387,60.69679472797443,1.0,-0.5909090909090909,-0.4187440315123604,-0.10832237387628715,-0.07275722731396904,-0.0610027831002523,-0.5457458563535912,-0.08834379905808477,0.2516655042551866,0.34501590598958326,0.3640663161168463,Banks—Regional,Financial Services,TOWN
2017Q3,2017,Q3,2017-09-30,2017-09-30,27150000.0,115339000.0,50960000.0,0.44,115339000.0,1.0,8614794000.0,1129588000.0,7213197000.0,0.0,7473943000.0,0.0,279165000.0,2084062939.0,2205479939.0,18.157416118227896,0.0,0.08986866081765855,0.6853826350846504,0.01891939566116177,18.157416118227896,0.024035311989858248,18.069022091400132,19.1902664732965,1.8449761674167926,0.32294659300184164,0.0,0.004207166605154049,0.013388480328142495,0.0,0.0031515553360881294,23.0890401165496,1.0,0.047619047619047665,0.4524915596664858,-0.024877074700220346,0.033838538450850386,-0.035594835947690556,0.035745622401098694,0.0643052567824398,0.26943436148866123,0.035033818051016116,0.06000548103407395,Banks—Regional,Financial Services,TOWN
2017Q2,2017,Q2,2017-06-30,2017-06-30,26213000.0,119596000.0,47881000.0,0.42,119596000.0,1.0,8427042000.0,1110681000.0,7154513000.0,0.0,7304044000.0,0.0,260783000.0,1914067386.0,1967760386.0,17.872398354526897,0.0,0.06256275926950405,0.4746808489566311,0.020322789328216198,17.872398354526897,0.02360083588357053,16.004443175357036,18.25494397817877,1.7233277475710849,0.3344142219509404,0.0,0.0045797760643731065,0.014191931166357068,0.0,0.0031105813878701447,-11.44790838407158,1.0,0.20000000000000004,0.368653456883028,0.018784495645498098,0.023084194937677875,0.1372008329609098,0.19323561544064094,0.16328960155490768,0.27180392317813,0.09599435365778357,0.05579946924018013,Banks—Regional,Financial Services,TOWN
2017Q1,2017,Q1,2017-03-31,2017-03-31,21968000.0,105167000.0,41160000.0,0.35,105167000.0,1.0,8174786000.0,1089760000.0,6888376000.0,0.0,7073541000.0,0.0,243337000.0,2011261849.1999998,2273100849.2,17.5552596565406,0.0,0.08408366897922466,0.6307498898840112,0.016446893391613312,17.5552596565406,0.020158567023931876,19.12445775956336,22.888540709213398,1.845600727866686,0.37026584122359796,0.0,0.004044227261226768,0.012864801598476095,0.0,0.002687287471500783,13.09944019851763,1.0,0.12903225806451607,0.12144400556153977,-0.08439438226921503,-0.015855235123419416,0.04376867115932392,0.15645399031375026,0.1490145720506951,0.11436450757182826,0.025213622742910186,0.05287479043894354,Banks—Regional,Financial Services,TOWN
2016Q4,2016,Q4,2016-12-31,2016-12-31,18996000.0,100757000.0,35822000.0,0.31,100757000.0,1.0,7973915000.0,1075102000.0,6593117000.0,0.0,6887357000.0,0.0,229503000.0,2064026434.75,2614989434.75,17.31912968659715,0.0,0.08622000610741398,0.639484439615962,0.014934413665960182,17.31912968659715,0.017669021171944615,20.485191448236847,27.16396129119288,1.919842428671884,0.42766898294377764,0.0,0.0039359961012243525,0.012635825689137644,0.0,0.002382267681559184,18.117891493741332,1.0,-0.20512820512820515,0.018282894123341907,-0.03401844518200339,0.007264885370268699,-0.07922248825690421,-0.2142620780939775,-0.19261630003606203,0.10884771888026935,0.04061275438908244,0.053333643429286676,Banks—Regional,Financial Services,TOWN
2016Q3,2016,Q3,2016-09-30,2016-09-30,24176000.0,109426000.0,44368000.0,0.39,109426000.0,1.0,7830142000.0,1067193000.0,6548140000.0,0.0,6751264000.0,0.0,218631000.0,1487656833.48,1760533833.48,17.238281848919943,0.0,0.054616506316232834,0.4007288278689984,0.020831341580034433,17.238281848919943,0.02265382175482785,13.595094707656315,15.383612192670418,1.3939904342326084,0.33545665122435475,0.0,0.0054515260626529635,0.013974970058014274,0.0,0.0030875557556938305,24.971578767247458,1.0,2.2500000000000004,0.36087304576273527,0.031523446494264154,0.0065342086581787265,0.29879409390874995,2.8625978590829204,1.5959861915628109,0.20865824115503043,-0.03873639948866074,-0.023662730495399867,Banks—Regional,Financial Services,TOWN
2016Q2,2016,Q2,2016-06-30,2016-06-30,6259000.0,84252000.0,17091000.0,0.12,84252000.0,1.0,7940741000.0,1050360000.0,6561305000.0,0.0,6879193000.0,0.0,202565000.0,1125680340.4499998,1404518340.4499998,20.201377942613245,0.0,0.06306691025434528,0.47678700635972426,0.008466213660849951,20.201377942613245,0.005958909326326212,13.360873812491096,44.96246766456303,1.0717090716040214,1.2941364435213294,0.0,0.007195648452705463,0.010610092937170473,0.0,0.0007882135936683994,-26.90504888859676,1.0,-0.6571428571428571,-0.521824930098673,-0.0864375323181839,0.198569612762263,0.06985308123071453,-0.6487457208597565,-0.5032408080220898,-0.6638637067570361,-0.1601104140143582,0.12122437764550614,Banks—Regional,Financial Services,TOWN
2016Q1,2016,Q1,2016-03-31,2016-03-31,17819000.0,78751000.0,34405000.0,0.35,78751000.0,1.0,6365169000.0,826875000.0,5111598000.0,0.0,5529166000.0,0.0,204413000.0,984255291.9000001,1217028291.9,16.121560514415965,0.0,0.06738862707337386,0.5187482993197279,0.019041567386386606,16.121560514415965,0.02154981103552532,12.498321188302372,13.809070260676807,1.1903314187755103,0.3483921656658623,0.0,0.0063073067029348825,0.012372177392304902,0.0,0.002799454342846199,27.861275848501148,1.0,0.4583333333333333,0.24430495659226156,-0.08513745939812914,-0.03819066001366208,0.11123497206073263,0.4294079897320712,0.33394075682382135,0.03719598465368225,-0.19417098589058054,-0.09908589382298531,Banks—Regional,Financial Services,TOWN
2015Q4,2015,Q4,2015-12-31,2015-12-31,12466000.0,70868000.0,25792000.0,0.24,70868000.0,1.0,6296574000.0,810921000.0,5149350000.0,0.0,5476380000.0,0.0,192795000.0,1070422508.7,1247665508.7,15.810505788554146,0.0,0.06814499440489384,0.5291267583402083,0.015142014170960389,15.810505788554146,0.015372644190987779,15.104454883727493,21.46683997874218,1.3200083715923006,0.31573880956200867,0.0,0.003677052722648899,0.011255009470229366,0.0,0.0019798067965214098,13.38161952070207,1.0,-0.2941176470588236,-0.07727051331363854,-0.12246158646165875,-0.04489260262590802,-0.06720720246400085,-0.29033359899806443,-0.22609295766195578,-0.20979495076144772,-0.21524960457138662,-0.1060129350618922,Banks—Regional,Financial Services,TOWN
2015Q3,2015,Q3,2015-09-30,2015-09-30,17566000.0,75974000.0,33327000.0,0.34,75974000.0,1.0,6173891000.0,807152000.0,5207645000.0,0.0,5357822000.0,0.0,186522000.0,964237914.2500001,1115894914.25,15.779109050938255,0.0,0.07082761908171038,0.5417591729934387,0.01909495857840037,15.779109050938255,0.021762939322457233,12.691682868481324,13.723071761499488,1.1946175122529588,0.35232836160765113,0.0,0.006418540391884408,0.012305691823843343,0.0,0.0028452073416910017,10.499677837970275,1.0,-0.02857142857142844,0.3507299940412737,-0.11594550039765569,-0.04726902595917569,-0.025587092305916454,-0.013810913990568156,-0.01507225817891657,0.14290421888646423,-0.21883756309834665,-0.10157640640827646,Banks—Regional,Financial Services,TOWN
2015Q2,2015,Q2,2015-06-30,2015-06-30,17812000.0,77969000.0,33837000.0,0.35,77969000.0,1.0,6055181000.0,794018000.0,4867862000.0,0.0,5252290000.0,0.0,175145000.0,832240640.79,1084714640.79,15.541842810898954,0.0,0.072266047868759,0.5511008566556426,0.019183967700579122,15.541842810898954,0.022432740819477645,10.673994033397888,11.680898281916685,1.0481382547876748,0.3472939591286773,0.0,0.007432946310009534,0.012876411126273517,0.0,0.0029416131408788607,-13.724963978923759,1.0,0.20689655172413793,0.4753983076262533,-0.06660754117906034,-0.07295590313852235,0.07733653899298071,0.22520291649470353,0.1775535061771359,0.13127484142208648,-0.19208381589747986,-0.1103256863112035,Banks—Regional,Financial Services,TOWN
2015Q1,2015,Q1,2015-03-31,2015-03-31,14538000.0,72372000.0,28735000.0,0.29,72372000.0,1.0,5828703000.0,783156000.0,4459552000.0,0.0,5037123000.0,0.0,163519000.0,814499645.04,1067168645.04,15.46120806397841,0.0,0.06826287083078345,0.5080520356097635,0.017141179409094095,15.46120806397841,0.018563351362946845,11.254347607361963,14.006390924473791,1.0400222242311876,0.39028752235520703,0.0,0.006966239991082318,0.012416484422006062,0.0,0.002494208402795613,-15.247662679995507,1.0,1.0714285714285712,0.014864205551246037,-0.08800060985941106,-0.061477959735006464,0.2240507399577167,1.0093987560469937,0.7167523001553352,-0.09048369516766828,-0.22782046330636216,-0.13324739864141844,Banks—Regional,Financial Services,TOWN
2014Q4,2014,Q4,2014-12-31,2014-12-31,7235000.0,59125000.0,16738000.0,0.14,59125000.0,1.0,4982485000.0,608944000.0,3834765000.0,0.0,4364209000.0,0.0,154655000.0,765872800.56,950048800.56,12.021883102870014,0.0,0.07991614626035001,0.6538877138127643,0.012225179849854047,12.021883102870014,0.011881223889224624,12.953451172262156,26.46416035107118,1.2577064566856722,0.5704215618521078,0.0,0.00538862327658375,0.011866568589769965,0.0,0.0014520866595684684,31.045960539948922,1.0,-0.5882352941176471,-0.3956460318489489,-0.22939196537503276,-0.2542741510327297,-0.06418170307059196,-0.40334817746989937,-0.30173960201910643,-0.5247046413722456,-0.3053220564497756,-0.3008181747770985,Banks—Regional,Financial Services,TOWN
2014Q3,2014,Q3,2014-09-30,2014-09-30,12126000.0,63180000.0,23971000.0,0.34,63180000.0,1.0,4972448000.0,604185000.0,3831355000.0,0.0,4359040000.0,0.0,151547000.0,478987051.48,645575051.48,17.129549274136465,0.0,0.0801369868523512,0.6595281246638033,0.017219132497356376,17.129549274136465,0.020070011668611436,7.581308190566635,9.875207229919182,0.792782097337736,0.3379515091538842,0.0,0.008555554868002755,0.01270601522630302,0.0,0.0024386378701195064,26.694925680209554,1.0,0.030303030303030328,0.21049915044676776,0.09850918350611426,-0.0032952181653161973,0.02196629031736275,0.038451657103708146,0.009900572969329289,0.1980521327039302,0.045353526719296,0.00018537081724790858,Banks—Regional,Financial Services,TOWN
2014Q2,2014,Q2,2014-06-30,2014-06-30,11677000.0,61822000.0,23736000.0,0.33,61822000.0,1.0,4909843000.0,595995000.0,3847390000.0,0.0,4305031000.0,0.0,143519000.0,553117507.19,678714507.19,16.92783419126835,0.0,0.08037324207719065,0.6621196486547706,0.016724787785224005,16.92783419126835,0.019592446245354406,8.946936481996701,11.84202935664126,0.9280572944236111,0.35051811252890297,0.0,0.007399874252387429,0.012591441314925955,0.0,0.002378283786263634,-33.39073390824027,1.0,0.06451612903225812,0.34338858587274285,0.12401323811456638,0.026091565953682783,0.06735035652008771,0.049052196568143025,0.04665314401622718,0.31743506806818367,-0.010041380260804821,0.00434671977171559,Banks—Regional,Financial Services,TOWN
2014Q1,2014,Q1,2014-03-31,2014-03-31,11131000.0,57921000.0,22678000.0,0.31,57921000.0,1.0,4775234000.0,584420000.0,3717990000.0,0.0,4181828000.0,0.0,135936000.0,543633658.26,701504658.26,16.6736442129285,0.0,0.08268809444730876,0.6756356729749153,0.01627789171029922,16.6736442129285,0.019046233872899627,9.385778185114207,12.209901587009252,0.9302105647650663,0.33447129637948075,0.0,0.0068483618396921,0.012129457949076421,0.0,0.0023309852459586274,83.0228555681124,1.0,0.10714285714285703,0.2815619759789545,0.09505494305395513,-0.00028690016675791296,0.05944650728905636,0.1507288328336607,0.13543283432634057,0.1374070871334182,-0.015367733371383979,-0.005253447936162676,Banks—Regional,Financial Services,TOWN
2013Q4,2013,Q4,2013-12-31,2013-12-31,9673000.0,54671000.0,19973000.0,0.28,54671000.0,1.0,4672997000.0,576308000.0,3651637000.0,0.0,4087679000.0,0.0,128527000.0,539427595.14,729721595.14,16.442206887280378,0.0,0.08454681224918398,0.6855483526170034,0.015068058431565026,16.442206887280378,0.016784427771261202,9.866795835817893,13.941579529101624,0.9360057384939998,0.3847823839553396,0.0,0.00689990655564073,0.01169934412540817,0.0,0.002069977789414374,15.046375139884521,1.0,0.0,0.281824089312686,0.25199128640019,-0.009143383240999161,-0.07790521167144544,-0.0715108466116337,-0.06528453762635716,0.0477235560793237,-0.009370579952556097,-0.006731749305228704,Banks—Regional,Financial Services,TOWN
2013Q3,2013,Q3,2013-09-30,2013-09-30,10418000.0,59290000.0,21368000.0,0.28,59290000.0,1.0,4570905000.0,569307000.0,3605274000.0,0.0,3993496000.0,0.0,122576000.0,464962229.2,690513229.2,17.656072739768256,0.0,0.08517875562935567,0.6838911167436902,0.015985958007706205,17.656072739768256,0.018299441250502806,7.842169492325856,11.157665319639085,0.8167161640380323,0.40602802841236324,0.0,0.009097513162043313,0.012971173104669644,0.0,0.002279198539457722,6.028761853638296,1.0,-0.09677419354838701,0.2575352402417769,0.32490767674756504,0.32236052161327844,-0.01727109991381025,-0.06973836949727655,-0.04692239072256914,0.270868027012086,0.09450041865984615,0.06606065810127723,Banks—Regional,Financial Services,TOWN
2013Q2,2013,Q2,2013-06-30,2013-06-30,11199000.0,60332000.0,22420000.0,0.31,60332000.0,1.0,4595087000.0,563424000.0,3622190000.0,0.0,4023699000.0,0.0,117029000.0,467506951.59999996,709773951.5999999,18.017248238068767,0.0,0.08476444515631587,0.691308854432896,0.016902930591675674,18.017248238068767,0.019876682569432612,7.748905250944771,10.436354844182517,0.8297604496791048,0.3778908831145638,0.0,0.009052271812250845,0.01312967523792259,0.0,0.002437168219013046,-16.861072297760305,1.0,0.06896551724137938,0.47546727089137886,0.46183367378290224,0.6986558254540287,0.012808675653443905,0.06942322383498854,0.04128930379452882,0.5155029789065299,0.17997009619427531,0.07469775778947062,Banks—Regional,Financial Services,TOWN
2013Q1,2013,Q1,2013-03-31,2013-03-31,10472000.0,59569000.0,21531000.0,0.29,59569000.0,1.0,4375164000.0,559453000.0,3671867000.0,0.0,3808263000.0,0.0,110065000.0,462702271.6,580715271.6,17.894669873498845,0.0,0.08685388707714728,0.6792348955140111,0.016421911831459954,17.894669873498845,0.01871828375216506,7.767501076063053,11.046177224980902,0.827061918695583,0.12910618792971734,0.0,0.0029219653392339212,0.013615261050785754,0.0,0.0023935102775575956,41.5986938415895,1.0,-0.06451612903225812,0.3800249343751007,0.4708742058518755,0.6677052340113753,0.08216764160883624,0.08901830282861897,0.12715945974243534,0.18439848411546175,0.21621182500811306,0.0862373761512626,Banks—Regional,Financial Services,TOWN
2012Q4,2012,Q4,2012-12-31,2012-12-31,9616000.0,55046000.0,19102000.0,0.31,55046000.0,1.0,4405923000.0,552910000.0,3523773000.0,0.0,3846044000.0,0.0,103834000.0,484274201.83,734981201.8299999,17.685385402806396,0.0,0.08624753541993357,0.6872727930404586,0.016393257279390793,17.685385402806396,0.017391618889150133,8.79762747211423,12.59032346687812,0.8758644297082707,0.7040349417637272,0.0,0.013979683357934779,0.0124936364071728,0.0,0.0021825165805212663,112.88442933100232,1.0,0.19230769230769226,0.29443409596649767,0.4405783681260081,0.7000680561963012,-0.06963458743197107,0.028449197860962568,-0.07473964640348753,0.3014042957057296,0.16239326129525367,0.09703687275686937,Banks—Regional,Financial Services,TOWN
2012Q3,2012,Q3,2012-09-30,2012-09-30,9350000.0,59166000.0,20645000.0,0.26,59166000.0,1.0,4318309000.0,546541000.0,3560658000.0,0.0,3764703000.0,0.0,98440000.0,480472697.12,584417697.12,17.5631062713485,0.0,0.08799740824475506,0.695281781238736,0.01579584450566239,17.5631062713485,0.0171075911962689,8.120756804921745,12.846863559358288,0.8791155597109823,0.4435294117647059,0.0,0.008631083565949785,0.013701196463708364,0.0,0.0021651993870748943,10.153262692193906,1.0,0.0,0.23095890543962042,0.49526370578123186,0.7433592528684699,0.013116438356164384,-0.01868178001679261,0.02026192241166296,0.05794020344104277,0.16600084447701238,0.02193185146760061,Banks—Regional,Financial Services,TOWN
2012Q2,2012,Q2,2012-06-30,2012-06-30,9528000.0,58400000.0,20235000.0,0.26,58400000.0,1.0,4230993000.0,540078000.0,3457432000.0,0.0,3683998000.0,0.0,92993000.0,432825722.0,538671722.0,17.46913738181207,0.0,0.06617831795041967,0.5184436322160874,0.01852124021934939,17.46913738181207,0.01764189617055314,7.411399349315069,11.356678264063811,0.801413355107966,0.45864819479429053,0.0,0.010096442466051037,0.013802906315373247,0.0,0.002251953619398567,-9.383145204647937,1.0,0.040000000000000036,0.27186307057393116,0.4636175095124816,0.778543092712101,0.055408970976253295,0.009642894987813923,-0.04253809028106369,0.24832686117395592,0.20919798806874418,0.05890300728545284,Banks—Regional,Financial Services,TOWN
2012Q1,2012,Q1,2012-03-31,2012-03-31,9437000.0,55334000.0,21134000.0,0.25,55334000.0,1.0,4144218000.0,533449000.0,3481201000.0,0.0,3604481000.0,0.0,99515000.0,391552892.3124,291100892.3124,17.838086715567872,0.0,0.067564013283085,0.5248861653128978,0.018295515433713327,17.838086715567872,0.0176905383644922,7.076171834900784,10.372811600943095,0.7340024862965344,0.4773762848362827,0.0,0.011505469857200521,0.013352096825022235,0.0,0.0022771485476874046,27.490900253626343,1.0,-0.13793103448275856,0.3897234268066111,0.5210436389242983,0.8272341814535173,0.10119604370236224,0.05007232669411372,0.049354518371400195,0.27347167865903554,0.22614499466840668,0.069530376070224,Banks—Regional,Financial Services,TOWN
2011Q4,2011,Q4,2011-12-31,2011-12-31,8987000.0,50249000.0,20140000.0,0.29,50249000.0,1.0,4081770000.0,514194000.0,3337946000.0,0.0,3561281000.0,0.0,94453000.0,355272077.16,334868077.16,17.194215680645584,0.0,0.07196387841549132,0.5712629863436758,0.01852202248243433,17.194215680645584,0.017477839103529017,7.070231788891322,9.88294417380661,0.6909300325558059,0.39223322577055747,0.0,0.009921973120371304,0.012310590748621309,0.0,0.0022017409114183308,-9.332809970840886,1.0,0.7058823529411762,0.166618329537986,0.4442348757218846,0.8096193450910651,-0.012906140729972891,0.05419354838709677,-0.04441070411842855,0.395827942944887,0.3487194393245984,0.03617491824219764,Banks—Regional,Financial Services,TOWN
2011Q3,2011,Q3,2011-09-30,2011-09-30,8525000.0,50906000.0,21076000.0,0.17,50906000.0,1.0,4028244000.0,508794000.0,3408773000.0,0.0,3513089000.0,0.0,89971000.0,327847966.4184,133291966.41839999,17.126374544090734,0.0,0.0729201110955543,0.5773259904794474,0.01862670619788224,17.126374544090734,0.01675530764906819,6.4402617848269355,9.614309865642229,0.644362878529228,0.5719648093841643,0.0,0.01487274743006105,0.012637268248894556,0.0,0.00211630675798189,-19.8973093656855,1.0,0.0,0.25560108967797657,0.44455789419301395,0.8150442599672183,-0.03742081875768176,0.13575806021849188,0.06811271031826474,0.11687885684385187,0.2346646390093081,0.28268850662683964,Banks—Regional,Financial Services,TOWN
2011Q2,2011,Q2,2011-06-30,2011-06-30,7506000.0,52885000.0,19732000.0,0.17,52885000.0,1.0,4017719000.0,502534000.0,3023050000.0,0.0,3509000000.0,0.0,87431000.0,387204003.539,616828003.539,16.854572089523014,0.0,0.08557044432425463,0.6841288350638962,0.016722931070509563,16.854572089523014,0.014936302817321813,7.3216224551195985,12.89648293162137,0.7705030973804757,0.5956568078870237,0.0,0.011546884740693729,0.013162941460067266,0.0,0.001868224233700764,-72.76902904322495,1.0,-0.1052631578947368,0.09149961876938682,0.5161541099663145,0.8409627353889105,0.05950115195832916,-0.09609826589595376,-0.07582783007821647,0.03718936945224436,0.3439462789763093,0.5890393853213599,Banks—Regional,Financial Services,TOWN
2011Q1,2011,Q1,2011-03-31,2011-03-31,8304000.0,49915000.0,21351000.0,0.19,49915000.0,1.0,3973354000.0,498519000.0,3107776000.0,0.0,3467628000.0,0.0,84615000.0,452053745.4688,563075745.4688001,16.761700936117926,0.0,0.08673604214474723,0.6913136710937797,0.01802577062289932,16.761700936117926,0.01665733903823124,9.056470909922869,13.609517866955684,0.906793413026986,0.5390173410404624,0.0,0.00990147752311661,0.012562434658477447,0.0,0.002089922015506295,11.838826353153154,1.0,-0.24,0.4757032655467161,0.5350889171234933,0.8518541323609156,0.06589933588161183,0.05999489405157008,0.006126007256962443,0.1503259816434597,0.2955750821329106,0.5621174673635724,Banks—Regional,Financial Services,TOWN
2010Q4,2010,Q4,2010-12-31,2010-12-31,7834000.0,46829000.0,21221000.0,0.25,46829000.0,1.0,3871018000.0,492331000.0,3051527000.0,0.0,3371506000.0,0.0,81000000.0,458692059.8752,652859059.8752,16.553641854332284,0.0,0.08903161907281237,0.7000229520383644,0.018442567584179347,16.553641854332284,0.01591205916344898,9.795042812684446,14.637862518355885,0.9316741376740444,0.5610160837375543,0.0,0.009581591626407884,0.012097334602939071,0.0,0.0020237570582208606,5.189293826083809,1.0,0.47058823529411753,0.25812201387966077,0.4302503593670956,0.8514882882396304,-0.059394207206845295,0.039819485001327315,-0.03650397275822929,0.10852462536178087,0.2882563618776537,0.5912753434142675,Banks—Regional,Financial Services,TOWN
2010Q3,2010,Q3,2010-09-30,2010-09-30,7534000.0,49786000.0,22025000.0,0.17,49786000.0,1.0,3661244000.0,490802000.0,2921880000.0,0.0,3163142000.0,0.0,77769000.0,430289498.76,743118498.76,16.56197760005032,0.0,0.09632600285585992,0.7185647165251975,0.018430065655601544,16.56197760005032,0.015350385695249815,8.642781078214758,14.278255201752057,0.8767068976084043,0.6027342713034245,0.0,0.010553360035711229,0.013598110369043964,0.0,0.002057770528268534,-6.178946821562939,1.0,0.06250000000000006,0.37974685002207964,0.5257997666187445,0.835882673530087,0.04599029350589323,0.09521732810001454,0.006029324441602339,0.04156132795539097,0.3212351056909507,0.6439846373844864,Banks—Regional,Financial Services,TOWN
2010Q2,2010,Q2,2010-06-30,2010-06-30,6879000.0,47597000.0,21893000.0,0.16,47597000.0,1.0,3732744000.0,488036000.0,3010746000.0,0.0,3237672000.0,0.0,74982000.0,410251435.9145,599760435.9145,16.764944476229456,0.0,0.09448357562158026,0.7226577547557967,0.018709028198261264,16.764944476229456,0.014095271660287356,8.619270876620375,14.909559380524058,0.8406171592146892,0.6370111934874255,0.0,0.010681254509766657,0.01275120929803919,0.0,0.0018428801975168938,-12.35585446840647,1.0,-0.15789473684210525,0.27561445055943135,0.6052697661591621,0.9299182038560718,0.07026893326137794,-0.1431240657698057,-0.0935701569163251,-0.02478762105330111,0.26686289576912364,0.7068488011860181,Banks—Regional,Financial Services,TOWN
2010Q1,2010,Q1,2010-03-31,2010-03-31,8028000.0,44472000.0,24153000.0,0.19,44472000.0,1.0,3690534000.0,467643000.0,2834821000.0,0.0,3216246000.0,0.0,72780000.0,384623267.8572,728813267.8572,16.47399570884122,0.0,0.1258536027577581,0.9932084945139775,0.018158103120027975,16.47399570884122,0.017166941448925783,8.648661356745817,11.977555675672647,0.8224719879420841,0.5346287992027903,0.0,0.011158971280940552,0.012050288657413805,0.0,0.0021752949573151203,10.840565610405863,1.0,-0.13636363636363635,0.5677858702419737,0.6903353594831578,0.9316036953164639,0.03428066421694032,0.19660157996720823,0.010247615860799732,0.24546329348714946,0.2878503923279072,0.6875043015707728,Banks—Regional,Financial Services,TOWN
2009Q4,2009,Q4,2009-12-31,2009-12-31,6709000.0,42998000.0,23908000.0,0.22,42998000.0,1.0,3606451000.0,457624000.0,2783066000.0,0.0,3142130000.0,0.0,69341000.0,321806255.33699995,761677255.3369999,16.12104920262413,0.0,0.13991455866168706,1.1026410328129643,0.016546555655438597,16.12104920262413,0.014660507316049858,7.484214506186333,11.991587991392159,0.7032110539154414,0.6193173349232375,0.0,0.012911495445136163,0.011922524387548867,0.0,0.0018602775970060317,-13.637013956140349,1.0,-0.15384615384615388,0.5023660174457619,0.8942496606748651,0.9753858601288253,0.02659726864673861,-0.08032899246058944,0.14184735886904193,-0.08251073619015091,0.301930512518286,0.6966730580838083,Banks—Regional,Financial Services,TOWN
2009Q3,2009,Q3,2009-09-30,2009-09-30,7295000.0,41884000.0,20938000.0,0.26,41884000.0,1.0,3575889000.0,441444000.0,2899231000.0,0.0,3128149000.0,0.0,67126000.0,317864064.375,445106064.375,17.18618149157994,0.0,0.11627653990378337,0.9418907041436739,0.01690356380381576,17.18618149157994,0.016525312383903736,7.58915252542737,10.893216736634683,0.7200552377538261,0.5697052775873886,0.0,0.01307477146928116,0.01171289153550348,0.0,0.0020400521380837043,40.977705862446825,1.0,0.625,0.8670875713286387,1.0345103526793327,0.9750823912447146,0.04618458848507556,0.1529951003635214,-0.14061730421934002,0.24269030900094776,0.3746573191360687,0.8213825691328264,Banks—Regional,Financial Services,TOWN
2009Q2,2009,Q2,2009-06-30,2009-06-30,6327000.0,40035000.0,24364000.0,0.16,40035000.0,1.0,3492374000.0,422790000.0,2801985000.0,0.0,3063256000.0,0.0,64374000.0,348234150.0816,546662150.0816,16.49739141509761,0.0,0.11579114951605984,0.9564701151872088,0.021592522770624862,16.49739141509761,0.014964876179663663,8.698242789599101,13.759844716358465,0.8236574897268147,0.6549707602339181,0.0,0.011900039094468353,0.01146354886389602,0.0,0.0018116616376138408,-17.05358227627816,1.0,-0.30434782608695654,0.9959531001730868,1.0307033052072108,1.3949706538535813,0.04899777282850779,0.009573958831977022,0.08588492222667915,0.0704124552432823,0.3353310967509945,0.8019492079065372,Banks—Regional,Financial Services,TOWN
2009Q1,2009,Q1,2009-03-31,2009-03-31,6267000.0,38165000.0,22437000.0,0.23,38165000.0,1.0,3305821000.0,421808000.0,2686527000.0,0.0,2877782000.0,0.0,62422000.0,400848914.1607,653641914.1607001,16.678429257063613,0.0,0.12238109685914633,0.959133065280886,0.01904369332167139,16.678429257063613,0.014857470697568561,10.503050285882354,15.990462508405137,0.9503113126367921,0.6132120631881283,0.0,0.00958715332445517,0.011544787210196802,0.0,0.0018957469264064813,-200.32429493288356,1.0,0.15,1.317260520642951,1.1238791777180446,0.9602998389028127,0.2112796750031738,0.15096418732782368,-0.031384907615265065,0.3097106376432684,0.3802942852606245,0.8426541708800925,Banks—Regional,Financial Services,TOWN
2008Q4,2008,Q4,2008-12-31,2008-12-31,5445000.0,31508000.0,23164000.0,0.2,31508000.0,1.0,3133578000.0,419671000.0,2517454000.0,0.0,2713907000.0,0.0,60832000.0,608515343.4279,979771343.4279,16.59393156303613,0.0,0.140734649017832,1.0508302932535247,0.021918275652640515,16.59393156303613,0.012974449032694658,19.31304251072426,27.93918013902204,1.4499818749160653,0.6179981634527089,0.0,0.0055298523469338,0.010054959538265842,0.0,0.0017376302744019775,189.21496997136194,1.0,-0.1666666666666666,1.6276533936725874,0.8344881828170763,2.473325055447234,-0.09073069375505022,-0.15120810600155885,-0.058833089549813096,0.028350209169869755,0.13167567491327484,0.8559946031918433,Banks—Regional,Financial Services,TOWN
2008Q3,2008,Q3,2008-09-30,2008-09-30,6415000.0,34652000.0,24612000.0,0.24,34652000.0,1.0,3015506000.0,333372000.0,2543991000.0,0.0,2682134000.0,0.0,58770000.0,533140595.13850003,699567595.1385,13.351935762743329,0.0,0.13432969458525368,1.2150750512940498,0.02368025354014496,13.351935762743329,0.019242767838930683,15.385564906455617,20.777108150370225,1.599236274007715,0.3078721745908028,0.0,0.0037044637343493446,0.011491272111546122,0.0,0.002127337833186205,22.700357452886827,1.0,0.04347826086956513,1.0549306247852646,1.035111528535281,1.7414100428093033,0.0549196298100341,0.06191027975500745,0.06292377456272943,0.3943753629731865,0.2604564926779383,0.4800519670327733,Banks—Regional,Financial Services,TOWN
2008Q2,2008,Q2,2008-06-30,2008-06-30,6041000.0,32848000.0,23155000.0,0.23,32848000.0,1.0,2716028000.0,263991000.0,2213715000.0,0.0,2452037000.0,0.0,54332000.0,363803832.532,675588832.5320001,10.60676799154001,0.0,0.1337453074857844,1.376016606626741,0.02654508030405553,10.60676799154001,0.022883355871980485,11.075372398075986,15.055613000000001,1.3780918005992628,0.3247806654527396,0.0,0.005393016303167788,0.012094131577435873,0.0,0.002224203874186864,-53.65838237935103,1.0,0.0,1.181743422848843,1.091508460846381,1.2206817231686227,0.02698139753009223,0.008009344234940765,-0.08971183708770689,0.3102273008001904,0.2957495468625336,0.22101177608879566,Banks—Regional,Financial Services,TOWN
2008Q1,2008,Q1,2008-03-31,2008-03-31,5993000.0,31985000.0,25437000.0,0.23,31985000.0,1.0,2648277000.0,264939000.0,2112670000.0,0.0,2383338000.0,0.0,50269000.0,352044090.164,584549090.164,10.730115555526755,0.0,0.1352079106528509,1.3515111025556825,0.02868924550419251,10.730115555526755,0.0226203012768977,11.00653713190558,14.685637,1.3287741335326244,0.3258801935591523,0.0,0.00554760058346724,0.012077664081212048,0.0,0.0022629807984587717,58.62516072672772,1.0,0.0,1.6994413276447076,1.1645072470789388,1.3652340721192664,0.05987805686261515,0.021476052497017215,-0.051954828370168835,0.3455432303279815,0.39767618757180534,0.2581240899015654,Banks—Regional,Financial Services,TOWN
2007Q4,2007,Q4,2007-12-31,2007-12-31,5867000.0,30178000.0,26831000.0,0.23,30178000.0,1.0,2501078000.0,256856000.0,1977934000.0,0.0,2244222000.0,0.0,46227000.0,385836411.74,951500411.74,10.40275143006647,0.0,0.2538901225791439,2.4721984302488553,0.015728336273486288,10.40275143006647,0.02284159217616096,12.78535395785009,16.440958400374978,1.5021506670663718,1.5459348900630645,0.0,0.023507371839524355,0.012065997142032355,0.0,0.0023457884960005246,66.4090209535284,1.0,0.0,1.6911081696706074,-0.16473465189116315,1.3599483269701085,-0.03272540786563672,-0.020370679579228584,-0.019549806329021414,0.5104558779150293,0.5284576594354956,0.2746966914562393,Banks—Regional,Financial Services,TOWN
2007Q3,2007,Q3,2007-09-30,2007-09-30,5989000.0,31199000.0,27366000.0,0.23,31199000.0,1.0,2483344000.0,247185000.0,1988338000.0,0.0,2236159000.0,0.0,42321000.0,446559222.2,619507222.2,10.07428976124726,0.0,0.13629928032523886,1.3693306632684021,0.03173207742771317,10.07428976124726,0.024228816473491514,14.313254341485303,18.64080907497078,1.8065789679794486,0.866922691601269,0.0,0.01162667736301875,0.01256330174152272,0.0,0.0024116674935087527,23.04583899468442,1.0,0.0454545454545455,1.4546141400860597,2.8302268464421836,1.28152645180853,-0.008201672123851606,0.014053504910260752,0.05582777113314557,0.6046571468185791,0.5865032904559797,0.1577645867108309,Banks—Regional,Financial Services,TOWN
2007Q2,2007,Q2,2007-06-30,2007-06-30,5906000.0,31457000.0,25919000.0,0.22,31457000.0,1.0,2460275000.0,239400000.0,1968087000.0,0.0,2220875000.0,0.0,38281000.0,397531034.73999995,611219034.74,9.82216143842395,0.0,0.1377577709808863,1.4157142857142857,0.03031642470100993,9.82216143842395,0.02467000835421888,12.637283744158692,16.82742273704707,1.6605306380116958,0.3257704029800203,0.0,0.004839873700070655,0.012785969048175508,0.0,0.0024005446545609737,188.85084785748217,1.0,0.047619047619047665,1.7411732220372875,3.1650000974701653,1.2726914751812102,0.06818567693300281,0.07440422048390032,0.06255893084081499,0.959017386569102,0.6777076900637938,0.4259095762806364,Banks—Regional,Financial Services,TOWN
2007Q1,2007,Q1,2007-03-31,2007-03-31,5497000.0,29449000.0,24393000.0,0.21,29449000.0,1.0,2274069000.0,236330000.0,1780747000.0,0.0,2037739000.0,0.0,34311000.0,445433235.2,630118235.2,9.762342942478307,0.0,0.10517183075799372,1.0120086319976305,0.034762765289911804,9.762342942478307,0.023259848516904328,15.12558101123977,20.258015062761505,1.884793446451995,1.2983445515735856,0.0,0.016022603245569405,0.012949914888246575,0.0,0.0024172529505481146,-21.337096915117836,1.0,-0.0869565217391305,1.7149683568997325,3.6584241422456527,1.2563145698507991,0.0455884963607314,-0.11850545221295702,0.055974025974025975,1.1234193712157485,0.7121032930265855,0.14741736182076762,Banks—Regional,Financial Services,TOWN
