Quarters,Year,Quarter,FillingDate,Date,NetIncome,Revenue,OperatingIncome,EPSDiluted,GrossProfit,GrossProfitRatio,TotalAssets,CommonStockEquity,CurrentAssets,CurrentLiability,TotalLiability,Inventory,RetainedEarnings,MarketCap,EnterpriseValue,bookValuePerShare,currentRatio,debtToAssets,debtToEquity,roic,shareholdersEquityPerShare,roe,priceToSalesRatio,peRatio,pbRatio,payoutRatio,inventoryTurnover,dividendYield,assetTurnover,quickRatio,returnOnAssets,priceToFreeCashFlowsRatio,grossProfitMargin,epsdilutedGrowth,fiveYNetIncomeGrowthPerShare,fiveYRevenueGrowthPerShare,fiveYShareholdersEquityGrowthPerShare,grossProfitGrowth,netIncomeGrowth,operatingIncomeGrowth,threeYNetIncomeGrowthPerShare,threeYRevenueGrowthPerShare,threeYShareholdersEquityGrowthPerShare,Industry,Sector,Symbol
2023Q4,2023,Q4,2023-05-25,2023-03-31,7701000.0,122481000.0,13876000.0,0.23,51524000.0,0.4206693283,649629000.0,418988000.0,250942000.0,110072000.0,230641000.0,82132000.0,237195000.0,834944600.0,927584600.0,12.505238024175496,2.27979867722945,0.1974588572862357,0.3061543528692946,0.015023929070123508,12.505238024175496,0.018380001336553792,6.816931605718438,27.10507077002987,1.9927649479221363,0.0,0.8639385379632786,0.0,0.18853992047768803,1.3870194054800493,0.011854458467833178,38.2493288744331,0.42066932830398185,-0.07999999999999996,0.23210817928086394,0.15706259019776878,0.21230894500844724,0.02128840436075322,-0.0859347181008902,-0.013227136964869862,3.547282368444023,0.36067002264947207,0.18732242712051633,Specialty Industrial Machinery,Industrials,THR
2023Q3,2023,Q3,2023-02-02,2022-12-31,8425000.0,122110000.0,14062000.0,0.25,50450000.0,0.413152076,650095000.0,411504000.0,253208000.0,109812000.0,238591000.0,91418000.0,229495000.0,672550283.1999999,782628283.1999999,12.286070687063834,2.3058317852329435,0.22372268668425385,0.35343763365605196,0.01617971985746202,12.286070687063834,0.020473677048096738,5.507741243141429,19.956981697329375,1.6343711925035964,0.0,0.7838718851867247,0.0,0.18783408578746183,1.3278057042946125,0.01295964435967051,38.39853172709106,0.41315207599705184,-0.24242424242424246,12.626049711927953,0.27669106002390287,0.20621725567951657,0.09850629273178592,-0.23297523670793882,-0.12320738246664173,0.26448367364134195,0.18972773385515004,0.09149065934310045,Specialty Industrial Machinery,Industrials,THR
2023Q2,2023,Q2,2022-11-03,2022-09-30,10984000.0,100557000.0,16038000.0,0.33,45926000.0,0.4567160914,654279000.0,395758000.0,257947000.0,120976000.0,258521000.0,95014000.0,221069000.0,515875869.95,640140869.95,11.821895799450932,2.1322163073667504,0.23863061476831748,0.39451129225435744,0.021810548929237075,11.821895799450932,0.027754334719702446,5.1301835769762425,11.741530179124181,1.3035134348516013,0.0,0.5749784242322185,0.0,0.15369131517288495,1.221250495966142,0.016787945203804493,-389.04665908748115,0.45671609137106317,0.65,1.225491550620979,0.5795183100157919,0.1690890797731708,0.23374076561450638,0.6754118364856619,0.4301765650080257,0.5535338512621878,-0.04497846325492275,0.09197801830681879,Specialty Industrial Machinery,Industrials,THR
2023Q1,2023,Q1,2022-08-04,2022-06-30,6556000.0,95442000.0,11214000.0,0.2,37225000.0,0.3900274512,661931000.0,401252000.0,247568000.0,112683000.0,260679000.0,86226000.0,210085000.0,469268145.40000004,592979145.4000001,12.01358041295253,2.1970306079887827,0.24737623710024156,0.4080876855442465,0.013429846441585463,12.01358041295253,0.016338859370171363,4.916788682131557,17.89460591061623,1.1695097978327835,0.0,0.6751675828636374,0.0,0.1441872340168386,1.3218320421004055,0.00990435558993309,45.813545387093626,0.39002745122692317,-0.23076923076923075,12.264825918293672,0.7879065149224624,0.23594356171082942,-0.09454660439774275,-0.24513529073114565,-0.1392385630948726,3.354808525746896,0.016848282458233634,0.11816840052969241,Specialty Industrial Machinery,Industrials,THR
2022Q4,2022,Q4,2022-05-26,2022-03-31,8685000.0,102584000.0,13028000.0,0.26,41112000.0,0.4007642517,636669000.0,399204000.0,244438000.0,80998000.0,237465000.0,71650000.0,203528000.0,540351000.0,640549000.0,11.968340578623895,3.0178276006814984,0.22247510087659364,0.3548135790222543,0.017611754120915566,11.968340578623895,0.02175579403011994,5.26740037432738,15.554145077720205,1.3535711065019387,0.0,0.8579483600837404,0.0,0.1611261110561375,1.9877280920516556,0.013641311262210035,42.52053824362606,0.4007642517351634,-0.21212121212121213,1.5905121683209822,0.47191039564628035,0.25732105909773695,0.00895771467838123,-0.22937000887311446,-0.16175524385535966,0.25442890312786054,-0.12211822780919442,0.13196627335163874,Specialty Industrial Machinery,Industrials,THR
2022Q3,2022,Q3,2022-02-03,2021-12-31,11270000.0,100613000.0,15542000.0,0.33,40747000.0,0.4049874271,626470000.0,388560000.0,232813000.0,74854000.0,237910000.0,69634000.0,194843000.0,564446200.0,677623200.0,11.654469106178764,3.1102279103321133,0.23264162689354637,0.3750849289684991,0.021745658058825317,11.654469106178764,0.029004529544986616,5.610072257064196,12.520989352262644,1.4526616224006588,0.0,0.8597236981934112,0.0,0.16060306159911888,2.0195580730488683,0.017989688253228407,232.28238683127572,0.4049874270720483,32.0,1.0397013421503827,0.516416205550932,0.257013456928368,0.284543362441285,22.62683438155136,1.496706827309237,0.13367279214184927,-0.17587093149753702,0.14181541261661337,Specialty Industrial Machinery,Industrials,THR
2022Q2,2022,Q2,2021-11-09,2021-09-30,477000.0,81322000.0,6225000.0,0.01,31721000.0,0.39006664863136664,618915000.0,377525000.0,221432000.0,67691000.0,241390000.0,65618000.0,183574000.0,576917512.0799999,692223512.0799999,11.327369360723809,3.271217739433603,0.24809222591147412,0.40672273359380173,0.004364851355858591,11.327369360723809,0.0012634924839414609,7.094236640515481,302.3676688050314,1.5281571076882325,0.0,0.755905391813222,0.0,0.1313944564277809,2.132410512475809,0.0007707035699571023,84.94074088339221,0.39006664863136664,-0.6666666666666666,-0.868234629476937,0.14456033327514095,0.21439124952099892,0.12609606304803153,-0.44982698961937717,0.3491547464239272,-0.8555401413250805,-0.11844213895889116,0.11398470067449842,Specialty Industrial Machinery,Industrials,THR
2022Q1,2022,Q1,2021-08-05,2021-06-30,867000.0,71155000.0,4614000.0,0.03,28169000.0,0.39588222893682806,624825000.0,384886000.0,214524000.0,53424000.0,239939000.0,64395000.0,184591000.0,566747060.16,686224060.16,11.572106678680367,4.015498652291105,0.25691833713439766,0.4170819411462095,0.0028360729296780093,11.572106678680367,0.0022526150600437533,7.964964656875834,163.4218743252595,1.4725063009826287,0.0,0.6675362994021274,0.0,0.1138798863681831,2.635650643905361,0.0013875885247869404,353.33357865336654,0.39588222893682806,2.5,-0.6673762005543715,0.08770502535303497,0.253814103746817,0.03437006572907869,2.1363040629095673,2.479638009049774,-0.7214924801516435,-0.21788443342273847,0.1385012885197581,Specialty Industrial Machinery,Industrials,THR
2021Q4,2021,Q4,2021-05-27,2021-03-31,-763000.0,73323000.0,1326000.0,-0.02,27233000.0,0.3714114261555037,617878000.0,379161000.0,206809000.0,52428000.0,238717000.0,63790000.0,183725000.0,647204430.0,768481430.0,11.418104616496521,3.944628824292363,0.2612182340203082,0.42567932883392545,0.0012057123118927053,11.418104616496521,-0.0020123377668061853,8.82675872509308,-212.05911861074702,1.7069382927041548,0.0,0.7225270418560903,0.0,0.1186690576456841,2.560368505378805,-0.0012348716089584028,56.84212453890743,0.3714114261555037,-1.1111111111111112,-1.2310545074446384,-0.01662282759276813,0.24949872169505471,-0.2631764069264069,-1.1235627530364372,-0.8694881889763779,-1.1231703669537563,-0.30111079140495206,0.10691778396066452,Specialty Industrial Machinery,Industrials,THR
2021Q3,2021,Q3,2021-02-04,2020-12-31,6175000.0,79604000.0,10160000.0,0.18,36960000.0,0.4642982764685192,642357000.0,379582000.0,229713000.0,53887000.0,262775000.0,74153000.0,184487000.0,518612184.06,651375184.06,11.43989062029751,4.262864883923767,0.2839231144052295,0.480475891902145,0.012599437776126364,11.43989062029751,0.01626789468415257,6.51490106100196,20.996444698785428,1.3662718044058992,0.0,0.5750812509271371,0.0,0.12392485798395596,2.688292166941934,0.00961303449639375,225.58163725967813,0.4642982764685192,2.0,-0.2931160893378388,0.038272531197444275,0.31453591503645156,0.2775223808371643,2.3596300326441786,2.335521996060407,9.081248849979502,-0.15986942408612867,0.1231413053661043,Specialty Industrial Machinery,Industrials,THR
2021Q2,2021,Q2,2020-11-05,2020-09-30,1838000.0,66406000.0,3046000.0,0.06,28931000.0,0.4356684636930398,627075000.0,358599000.0,219567000.0,56205000.0,268476000.0,71317000.0,178312000.0,372442062.83000004,509887062.83000004,10.812599252083247,3.906538564184681,0.30109157596778696,0.5265129015976062,0.008169543310611736,10.812599252083247,0.0051255023020142275,5.6085604136674405,50.65860484630033,1.0386031830261657,0.0,0.5254707853667429,0.0,0.10589801857831997,2.434214037896984,0.0029310688514133077,51.879379137762925,0.4356684636930398,1.3333333333333333,-0.7417590389054177,-0.07998305355531911,0.25590969906067695,0.19951075915253536,1.3020542317173378,1.4509252405625463,-0.6240980825751277,0.052890691030766594,0.069277882669308,Specialty Industrial Machinery,Industrials,THR
2021Q1,2021,Q1,2020-08-06,2020-06-30,-6085000.0,56848000.0,-6755000.0,-0.18,24119000.0,0.4242717421896988,619947000.0,350462000.0,213226000.0,55668000.0,269485000.0,70030000.0,176474000.0,480612591.07,625663591.0699999,10.62442273647444,3.8303154415463103,0.31176858666950563,0.5515005906489149,-0.008523597980293783,10.62442273647444,-0.01736279539579184,8.454344762700535,-19.745792566557107,1.371368625043514,0.0,0.4673568470655433,0.0,0.09169816129443323,2.398038370338435,-0.009815355183588274,371.7034733720031,0.4242717421896988,-1.0,-2.3371146134660785,-0.15174163244925162,0.22282444582585662,-0.32219536870503596,-1.0502021563342319,-3.8562367864693448,-13.466150063730959,0.07827521704022616,0.09302859153314945,Specialty Industrial Machinery,Industrials,THR
2020Q4,2020,Q4,2020-06-01,2020-03-31,-2968000.0,88371000.0,2365000.0,-0.09,35584000.0,0.4026660329746184,620905000.0,346439000.0,217936000.0,60635000.0,274466000.0,60273000.0,182559000.0,495697510.0,643137510.0,10.532301705530053,3.5942277562463922,0.30709528832913247,0.5503912665721815,0.006078626738794222,10.532301705530053,-0.00856716478225604,5.60927804370212,-41.75349646226415,1.4308363377102462,0.0,0.8757984503840858,0.0,0.14232612074310885,2.4481570050300983,-0.004780119341928314,34.86653372722797,0.4026660329746184,-1.4500000000000002,-1.2756023256148104,0.16045380861267847,0.2430290945268021,-0.18160073597056117,-1.4550751303281202,-0.8102839724049414,-1.897712289027378,0.2857868290491754,0.10645955035619077,Specialty Industrial Machinery,Industrials,THR
2020Q3,2020,Q3,2020-02-06,2019-12-31,6522000.0,100468000.0,12466000.0,0.2,43480000.0,0.4327746148027233,646717000.0,369044000.0,226396000.0,60491000.0,277673000.0,63789000.0,185527000.0,878658180.4,1034669180.4,11.256230717043467,3.742639400902614,0.29853088754432,0.5231490012031086,0.015859631398457093,11.256230717043467,0.017672689435406078,8.745652151928972,33.6805496933456,2.3809035789770325,0.0,0.8933828716549875,0.0,0.15535079486081238,2.510720603064919,0.010084782060777744,45.191492074268375,0.4327746148027233,-0.04761904761904753,-0.5911670834527294,0.12147026783835749,0.2981325718683748,-0.0429653107941539,-0.05642361111111111,-0.02920333307374815,0.20033893362012972,0.5398290478562718,0.21406074843106287,Specialty Industrial Machinery,Industrials,THR
2020Q2,2020,Q2,2019-11-05,2019-09-30,6912000.0,102935000.0,12841000.0,0.21,45432000.0,0.4413659105260601,655690000.0,354307000.0,234598000.0,68700000.0,301383000.0,65779000.0,179004000.0,752066988.54,928026988.54,10.826129831607354,3.4148180494905387,0.32785920175692784,0.6067449979819761,0.01729698589035231,10.826129831607354,0.019508505335768134,7.306231976878612,27.201496981336806,2.1226421960051596,0.0,0.8741847702154183,0.0,0.1569872958257713,2.302037845705968,0.010541566898991902,30.649074437199445,0.4413659105260601,4.249999999999999,-0.42411546186081345,0.274823991414554,0.2828939420736312,0.2231974584028862,3.698844323589395,1.572831095972751,0.9444500463613144,0.4753798946112867,0.1606540684784489,Specialty Industrial Machinery,Industrials,THR
2020Q1,2020,Q1,2019-08-08,2019-06-30,1471000.0,91712000.0,4991000.0,0.04,37142000.0,0.40498517096999304,671226000.0,350633000.0,240606000.0,69941000.0,316084000.0,69689000.0,172092000.0,849170375.9,1044484375.9,10.743981324513843,3.440128107976723,0.34352513162481785,0.657619220096226,0.008110772863664755,10.743981324513843,0.004195269697946286,9.259097783278088,144.31855470768184,2.4218210376661635,0.0,0.7830504096772805,0.0,0.1366335630622175,2.3219999714044697,0.002191512247737722,507.5734464435146,0.40498517096999304,-0.7999999999999999,-0.875167363069534,0.3266142581488315,0.2777153542747639,-0.17405323667415332,-0.7826536643026005,-0.6359591539022611,-0.42485276255445803,0.42877558139262884,0.1640884144185952,Specialty Industrial Machinery,Industrials,THR
2019Q4,2019,Q4,2019-06-12,2019-03-31,6768000.0,114230000.0,13710000.0,0.2,44969000.0,0.39367066444891885,655762000.0,344745000.0,239778000.0,73053000.0,306813000.0,64890000.0,170621000.0,802759720.0,982811720.0,10.573054039133902,3.2822471356412466,0.32245540302731784,0.6133635005583837,0.017336301046107554,10.573054039133902,0.0196319018404908,7.027573492077388,29.65276743498818,2.32856087833036,0.0,1.0673601479426722,0.0,0.17419429610132944,2.293786702804813,0.010320817613707413,79.06625824879346,0.39367066444891885,-0.3103448275862068,-0.30972748349576357,0.6544501352978834,0.34513413779515706,-0.11622742369750211,-0.30363206091161643,-0.23352155196511432,1.0872879948337903,0.5602428160048181,0.1570236873836031,Specialty Industrial Machinery,Industrials,THR
2019Q3,2019,Q3,2019-02-06,2018-12-31,9719000.0,119356000.0,17887000.0,0.29,50883000.0,0.4263128791179329,653800000.0,332696000.0,240395000.0,71857000.0,316054000.0,69056000.0,164758000.0,661026600.0,850227600.0,10.206964258321829,3.3454639074829173,0.33556286326093604,0.6594338374972948,0.02269626622584664,10.206964258321829,0.02921285497871931,5.538277087033748,17.00346229035909,1.9868787120975304,0.0,0.9915575764596849,0.0,0.18255735698990516,2.238654550009046,0.014865402263689202,142.95557958477508,0.4263128791179329,1.8999999999999997,-0.2490567969916142,0.6237552300944406,0.3247118586867355,0.26075968185534826,2.0117756430120854,1.0626153136531364,0.13257108394330655,0.5847234388342109,0.17286270877898516,Specialty Industrial Machinery,Industrials,THR
2019Q2,2019,Q2,2018-11-05,2018-09-30,3227000.0,90154000.0,8672000.0,0.1,40359000.0,0.44766732479978705,650278000.0,331203000.0,220555000.0,60936000.0,313138000.0,74255000.0,155081000.0,828305960.0,1021808960.0,10.168334766056736,3.619453196796639,0.3413678457521245,0.6702354749202151,0.01025863926085737,10.168334766056736,0.0097432692336724,9.187678416931028,64.16996901146575,2.5009011391805025,0.0,0.6705945727560434,0.0,0.13863916663334758,2.237134042273861,0.00496249296454747,236.52368932038834,0.44766732479978705,0.11111111111111122,-0.7049324093887825,0.1973875754844414,0.37933817035988565,0.015857434116136826,0.06081525312294543,0.05242718446601942,-0.5383496929824999,0.2717684517924149,0.18107681217594923,Specialty Industrial Machinery,Industrials,THR
2019Q1,2019,Q1,2018-08-08,2018-06-30,3042000.0,88902000.0,8240000.0,0.09,39729000.0,0.4468853344131741,645425000.0,330351000.0,214805000.0,54718000.0,308810000.0,69300000.0,151817000.0,743297870.0,934409870.0,10.164333405125996,3.9256734529770827,0.34431576093271876,0.6727087249622371,0.010964779892677254,10.164333405125996,0.009208387442447579,8.3608678094981,61.08628122945431,2.2500245799165133,0.0,0.7095670995670995,0.0,0.13774179804005113,2.5028144303519864,0.004713173490335825,-104.86708098194131,0.4468853344131741,-0.5,1.4228204437002976,0.3068891587369543,0.47539322073824725,-0.15150673814151164,-0.49777117384843983,-0.39201652770604295,-0.32156830168985395,0.3463667022004188,0.16987018227748776,Specialty Industrial Machinery,Industrials,THR
2018Q4,2018,Q4,2018-05-30,2018-03-31,6057000.0,102582000.0,13553000.0,0.18,46823000.0,0.4564446004172272,662477000.0,334925000.0,220194000.0,62400000.0,321624000.0,63829000.0,148812000.0,727630290.0,910784290.0,10.315223751886414,3.52875,0.3276083547051445,0.6480047771889229,0.018058414374839966,10.315223751886414,0.018084645816227513,7.093157571503773,30.032618870728083,2.1725171008434727,0.0,0.873568440677435,0.0,0.15484613050717233,2.360753205128205,0.009142958925366465,105.43838429213157,0.4564446004172272,8.0,0.029658470589545727,0.36657495423580455,0.422839836776504,0.10918178803240632,9.111853088480801,0.32742409402546524,-0.43021484919406355,0.3646579912144533,0.21740941331146957,Specialty Industrial Machinery,Industrials,THR
2018Q3,2018,Q3,2018-02-08,2017-12-31,599000.0,92660000.0,10210000.0,0.02,42214000.0,0.45557953809626595,680968000.0,330503000.0,226220000.0,52965000.0,345074000.0,65068000.0,142752000.0,768044160.0,957784160.0,10.185620069033531,4.271122439346739,0.3537772700038768,0.7289222790715969,0.008673663777493927,10.185620069033531,0.0018123889949561729,8.2888426505504,320.5526544240401,2.3238644127284775,0.0,0.7752812442367985,0.0,0.13607100480492476,2.875559331634098,0.0008796301735176983,-289.8279849056604,0.45557953809626595,-0.8666666666666667,-0.9261707054646681,0.15144853966295962,0.41733086455207147,0.3635012919896641,-0.874633737965676,0.37656734528785224,-0.9620607175850342,0.045079990077064376,0.17466366039106587,Specialty Industrial Machinery,Industrials,THR
2018Q2,2018,Q2,2017-10-23,2017-09-30,4778000.0,61631000.0,7417000.0,0.15,30960000.0,0.5023445993087894,467739000.0,327713000.0,209025000.0,56091000.0,134869000.0,43490000.0,142156000.0,583022492.5699999,570156492.5699999,10.112057330776404,3.7265336685029684,0.15075073919429424,0.21516387814947835,0.013978496471381736,10.112057330776404,0.01457983052243884,9.459890194382696,30.505572026475512,1.7790642805442567,0.0,0.7052425845021844,0.0,0.13176365451672833,2.8113244549036387,0.0102150985913084,147.2279021641414,0.5023445993087894,13.999999999999998,-0.35165333403559396,-0.13251512654121414,0.46377153492116246,0.3000755857898715,8.974947807933194,3.7605905006418485,-0.5979961711523547,-0.22920528388933448,0.19827651185929365,Specialty Industrial Machinery,Industrials,THR
2018Q1,2018,Q1,2017-08-02,2017-06-30,479000.0,51736000.0,1558000.0,0.01,23814000.0,0.4602984382248338,449445000.0,314642000.0,193150000.0,45947000.0,129946000.0,38327000.0,137670000.0,620533149.21,621452149.21,9.720169096008703,4.203756502056717,0.16797605936210214,0.2399425378684346,0.0030301057699798958,9.720169096008703,0.0015223651006540768,11.994223542794186,323.86907578810025,1.9721879126435762,0.0,0.7285203642340908,0.0,0.11511085894825841,3.2196879012775588,0.001065758880396934,167.8931680762987,0.4602984382248338,-0.9,-0.9319734267451155,-0.27851619941685357,0.4982252651412783,-0.15774209521114804,-0.8526607197785296,-0.7049242424242425,-0.9590177635994044,-0.24550561305955934,0.1559596880329974,Specialty Industrial Machinery,Industrials,THR
2017Q4,2017,Q4,2017-05-30,2017-03-31,3251000.0,67582000.0,5280000.0,0.1,28274000.0,0.4183658370572046,454080000.0,307880000.0,198174000.0,52323000.0,141578000.0,34020000.0,136899000.0,674048960.0,711682960.0,9.518921592876577,3.7875121839344073,0.17722868217054263,0.2613875535923087,0.010397863350429706,9.518921592876577,0.010559308821618813,9.973794205557693,51.83397108581975,2.1893236325841237,0.0,1.1554379776602,0.0,0.14883280479210712,2.9881314144831146,0.007159531360112756,61.04962956253963,0.4183658370572046,-0.375,-0.5322089377486151,-0.1197731658667327,0.43827305011237255,-0.012054928543974283,-0.39324374766703996,-0.2766132346896835,-0.6657426255986509,-0.01324725943055448,0.21102439675250184,Specialty Industrial Machinery,Industrials,THR
2017Q3,2017,Q3,2017-02-08,2016-12-31,5358000.0,64340000.0,7299000.0,0.16,28619000.0,0.4448088281007149,445872000.0,299753000.0,190884000.0,47290000.0,141594000.0,38953000.0,133648000.0,617187183.28,658931183.28,9.271554764940678,4.036455910340453,0.18787006136290235,0.27945008056633297,0.015420800319431412,9.271554764940678,0.01787471685020667,9.592589109107864,28.797460959313174,2.058985842610416,0.0,0.9170282134880497,0.0,0.14430150357053145,3.0396278282935083,0.012016901711702013,71.57453128609532,0.4448088281007149,0.4545454545454546,-0.29275347126951357,-0.14464098480432105,0.5429275149439798,-0.010544876227354446,0.5282373074729035,0.28616740088105724,-0.5826232693473935,-0.11753522525330996,0.20330964572220264,Specialty Industrial Machinery,Industrials,THR
2017Q2,2017,Q2,2016-11-02,2016-09-30,3506000.0,68812000.0,5675000.0,0.11,28924000.0,0.4203336627332442,454660000.0,301080000.0,192738000.0,48690000.0,149014000.0,40059000.0,128290000.0,637497629.75,647977629.75,9.327611151012283,3.958471965495995,0.19146175163858709,0.2891258137372127,0.011985494401335077,9.327611151012283,0.011644745582569416,9.264338047869558,45.45761763762122,2.1173695687192775,0.0,0.9957312963379016,0.0,0.1513482602384199,2.9555966317518996,0.0077112567632956494,85.58163911263257,0.4203336627332442,0.375,-0.15920588277468337,-0.07473349583112872,0.6284469957842777,0.10760511602971586,0.38796516231195566,0.35441527446300713,-0.6765051221725613,-0.07775378964883652,0.2652937176905257,Specialty Industrial Machinery,Industrials,THR
2017Q1,2017,Q1,2016-08-05,2016-06-30,2526000.0,63396000.0,4190000.0,0.08,26114000.0,0.4119187330430942,456971000.0,297486000.0,191403000.0,49116000.0,155088000.0,41100000.0,124784000.0,619176720.0,636950720.0,9.2295234549516,3.8969582213535303,0.1976755636572124,0.30365126426117534,0.007807016584590397,9.2295234549516,0.008491155886327423,9.7668105243233,61.280356294536816,2.0813642322663926,0.0,0.9071046228710462,0.0,0.13873090414927863,2.833944132258327,0.005527703070873207,-68.47027756275573,0.4119187330430942,-0.20000000000000004,1.4377467004221407,-0.15568482504212225,0.4384960087146501,-0.18635301448823804,-0.21161048689138576,-0.2438188052698069,1.3540296073594718,-0.06027982677796342,0.3397018568097078,Specialty Industrial Machinery,Industrials,THR
2016Q4,2016,Q4,2016-05-31,2016-03-31,3204000.0,72344000.0,5541000.0,0.1,32095000.0,0.4436442552250359,468677000.0,294422000.0,199753000.0,57571000.0,169976000.0,40645000.0,122258000.0,565765640.0,574807640.0,9.13814829758838,3.469680915738827,0.19973670566296192,0.31795178349444,0.010492300389502215,9.13814829758838,0.010882338955648694,7.820491540418003,44.14525905118602,1.9216146891196988,0.0,0.9902571041948579,0.0,0.15435790533779128,2.6207118167132757,0.006836264634279045,57.997502819067144,0.4436442552250359,-0.6153846153846154,-0.5371831851021611,-0.05409449406320418,0.3807396453593248,-0.08636738876711549,-0.6221698113207547,-0.5314957301090725,-0.45111041951888714,-0.028770938506024378,0.26047885580788815,Specialty Industrial Machinery,Industrials,THR
2016Q3,2016,Q3,2016-02-04,2015-12-31,8480000.0,74427000.0,11827000.0,0.26,35129000.0,0.47199269082456635,462614000.0,280311000.0,195725000.0,56815000.0,178297000.0,44098000.0,119054000.0,544993200.0,568767200.0,8.702607885749767,3.444952917363372,0.22237761935436454,0.3670030787232752,0.025187599834639782,8.702607885749767,0.030252112831818945,7.322520053206498,16.067016509433962,1.9442447852563762,0.0,0.8911515261463104,0.0,0.16088358761299917,2.4640147848279503,0.01833061688578383,26.390644520846447,0.47199269082456635,0.2380952380952382,1.179391521802181,-0.11371553995700268,0.7905806581052932,0.053217005456616895,0.2296983758700696,0.04469569825987103,0.052918986275852474,-0.06829170983984367,0.2109694525193258,Specialty Industrial Machinery,Industrials,THR
2016Q2,2016,Q2,2015-11-05,2015-09-30,6896000.0,69934000.0,11321000.0,0.21,33354000.0,0.47693539623073183,459388000.0,276648000.0,185091000.0,51505000.0,178923000.0,45390000.0,110574000.0,660340095.9,704918095.9,8.609376343036631,3.5936511018347734,0.231285971771139,0.3840620571990399,0.020595148706056565,8.609376343036631,0.024926983025360748,9.44233271227157,23.93924361586427,2.386932477010497,0.0,0.8059043842256004,0.0,0.1522329708220502,2.4826910008737015,0.015011275871376701,139.4004846738442,0.47693539623073183,0.4999999999999998,3.970763660581882,-0.14676467932861062,0.0,0.08514168591599701,0.55701061187627,0.40250247770069375,-0.05625058914344158,-0.007228343559998328,0.24625084808464795,Specialty Industrial Machinery,Industrials,THR
2016Q1,2016,Q1,2015-08-05,2015-06-30,4429000.0,65223000.0,8072000.0,0.14,30737000.0,0.4712601382947733,452591000.0,278927000.0,196035000.0,44933000.0,169881000.0,43979000.0,103678000.0,772725805.1800001,797987805.1800001,8.68842847617349,4.362829101106091,0.23116898038184586,0.3750981439588136,0.013620966440923057,8.68842847617349,0.015878706614992452,11.847443465955262,43.61739699593588,2.770351400832476,0.0,0.7841469792400919,0.0,0.1441102452324505,3.1224267242338595,0.009785877315280241,3942.478597857143,0.4712601382947733,-0.5625,1.770607345053458,-0.12786957418686615,0.3541619722817873,-0.09875384840932415,-0.5782306447005047,-0.3598731165741475,-0.36577652956876455,-0.08287600638580567,0.33919718153063744,Specialty Industrial Machinery,Industrials,THR
2015Q4,2015,Q4,2015-06-01,2015-03-31,10501000.0,74256000.0,12610000.0,0.32,34105000.0,0.4592894850247791,453309000.0,271766000.0,210704000.0,53138000.0,181543000.0,41008000.0,99249000.0,772021180.0,786247180.0,8.473093471347509,3.965222627874591,0.23824808243383652,0.3974007050182878,0.027542030766946297,8.473093471347509,0.038639859290713334,10.396751508295626,18.379706218455386,2.8407570483430598,0.0,0.979101638704643,0.0,0.16380879267784226,3.0302043735180098,0.02316521401516405,49.12013615829993,0.4592894850247791,-0.3333333333333333,2.6692489030441893,1.1941551060217894,6.262453740693597,-0.25098280368084686,-0.32698839966673077,-0.45691028898746716,0.5237236635918741,-0.024705626795042245,0.28025237649210094,Specialty Industrial Machinery,Industrials,THR
2015Q3,2015,Q3,2015-02-04,2014-12-31,15603000.0,87622000.0,23219000.0,0.48,45533000.0,0.5196525986624364,468924000.0,278056000.0,217962000.0,59365000.0,190868000.0,44009000.0,88748000.0,775700730.0,796787730.0,8.671094895063462,3.671557314916196,0.2375118356066228,0.4005488103115919,0.0427388195679498,8.671094895063462,0.05611459562102598,8.852807856474401,12.42871130551817,2.7897284359985037,0.0,0.9563725601581494,0.0,0.18685757180268017,2.79403689042365,0.033274048673132536,55.797779456193354,0.5196525986624364,0.3333333333333333,3.0279113752390505,0.0480648976356123,0.7840967911607251,0.10460687513645957,0.3281409601634321,0.2569835426591598,1.0764853066930922,0.17444634576249066,0.4430018737390587,Specialty Industrial Machinery,Industrials,THR
2015Q2,2015,Q2,2014-11-04,2014-09-30,11748000.0,79033000.0,18472000.0,0.36,41221000.0,0.5215669403919881,461110000.0,270324000.0,203944000.0,54721000.0,190786000.0,41316000.0,73145000.0,782253991.86,814874991.86,8.43883463515957,3.72697867363535,0.24885602133981047,0.42449061126648024,0.03405556965868097,8.43883463515957,0.043458960358680694,9.897814733845356,16.64653540730337,2.8937644895014873,0.0,0.9151902410688353,0.0,0.17139728047537464,2.8020138520860365,0.02547765175337772,73.32714584364454,0.5215669403919881,0.0,6.076781845097228,-0.03274131604686757,0.0,0.21793470231939724,0.0185538408184498,0.44764890282131664,1.8389061555668123,0.07082986090752524,0.4732812814623532,Specialty Industrial Machinery,Industrials,THR
2015Q1,2015,Q1,2014-08-07,2014-06-30,11534000.0,67667000.0,12760000.0,0.36,33845000.0,0.5001699499017246,456728000.0,268605000.0,190495000.0,47014000.0,188123000.0,37545000.0,61397000.0,840753814.88,881619814.88,8.408744004342163,4.051878163951163,0.258633147080976,0.43977215614005694,0.03284367540787976,8.408744004342163,0.04294037713370935,12.424872018561485,18.223379028957865,3.1300750726159228,0.0,0.9008389932081502,0.0,0.14815601408278012,3.0639809418471096,0.025253542589900334,156.59411713168188,0.5001699499017246,0.2,3.0168508143341985,-0.09066490310273508,0.31057088132324123,0.033592914948847155,0.2037152995199332,-0.11086335447007177,3.0168508143341985,-0.09066490310273508,0.31057088132324123,Specialty Industrial Machinery,Industrials,THR
2014Q4,2014,Q4,2014-05-30,2014-03-31,9582000.0,67475000.0,14351000.0,0.3,32745000.0,0.48529084846239345,442459000.0,250466000.0,176107000.0,43707000.0,191993000.0,37316000.0,49863000.0,738630700.0,787490700.0,7.8602228150007845,4.029263047109159,0.27460171450914095,0.4850957814633523,0.02869355576981918,7.8602228150007845,0.038256689530714746,10.946731381993331,19.27130818200793,2.9490258158792013,0.0,0.9306999678422124,0.0,0.15250000565024105,3.006566453886105,0.02165624385536287,85.67807678923559,0.48529084846239345,-0.23076923076923084,2.370092980402097,1.0068636607094383,5.737150342849838,-0.09182937652540493,-0.23849638401017245,-0.1918571911251267,0.3994936180217204,-0.10795602794546397,0.18764993832433396,Specialty Industrial Machinery,Industrials,THR
2014Q3,2014,Q3,2014-02-06,2013-12-31,12583000.0,71465000.0,17758000.0,0.39,36056000.0,0.5045266913873925,444646000.0,244172000.0,172385000.0,47046000.0,200474000.0,40093000.0,40281000.0,866084611.7099999,923619611.7099999,7.705044830232433,3.6641797389788717,0.28084138843034684,0.5114222761004538,0.03706160814601646,7.705044830232433,0.051533345346722804,12.119003871965296,17.207434866685208,3.547026734064512,0.0,0.8831716259696206,0.0,0.16072336195535325,2.620350295455512,0.028298916441393828,46.71690014078429,0.5045266913873925,0.1818181818181818,2.286954070954931,-0.13502002563343782,0.5853298716858997,0.019827464290765096,0.19021944759742718,0.2286722479761987,2.286954070954931,-0.13502002563343782,0.5853298716858997,Specialty Industrial Machinery,Industrials,THR
2014Q2,2014,Q2,2013-11-07,2013-09-30,10572000.0,72783000.0,14453000.0,0.33,35355000.0,0.48575903713779317,446112000.0,232115000.0,169254000.0,56326000.0,213997000.0,36729000.0,27698000.0,727652575.91,802534575.91,7.371893988407279,3.004900046159855,0.2874838605551969,0.5525278418025548,0.03282546549630917,7.371893988407279,0.0455463886435603,9.997562286660346,17.207069994088158,3.1348795894707364,0.0,1.0190312831822266,0.0,0.16314961265332473,2.150303589816426,0.023698084785883367,72.4537066523947,0.48575903713779317,2.5,5.647931523564353,-0.09376229969161119,0.0,0.1399690462371832,2.523782069760738,0.19892160929075073,5.647931523564353,-0.09376229969161119,0.0,Specialty Industrial Machinery,Industrials,THR
2014Q1,2014,Q1,2013-08-08,2013-06-30,-6938000.0,65600000.0,12055000.0,-0.22,31014000.0,0.47277439024390244,423313000.0,215923000.0,147199000.0,48749000.0,207390000.0,33818000.0,17126000.0,650661539.2800001,736921539.2800001,6.889236891057447,3.019528605714989,0.31094013177010865,0.6095923083691872,0.025669383605525953,6.889236891057447,-0.032131824770867394,9.918621025609758,-23.445572905736523,3.013396161038889,0.0,1.0227097995150511,0.0,0.15496807326966097,2.1528031344232703,-0.016389763602818717,117.36319251082253,0.47277439024390244,-2.2222222222222223,-0.23646918597309607,-0.10152490175563847,0.07374338656229472,-0.02786571795755885,-2.2281819791113473,0.016613256872997133,-0.23646918597309607,-0.10152490175563847,0.07374338656229472,Specialty Industrial Machinery,Industrials,THR
2013Q4,2013,Q4,2013-06-10,2013-03-31,5649000.0,72085000.0,11858000.0,0.18,31903000.0,0.4425747381563432,435523000.0,226047000.0,151577000.0,45659000.0,209476000.0,34391000.0,24064000.0,686583600.0,760881600.0,7.2497434252726105,3.3197617118202327,0.2712715516746532,0.5226567926139254,0.022525192253806663,7.2497434252726105,0.024990378107207792,9.524638967885135,30.38518321826872,3.037348869925281,0.0,1.1683870780145968,0.0,0.16551364681084582,2.382268556034955,0.012970612344238996,48.32713451115647,0.4425747381563432,-0.25,1.030463109159389,1.1910772549399182,5.213896546283066,-0.08720780521301251,-0.26996639958645646,-0.22257916475447453,1.030463109159389,1.1910772549399182,5.213896546283066,Specialty Industrial Machinery,Industrials,THR
2013Q3,2013,Q3,2013-02-14,2012-12-31,7738000.0,76750000.0,15253000.0,0.24,34951000.0,0.45538762214983713,433421000.0,222400000.0,143450000.0,47101000.0,211021000.0,40923000.0,18415000.0,697235910.0,786991910.0,7.186480111157786,3.045582896329165,0.27258716121277005,0.5312275179856115,0.029127219117461214,7.186480111157786,0.0347931654676259,9.08450697068404,22.526360493667617,3.135053552158274,0.0,1.02140605527454,0.0,0.17707956005823436,1.9539287913207788,0.017853311214731174,70.04580168776371,0.45538762214983713,0.09090909090909087,1.0698567982999654,-0.04875327459987596,0.4786340434765983,0.07083550353871136,0.1074853298983827,-0.006124975565257053,1.0698567982999654,-0.04875327459987596,0.4786340434765983,Specialty Industrial Machinery,Industrials,THR
2013Q2,2013,Q2,2012-11-13,2012-09-30,6987000.0,67358000.0,15347000.0,0.22,32639000.0,0.48456011164226964,420877000.0,212262000.0,130124000.0,45056000.0,208615000.0,41574000.0,10677000.0,784742040.0,889868040.0,6.908221050576059,2.8880504261363638,0.28876845254076605,0.5725754020974079,0.029508216090903167,6.908221050576059,0.03291686689091783,11.650316814632264,28.07864748819236,3.6970444073833284,0.0,0.835113291961322,0.0,0.16004200752238779,1.7160200639204546,0.016601049712861478,73.94158484877038,0.48456011164226964,0.047619047619047665,4.147831009383711,-0.14055229605262728,0.0,-0.020996430606796845,0.05863636363636364,0.05622849277357192,4.147831009383711,-0.14055229605262728,0.0,Specialty Industrial Machinery,Industrials,THR
2013Q1,2013,Q1,2012-08-13,2012-06-30,6600000.0,67213000.0,14530000.0,0.21,33339000.0,0.4960201151562942,411460000.0,196846000.0,122000000.0,51623000.0,214614000.0,36300000.0,3690000.0,628362110.0,745646110.0,6.487788800632807,2.363287681847239,0.3181694453895883,0.6650579640937586,0.028296335596685904,6.487788800632807,0.03352874836166343,9.348818085786975,23.80159507575758,3.192150767605133,0.0,0.9331680440771349,0.0,0.16335245224323142,1.4577417042791003,0.016040441355174257,1892.6569578313254,0.4960201151562942,0.0,2.2150407245721913,-0.04905941629958914,0.011174449108417223,-0.03320380466303213,0.05616898703792607,-0.03133333333333333,2.2150407245721913,-0.04905941629958914,0.011174449108417223,Specialty Industrial Machinery,Industrials,THR
2012Q4,2012,Q4,2012-06-08,2012-03-31,6249000.0,69037000.0,15000000.0,0.21,34484000.0,0.4995002679722468,425579000.0,192480000.0,127664000.0,66518000.0,233099000.0,38453000.0,-2910000.0,594747350.0,715952350.0,6.6182993501358185,1.9192399049881235,0.335244455201032,0.7412354530340814,0.02655328229201648,6.6182993501358185,0.03246571072319202,8.614907223662673,23.793700992158744,3.089917653782211,0.0,0.8985774842014927,0.0,0.16221900046759827,1.1530412820589915,0.014683525267929104,65.57302646085998,0.4995002679722468,-0.0454545454545455,1.408080277755002,1.2497362502066733,4.672673508791104,0.023537443234098128,-0.09865858935525747,-0.03735078937235271,1.408080277755002,1.2497362502066733,4.672673508791104,Specialty Industrial Machinery,Industrials,THR
2012Q3,2012,Q3,2012-02-09,2011-12-31,6933000.0,68837000.0,15582000.0,0.22,33691000.0,0.4894315557040545,418756000.0,177790000.0,123466000.0,52301000.0,240966000.0,40143000.0,-9159000.0,521322164.72,649691164.72,6.009066968565472,2.3606814401254277,0.3537740354765066,0.8332583384892288,0.03011233510095072,6.009066968565472,0.038995444063220655,7.573284203553322,18.798577986441657,2.932235585353507,0.0,0.8755200159430038,0.0,0.16438451031149404,1.3822106651880461,0.016556180687560297,81.59683279386446,0.4894315557040545,0.8333333333333334,0.9397735983278894,-0.10760938427104322,0.23637870721389467,0.0544583894087822,0.8177766124803356,0.08313638259418879,0.9397735983278894,-0.10760938427104322,0.23637870721389467,Specialty Industrial Machinery,Industrials,THR
2012Q2,2012,Q2,2011-11-14,2011-09-30,3814000.0,68023000.0,14386000.0,0.12,31951000.0,0.4697087749731708,412615000.0,169109000.0,115999000.0,50149000.0,243506000.0,35677000.0,-16092000.0,408016718.62,544734718.62,5.727918179197478,2.3130870007378013,0.3633168934721229,0.8864696734059098,0.029037716622721175,5.727918179197478,0.022553500996398773,5.998217053349602,26.74467216963817,2.4127439617051722,0.0,1.0110715587072905,0.0,0.16485828193352156,1.374862908532573,0.009243483634865431,110.03687125674217,0.4697087749731708,1.6666666666666667,2.7882880119662166,-0.0967204788878567,0.0,-0.0011879083434930757,1.7680225533628675,29.09765625,2.7882880119662166,-0.0967204788878567,0.0,Specialty Industrial Machinery,Industrials,THR
2012Q1,2012,Q1,2011-08-12,2011-06-30,-4966000.0,64618000.0,-512000.0,-0.18,31989000.0,0.4950478194930205,440569000.0,177973000.0,129678000.0,43139000.0,262596000.0,34317000.0,-19905000.0,332862408.0,469258408.0,6.416092501499899,3.006050209786968,0.3813250591848269,0.9439634101801959,-0.0009355958341185721,6.416092501499899,-0.02790310889854079,5.151233526262033,-16.757068465565848,1.8702972248599505,0.0,0.9508115511262639,0.0,0.14666942068098301,1.977815897447785,-0.011271787166141967,-14.626814079184427,0.4950478194930205,0.0,0.0,0.0,0.0,0.0,0.0,0.0,0.0,0.0,0.0,Specialty Industrial Machinery,Industrials,THR
2011Q3,2011,Q3,2010-12-31,2010-12-31,3009000.0,64941000.0,11203000.0,0.11,29608000.0,0.4559215287722702,434061000.0,121062000.0,122422000.0,47239000.0,312999000.0,27600000.0,-10960000.0,305879720.15999997,480678720.15999997,4.860215509620466,2.591545121615614,0.4838029677856338,1.7346483619963324,0.022130690067435742,4.860215509620466,0.024855032958318878,4.710117185753222,25.413735473579262,2.5266369311592407,0.0,1.2801811594202899,0.0,0.14961261205222307,1.7839708715256462,0.006932205381271296,15.747514423393739,0.4559215287722702,2.571428571428571,0.0,0.0,0.0,0.1687983578083057,2.674457429048414,1.2135941513534874,0.0,0.0,0.0,Specialty Industrial Machinery,Industrials,THR
2011Q2,2011,Q2,2010-09-30,2010-09-30,-1797000.0,63451000.0,5061000.0,-0.07,25332000.0,0.39923720666340956,,,,,,,,305473215.32,,,0.0,0.0,0.0,0.0,,0.0,4.814316800680841,-42.49766490261547,0.0,,0.0,,0.0,0.0,0.0,0.0,0.39923720666340956,0.0,0.0,0.0,0.0,0.0,0.0,0.0,0.0,0.0,0.0,Specialty Industrial Machinery,Industrials,THR
2010Q4,2010,Q4,2010-03-31,2010-03-31,4212000.0,49808000.0,8177000.0,0.0806,22373000.0,0.4491848699004176,221116000.0,55074000.0,103630000.0,26233000.0,166042000.0,22835000.0,0.0,579677400.0,658779400.0,1.1666984429615508,3.9503678572789998,0.49408003039128784,1.9836765079710934,0.03530343436754791,1.1666984429615508,0.07647891927225188,11.638238837134598,34.40630341880342,10.52542760649308,0.0,1.201445149989052,0.0,0.22525733099368658,2.860366713681241,0.019048825051104397,656.4862967157418,0.4491848699004176,0.0,0.0,0.0,0.0,0.0,0.0,0.0,0.0,0.0,0.0,Specialty Industrial Machinery,Industrials,THR
