Quarters,Year,Quarter,FillingDate,Date,NetIncome,Revenue,OperatingIncome,EPSDiluted,GrossProfit,GrossProfitRatio,TotalAssets,CommonStockEquity,CurrentAssets,CurrentLiability,TotalLiability,Inventory,RetainedEarnings,MarketCap,EnterpriseValue,bookValuePerShare,currentRatio,debtToAssets,debtToEquity,roic,shareholdersEquityPerShare,roe,priceToSalesRatio,peRatio,pbRatio,payoutRatio,inventoryTurnover,dividendYield,assetTurnover,quickRatio,returnOnAssets,priceToFreeCashFlowsRatio,grossProfitMargin,epsdilutedGrowth,fiveYNetIncomeGrowthPerShare,fiveYRevenueGrowthPerShare,fiveYShareholdersEquityGrowthPerShare,grossProfitGrowth,netIncomeGrowth,operatingIncomeGrowth,threeYNetIncomeGrowthPerShare,threeYRevenueGrowthPerShare,threeYShareholdersEquityGrowthPerShare,Industry,Sector,Symbol
2023Q3,2023,Q3,2023-05-10,2023-03-31,2674000.0,73772000.0,4605000.0,0.2,19265000.0,0.2611424389,285513000.0,137930000.0,215949000.0,88612000.0,146894000.0,136153000.0,136815000.0,128693119.99999999,155842120.0,10.214010663507109,2.437017559698461,0.1442070938976509,0.298506488798666,0.020316545862331187,10.214010663507109,0.0193866453998405,1.74447107303584,12.03189229618549,0.933032117740883,0.0,0.4003363862713271,0.0,0.25838403155022716,0.6597526294407078,0.009365598063835972,27.087585771416542,0.2611424388656943,1.5,-0.4800027269336889,-0.05426825029649408,-0.14432577782854153,0.13170416495329848,1.3476733977172959,-0.08376442499005173,1.103402811433391,0.04864330053950378,-0.061768606824936685,Specialty Industrial Machinery,Industrials,TWIN
2023Q2,2023,Q2,2023-02-08,2022-12-30,1139000.0,63351000.0,5026000.0,0.08,17023000.0,0.2687092548,280254000.0,133143000.0,210797000.0,86845000.0,146489000.0,136810000.0,134141000.0,130831200.00000001,159508200.0,9.891753343239227,2.427278484656572,0.15059553119670013,0.3169900032296103,0.008576899387293052,9.891753343239227,0.008554711851167542,2.065179713027419,28.71624231782265,0.9826367139091053,0.0,0.33863021708939406,0.0,0.22604851313451368,0.6093615061316138,0.0040641703597450885,-73.9577162238553,0.2687092547868226,1.5714285714285714,1.232425130479988,-0.05969303141746446,-0.12769786334306318,0.2802135820109799,1.5898498187467633,3.4613124387855043,1.1709564386942828,0.040678627947159804,-0.22915014438208203,Specialty Industrial Machinery,Industrials,TWIN
2023Q1,2023,Q1,2022-11-09,2022-09-30,-1931000.0,55913000.0,-2042000.0,-0.14,13297000.0,0.2378158925,269551000.0,124220000.0,201818000.0,81864000.0,144783000.0,128100000.0,133002000.0,153778290.0,187159290.0,9.265309166853136,2.465283885468582,0.17286153640683952,0.37510062791820964,-0.008350483147134236,9.265309166853136,-0.015545000805023346,2.7503137016436248,-19.909151993785603,1.2379511350829175,0.0,0.3326775956284153,0.0,0.20743013381512218,0.6501148245871201,-0.0071637649276018265,-52.43037504261848,0.23781589254735036,-1.2413793103448276,-1.4779460813908813,0.041682892150462156,-0.1952907408788665,-0.4503554894179894,-1.248232420619617,-1.3602681721947778,0.7007815963529435,-0.07777784235604783,-0.29721687636468497,Specialty Industrial Machinery,Industrials,TWIN
2022Q4,2022,Q4,2022-09-08,2022-06-30,7779000.0,75974000.0,5668000.0,0.58,24192000.0,0.3184247242,276523000.0,130776000.0,204452000.0,81078000.0,145335000.0,127109000.0,135031000.0,121394940.0,155991940.0,9.76013135308605,2.521670490145292,0.17039450606278683,0.36029546705817583,0.029823706121847794,9.76013135308605,0.05948339144797211,1.597848474478111,3.901367142306209,0.9282661956322262,0.0,0.4073826400962953,0.0,0.2747474893589322,0.7150275043784997,0.02813147550113372,-35.21756309834639,0.31842472424776896,2.4117647058823524,4.620795422475462,0.19029132049928868,-0.10673133376544232,0.36747498728166866,2.3675324675324676,0.8553191489361702,10.186515455231946,0.016751406523995645,-0.3041562409012333,Specialty Industrial Machinery,Industrials,TWIN
2022Q3,2022,Q3,2022-05-04,2022-03-25,2310000.0,59289000.0,3055000.0,0.17,17691000.0,0.2983858726,277724000.0,128770000.0,201395000.0,84974000.0,148269000.0,131080000.0,127251000.0,235787200.00000003,268574200.0,9.611853400014928,2.370077906183068,0.16423499589520532,0.3542129377960705,0.012391914477958305,9.611853400014928,0.0179389609381067,3.9769130867445908,25.518095238095242,1.8310724547643087,0.0,0.3173481843149222,0.0,0.2134817300629402,0.6096217666580366,0.00831761028935202,-34.70010301692421,0.2983858725901938,1.6071428571428572,2.0491076015218246,0.10432435254743506,-0.013048650090195282,0.3121940364931019,1.616,2.1571969696969697,-0.511684666244996,-0.261799758259709,-0.33295640291159584,Specialty Industrial Machinery,Industrials,TWIN
2022Q2,2022,Q2,2022-02-09,2021-12-31,-3750000.0,59889000.0,-2640000.0,-0.28,13482000.0,0.2251164655,264558000.0,127284000.0,186470000.0,80536000.0,136627000.0,123928000.0,125020000.0,145724160.0,171761160.0,9.573104693140793,2.3153620741035064,0.14046069292933874,0.29194557053518116,-0.017947148193801183,9.573104693140793,-0.029461676251532006,2.4332374893553075,-9.714944000000001,1.1448741397190536,0.0,0.3744674327028597,0.0,0.22637380083006373,0.5605567696433893,-0.014174585535118953,-33.67787381557661,0.22511646546110303,-3.0,-0.08883600041655108,0.5038368524169886,-0.014063881414775166,0.0026028110359187923,-2.953125,-1.8130582075762243,-1.89389900117087,-0.2555617175207998,-0.31848824258535774,Specialty Industrial Machinery,Industrials,TWIN
2022Q1,2022,Q1,2021-11-03,2021-09-24,1920000.0,47761000.0,3247000.0,0.14,13447000.0,0.2815477062875568,276247000.0,131038000.0,194841000.0,80501000.0,144623000.0,121092000.0,128856000.0,144784700.0,166948700.0,9.865090717458406,2.4203550266456317,0.1602044547090104,0.33773409240067764,0.01450372892150606,9.865090717458406,0.014652238282025061,3.031441971483009,18.852174479166667,1.104906210412247,0.0,0.2833713209790903,0.0,0.17289237530181323,0.7071837616924014,0.00695030172273364,94.75438481675393,0.2815477062875568,1.1458333333333335,1.6013978734112968,0.12550272212722316,-0.03911287173842753,-0.2657930657930658,1.0892151851679754,1.6448857994041708,-0.4079789570408165,-0.4356840689127168,-0.35012592227690553,Specialty Industrial Machinery,Industrials,TWIN
2021Q4,2021,Q4,2021-09-02,2021-06-30,-21521000.0,66204000.0,-5035000.0,-0.96,18315000.0,0.27664491571506256,275413000.0,130210000.0,191967000.0,78560000.0,144753000.0,114967000.0,126936000.0,188832100.0,221464100.0,9.812358703843255,2.4435717922606925,0.16328931459299306,0.34538053912909916,0.3886025733272531,9.812358703843255,-0.16527916442669535,2.8522762975046825,-2.1935795269736538,1.4502119652868444,0.0,0.41654561743804747,0.0,0.24038080991093377,0.6597632382892057,-0.07814082850119639,209.81344444444446,0.27664491571506256,-136.77872340425532,-2.293814980526839,0.31103471906355773,-0.05599533012300309,0.31177481736140955,-229.9468085106383,-10.776699029126213,-4.088257006881644,-0.2348079999492526,-0.22357225162775138,Specialty Industrial Machinery,Industrials,TWIN
2021Q3,2021,Q3,2021-05-04,2021-03-26,94000.0,57640000.0,515000.0,0.007070327190673185,13962000.0,0.24222761970853574,298483000.0,140151000.0,172855000.0,68879000.0,157630000.0,116693000.0,148457000.0,119819069.99999999,166803070.0,10.562288039791996,2.509545725112153,0.19625238288277724,0.417963482244151,0.0008490100268987907,10.562288039791996,0.0006707051679973742,2.0787486120749477,318.6677393617021,0.8549283986557356,0.0,0.37429837265302973,0.0,0.19310982535018745,0.6228748965577316,0.00031492580816997953,101.97367659574466,0.24222761970853574,1.021425233911131,1.0824428020964392,0.1749470312857792,-0.0927644218283281,0.47200843437005796,1.021794574542082,1.1117621527777777,-0.9813966245071186,-0.24798826282827588,-0.11514899479293807,Specialty Industrial Machinery,Industrials,TWIN
2021Q2,2021,Q2,2021-02-03,2020-12-25,-4313000.0,48438000.0,-4608000.0,-0.33,9485000.0,0.19581733349849292,306583000.0,141727000.0,175194000.0,75108000.0,164188000.0,122161000.0,148363000.0,98882300.0,146907300.0,10.692342512259525,2.332561111998722,0.19525870645143403,0.42238246770199045,-0.012978668855204318,10.692342512259525,-0.030431745538958704,2.0414199595359017,-5.731642708091815,0.697695569651513,0.0,0.3188660865579031,0.0,0.15799310464050517,0.5822415721361239,-0.014067968543591785,46.55475517890772,0.19581733349849292,-0.10000000000000009,-0.5833786533695106,-0.08725576655644524,-0.06822303164676932,-0.07706529142745938,-0.08394068861522996,-0.46285714285714286,0.1062745086170457,-0.26992460733691204,-0.0570980800197035,Specialty Industrial Machinery,Industrials,TWIN
2021Q1,2021,Q1,2020-11-03,2020-09-25,-3979000.0,46143000.0,-3150000.0,-0.3,10277000.0,0.22272067269141582,302343000.0,139932000.0,172576000.0,69425000.0,161788000.0,120216000.0,152676000.0,64137420.00000001,115376420.0,10.603318936121847,2.485790421317969,0.20027584564550857,0.43272446616928223,-0.01167374873430962,10.603318936121847,-0.028435239973701513,1.3899707431246344,-4.029744910781604,0.45834705428350914,0.0,0.29834630997537764,0.0,0.15261805300602296,0.592538710839035,-0.01316054944218983,-30.040946135831387,0.22272067269141582,-1.3076923076923075,0.2109740731877269,0.05840147504595509,-0.09979252156164249,-0.2559368664929047,-1.2607954545454545,-1.05078125,-2.0005227388729,-0.1266567733003566,-0.07908211462200998,Specialty Industrial Machinery,Industrials,TWIN
2020Q4,2020,Q4,2020-08-26,2020-06-30,-1760000.0,59376000.0,-1536000.0,-0.13,13812000.0,0.2326192400970089,294127000.0,139389000.0,173985000.0,66734000.0,154169000.0,120607000.0,156655000.0,72989500.0,118383500.0,10.579810246679317,2.607141786795337,0.1906727366069759,0.40234164819318596,-0.005773107114536371,10.579810246679317,-0.01262653437502242,1.229276138507141,-10.367826704545456,0.5236388811168744,0.0,0.37778901722122266,0.0,0.20187198047102103,0.6199238768843468,-0.005983809714851068,32.5410164957646,0.2326192400970089,0.9322916666666667,-4.444204273574788,-0.24589088048370156,-0.14567167844922982,-0.16538763671520937,0.9302417756638922,0.9429738258771115,-2.2933272803874756,-0.05393500289298476,-0.03171252043879961,Specialty Industrial Machinery,Industrials,TWIN
2020Q3,2020,Q3,2020-05-05,2020-03-27,-25230000.0,68636000.0,-26935000.0,-1.92,16549000.0,0.24111253569555335,301160000.0,143429000.0,182372000.0,72069000.0,157125000.0,127615000.0,158415000.0,110011250.0,157791250.0,10.886451612903226,2.530519363387864,0.18665825474830655,0.39192910778155043,-0.1124217097018185,10.886451612903226,-0.17590584888690572,1.6028214056763215,-1.0900837296868806,0.7670084153135001,0.0,0.4081573482741057,0.0,0.22790543232833047,0.5543021271281688,-0.08377606587860274,37.67508561643836,0.24111253569555335,-2.9183673469387754,-8.330396472365965,-0.0359815502018984,-0.1604675116341862,0.053338425307109666,-2.8720073664825048,-4.441414141414142,-10.651510688889733,0.29996429182919276,0.11782792224712073,Specialty Industrial Machinery,Industrials,TWIN
2020Q2,2020,Q2,2020-02-04,2019-12-27,-6516000.0,59536000.0,-4950000.0,-0.49,15711000.0,0.2638907551733405,343281000.0,168924000.0,195862000.0,75989000.0,173796000.0,134658000.0,183645000.0,137168880.0,188694880.0,12.832269826800365,2.5775046388293044,0.19331684538322833,0.3928512230352111,-0.023676888143706994,12.832269826800365,-0.038573559707324005,2.303965331900027,-5.262771639042358,0.8120153441784471,0.0,0.3254541133835346,0.0,0.17343226103396342,0.6334864256668729,-0.01898153407849546,-32.75283667621777,0.2638907551733405,-0.020833333333333353,-2.490110958411214,-0.29818889605101206,-0.032381386395608634,0.6304483188044832,-0.0324829662494058,0.2753623188405797,-0.9109327887244936,0.5099634928813322,0.3215982391521282,Specialty Industrial Machinery,Industrials,TWIN
2020Q1,2020,Q1,2019-11-05,2019-09-27,-6311000.0,59290000.0,-6831000.0,-0.48,9636000.0,0.16252319109461966,341461000.0,172852000.0,198525000.0,72232000.0,168098000.0,127305000.0,190161000.0,141074360.0,188177360.0,13.18373884524445,2.7484355964115625,0.18628188870764156,0.36799111378520355,-0.021690952888914997,13.18373884524445,-0.036511003633165943,2.379395513577332,-5.588431310410394,0.816156943512369,0.0,0.39003966851262717,0.0,0.17363622785618268,0.7392568390740946,-0.018482344982296662,-55.19341158059468,0.16252319109461966,-7.0,-2.3417837795222973,-0.21379876244974358,-0.013028013538381606,-0.41426053127469453,-6.686967113276492,-161.64285714285714,-1.0027152036921902,0.41551652584579113,0.28413263715239545,Specialty Industrial Machinery,Industrials,TWIN
2019Q4,2019,Q4,2019-08-29,2019-06-30,-821000.0,72447000.0,-42000.0,-0.06,16451000.0,0.22707634546634092,346870000.0,182216000.0,202369000.0,73077000.0,164052000.0,125893000.0,196472000.0,190837790.0,235649790.0,14.026325917943192,2.769257084992542,0.16482832184968432,0.31377047021117793,-0.00015176030028514167,14.026325917943192,-0.004505641656056548,2.6341710491807806,-58.11138550548112,1.0473163168986257,0.0,0.44479041725910096,0.0,0.2088592267996656,0.771446556372046,-0.0023668809640499324,52.58688068338385,0.22707634546634092,-1.1764705882352942,-1.3063071203405614,-0.14612691874396294,0.04227712119822748,-0.2883592161612666,-1.1800438596491227,-1.0060275545350172,0.8716463420503374,0.4654759959546172,0.34941226339075765,Specialty Industrial Machinery,Industrials,TWIN
2019Q3,2019,Q3,2019-05-07,2019-03-29,4560000.0,77420000.0,6968000.0,0.34,23117000.0,0.2985920950658745,344824000.0,186086000.0,208314000.0,69337000.0,158182000.0,128168000.0,197293000.0,215018099.99999997,261866099.99999997,14.409632956481339,3.0043699612039747,0.18155638818643713,0.33643046763324486,0.020233163265678193,14.409632956481339,0.02450479885644272,2.7772939808834924,11.788273026315787,1.1554770374987908,0.0,0.4236860994944136,0.0,0.2245203350114841,0.9225089057790213,0.013224137531030323,-20.2579706048615,0.2985920950658745,0.09677419354838718,9.374167570078985,0.11249768908985212,0.11402453678376413,-0.11388377798221405,0.1195678860790572,0.03306152705707932,5.109293350644113,0.6215296533326999,0.23769884302193028,Specialty Industrial Machinery,Industrials,TWIN
2019Q2,2019,Q2,2019-02-05,2018-12-28,4073000.0,78107000.0,6745000.0,0.31,26088000.0,0.3340033543728475,350830000.0,181331000.0,212300000.0,77389000.0,168986000.0,130234000.0,192734000.0,194409540.0,239020540.0,14.046866527229065,2.7432839292405897,0.18001026138015563,0.348274702064181,0.019065647647137484,14.046866527229065,0.022461686087872454,2.489015581189906,11.932822244046159,1.0721252295525863,0.0,0.39942718491330986,0.0,0.2226348943932959,0.8584165708304797,0.011609611492745774,-25.17932133143375,0.3340033543728475,0.2916666666666667,5.8609569032529745,0.07817800259309601,0.0892087189805404,0.08767979987492183,0.42313067784765895,0.39763779527559057,2.535348145742155,0.5112627699497078,0.224104698535146,Specialty Industrial Machinery,Industrials,TWIN
2019Q1,2019,Q1,2018-11-06,2018-09-28,2862000.0,74689000.0,4826000.0,0.24,23985000.0,0.321131625808352,340757000.0,177940000.0,202398000.0,78062000.0,162297000.0,123439000.0,188661000.0,270074880.0,308033880.0,15.180003412386965,2.592785222003023,0.15998497463001493,0.30637293469708893,0.014814238720096153,15.180003412386965,0.016084073283129146,3.615992716464272,23.591446540880504,1.5177862200741823,0.0,0.4107615907452264,0.0,0.2191855192996769,0.7999282621505982,0.008398947050244016,-98.78378931967812,0.321131625808352,-0.5294117647058824,1.1478870256745373,0.0775842773302254,0.18614563771826634,-0.12750090942160786,-0.5183439919219118,-0.4232102306681009,1.6389405686987972,0.9287447368875301,0.28876181852816624,Specialty Industrial Machinery,Industrials,TWIN
2018Q4,2018,Q4,2018-08-27,2018-06-30,5942000.0,73773000.0,8367000.0,0.51,27490000.0,0.37262955281742643,234713000.0,142997000.0,159269000.0,62344000.0,91097000.0,84001000.0,178896000.0,280838300.0,270491300.0,12.637825894829872,2.554680482484281,0.020552760179453206,0.0337349734609817,0.04048259755100659,12.637825894829872,0.0415533193004049,3.8067897469263823,11.815815382026255,1.9639453974558907,0.0,0.550981535934096,0.0,0.31431152087869013,0.9719138970871295,0.025316024250893646,79.42259615384616,0.37262955281742643,0.3783783783783784,124.54284371151081,-0.03520399328988203,-0.0035464846298458733,0.3264173703256936,0.37929433611884866,0.5141150922909881,12.53957232607735,0.09097994168956465,0.02051476662066511,Specialty Industrial Machinery,Industrials,TWIN
2018Q3,2018,Q3,2018-05-08,2018-03-30,4308000.0,65349000.0,5526000.0,0.37,20725000.0,0.3171433380770938,228599000.0,135041000.0,152107000.0,52868000.0,92989000.0,80041000.0,172954000.0,245944619.99999997,238433619.99999997,11.93679837355255,2.877109026254067,0.033263487591809235,0.05630882472730504,0.030713950314956048,11.93679837355255,0.03190142253093505,3.7635559840242387,14.272552228412255,1.821258876933672,0.0,0.5575142739346085,0.0,0.28586739224581037,1.0378111523038511,0.018845226794517913,-59.23521676300577,0.3171433380770938,2.0277777777777777,6.655672312548627,-0.0481790308193683,-0.03315785751648803,0.1433851925411012,2.047410649161196,1.726196349284657,0.45766842140226527,0.06891990175246375,-0.07946772759346715,Specialty Industrial Machinery,Industrials,TWIN
2018Q2,2018,Q2,2018-02-06,2017-12-29,-4113000.0,56546000.0,2027000.0,-0.36,18126000.0,0.32055317794362115,213186000.0,128106000.0,134679000.0,46739000.0,84537000.0,74037000.0,168646000.0,300161290.0,289079290.0,11.339824732229795,2.8815122274759837,0.02197142401471016,0.03656347087568108,-0.032971759921680846,11.339824732229795,-0.032106224532808765,5.308267428288473,-18.244668733284705,2.3430697235102182,0.0,0.5189297243270257,0.0,0.2652425581417166,0.9623654763687712,-0.019293011736230332,81.19050311063025,0.32055317794362115,-2.2413793103448274,-2.2315837643369285,-0.2133927054712714,-0.08053070113839032,0.30449802087081684,-2.212558962264151,3.0454086781029264,-2.0960263297829553,-0.22327512063779106,-0.14491936079768916,Specialty Industrial Machinery,Industrials,TWIN
2018Q1,2018,Q1,2017-11-01,2017-09-29,3392000.0,45064000.0,-991000.0,0.29,13895000.0,0.30833925084324515,215003000.0,129600000.0,128567000.0,41235000.0,84922000.0,70037000.0,172760000.0,209474160.0,202257160.0,11.513859275053305,3.117909542864072,0.03834365101882299,0.0636111111111111,0.019536728114386708,11.513859275053305,0.02617283950617284,4.648370317770282,15.438838443396225,1.616312962962963,0.0,0.44503619515399,0.0,0.20959707538964573,1.0421971626045834,0.015776524048501647,-72.2823188405797,0.30833925084324515,1.8999999999999997,1.7384102668114263,-0.3384152746652967,-0.056284591921858126,-0.17370361560418648,1.919104991394148,-1.4160369437447524,-0.15997553661324837,-0.3039607282604625,-0.1380399222153901,Specialty Industrial Machinery,Industrials,TWIN
2017Q4,2017,Q4,2017-08-31,2017-06-30,1162000.0,53591000.0,2382000.0,0.1,16816000.0,0.31378403090071094,210898000.0,122921000.0,129434000.0,44523000.0,87331000.0,66193000.0,169368000.0,181575000.0,171531000.0,10.926311111111112,2.907126653639692,0.029981317983100834,0.051439542470367146,0.013100756649264148,10.926311111111112,0.00945322605575939,3.388162191412737,39.06518932874355,1.4771682625426086,0.0,0.5555723414862599,0.0,0.2541086212292198,1.072681535386205,0.005509772496657152,65.88352685050798,0.31378403090071094,1.625,-0.08209156041287188,-0.4357518197509542,-0.08717544113713897,0.26493154806679703,1.6284478096268253,1.706196264453009,-0.4993777777777778,-0.27061834241059435,-0.18808074496282218,Specialty Industrial Machinery,Industrials,TWIN
2017Q3,2017,Q3,2017-05-10,2017-03-31,-1849000.0,45084000.0,-3373000.0,-0.16,13294000.0,0.2948717948717949,209736000.0,109563000.0,124821000.0,40532000.0,99570000.0,66856000.0,168206000.0,231412500.0,225449500.0,9.738933333333334,3.0795667620645415,0.042801426555288555,0.0819345947080675,-0.01460333473156149,9.738933333333334,-0.01687613519162491,5.132918552036199,-31.288872363439697,2.112140959995619,0.0,0.47549958118942204,0.0,0.2149559446160888,1.0326408763446167,-0.00881584468093222,281.52372262773724,0.2948717948717949,0.38461538461538464,-1.1999283059488746,-0.5204805305965721,-0.2877174588950196,0.48552910939769806,0.36504120879120877,0.2380844815902417,-2.8978217543859652,-0.25633618318095713,-0.2470723766385286,Specialty Industrial Machinery,Industrials,TWIN
2017Q2,2017,Q2,2017-02-07,2016-12-30,-2912000.0,33672000.0,-4427000.0,-0.26,8949000.0,0.2657697790449038,202422000.0,109156000.0,114701000.0,34218000.0,92701000.0,64529000.0,170054000.0,164133200.0,158924200.0,9.709660202810888,3.3520661640072476,0.03844443785754513,0.071292462164242,-0.02674917574790573,9.709660202810888,-0.026677415808567556,4.874471370871941,-14.09110576923077,1.5036571512330976,0.0,0.3831300655519224,0.0,0.16634555532501408,1.043836577240049,-0.014385788106035906,-473.00634005763686,0.2657697790449038,-0.08333333333333341,-1.5054530230774088,-0.5872716538111135,-0.2327040838990947,-0.024419491987354193,-0.08011869436201781,-0.24353932584269664,-6.6326228381022885,-0.46627389855006607,-0.24710279472369914,Specialty Industrial Machinery,Industrials,TWIN
2017Q1,2017,Q1,2016-11-09,2016-09-30,-2696000.0,35835000.0,-3560000.0,-0.24,9173000.0,0.2559787916841077,212756000.0,115161000.0,123679000.0,35786000.0,97060000.0,67128000.0,172966000.0,134379660.0,127996660.0,10.266648836587322,3.456072207008327,0.04556393239203595,0.08417780324936393,-0.020456197628679836,10.266648836587322,-0.02341070327628277,3.749955629970699,-12.461021884272997,1.1668851434079246,0.0,0.3971815039923728,0.0,0.16843238263550733,1.169032582574191,-0.012671793039914269,-42.17817325800377,0.2559787916841077,0.5102040816326531,-1.28588065494733,-0.5523564232203142,-0.1925776366301198,-0.17966374530495438,0.5114171801377311,0.635320631018234,-3.114397761145213,-0.45970990311129084,-0.19777747075035146,Specialty Industrial Machinery,Industrials,TWIN
2016Q4,2016,Q4,2016-06-30,2016-06-30,-5518000.0,42647000.0,-9762000.0,-0.49,11182000.0,0.2621989823434239,213922000.0,116490000.0,125035000.0,36131000.0,96869000.0,66569000.0,175662000.0,120363180.0,110591180.0,10.39439635941822,3.460601699371731,0.039738783294845786,0.07297622113486137,-0.04377498806120237,10.39439635941822,-0.047368872864623573,2.822312941121298,-5.45320677781805,1.0332490342518672,0.0,0.4726674578257147,0.0,0.1993577098194669,1.2077163654479532,-0.025794448443825318,14.922288618894124,0.2621989823434239,-4.444444444444445,-1.7390750907131938,-0.5546107139650329,-0.13590443219951098,0.16261176959866916,-4.7300103842159915,-1.0655945831570037,-118.70805860319064,-0.43689196382014384,-0.1804339703136535,Specialty Industrial Machinery,Industrials,TWIN
2016Q3,2016,Q3,2016-03-31,2016-03-31,-963000.0,41434000.0,-4726000.0,-0.09,9618000.0,0.2321282038905247,218410000.0,130475000.0,133194000.0,40931000.0,87407000.0,69495000.0,181180000.0,113526910.00000001,111924910.00000001,11.64227714821094,3.2541105763357847,0.054017673183462296,0.09042345276872964,-0.006100966183927895,11.64227714821094,-0.007380724276681357,2.7399456967707683,-29.47219885773624,0.8701046943858977,0.0,0.45781710914454277,0.0,0.18970743097843507,1.1249175441596835,-0.004409138775697084,-72.58753836317136,0.2321282038905247,0.5714285714285714,-1.214329858388074,-0.4515501296129399,0.14629164578661558,-0.1712907117008444,0.5814863102998696,-0.3286477368569019,-0.2762132414174526,-0.3907976092107734,-0.05701312620788709,Specialty Industrial Machinery,Industrials,TWIN
2016Q2,2016,Q2,2015-12-31,2015-12-31,-2301000.0,44829000.0,-3557000.0,-0.21,11606000.0,0.2588949117758594,225685000.0,128488000.0,142961000.0,57361000.0,96700000.0,73216000.0,182142000.0,117792440.0,114520440.0,11.475216575868536,2.492303132790572,0.07691694175510114,0.13510211070294503,-0.01432523488805032,11.475216575868536,-0.01790828715522072,2.6275946373998975,-12.797961755758365,0.9167582964946143,-0.444154715341156,0.4537669361888112,0.00867627837575994,0.1986352659680528,0.9459911786754066,-0.01019562664776126,-33.1809690140845,0.2588949117758594,0.46153846153846156,-1.5773806896094282,-0.3962546347494907,0.22737580611605593,0.4170940170940171,0.4677307425399028,0.4569465648854962,-1.6951576634047385,-0.37081757585245245,-0.06955269693800128,Specialty Industrial Machinery,Industrials,TWIN
2016Q1,2016,Q1,2015-09-30,2015-09-30,-4323000.0,37373000.0,-6550000.0,-0.39,8190000.0,0.2191421614534557,235792000.0,133253000.0,148410000.0,50935000.0,102062000.0,77047000.0,185465000.0,140394330.0,131625330.0,11.778750110492354,2.9137135564935703,0.060506717785166586,0.10706700787224302,-0.02927861262711788,11.778750110492354,-0.03244204633291558,3.7565710539694432,-8.119033657182513,1.0535922643392646,-0.23571593800601434,0.37876880345762975,0.007258127874537383,0.15849986428716836,1.0665750466280555,-0.01833395535047839,-37.190550993377485,0.2191421614534557,-10.75,-2.565626267999604,-0.41446091245739486,0.2961115417914087,-0.5807310330705436,-10.892448512585812,-89.51351351351352,-4.472435628797412,-0.4540913326543505,-0.034573230258427984,Specialty Industrial Machinery,Industrials,TWIN
2015Q4,2015,Q4,2015-06-30,2015-06-30,437000.0,67334000.0,74000.0,0.04,19534000.0,0.29010603855407374,249862000.0,139528000.0,169830000.0,57054000.0,109695000.0,80241000.0,190807000.0,210016880.0,200882880.0,12.383775627940002,2.9766536964980546,0.05523849164738936,0.0989192133478585,-0.002368316837008783,12.383775627940002,0.0031319878447336733,3.119031692755517,120.14695652173914,1.5051952296313285,2.320366132723112,0.5957054373699231,0.004828183334596724,0.26948475558508295,1.1711536439162897,0.001748965428916762,-132.0030672532998,0.29010603855407374,-0.8461538461538461,-0.7931041893991997,0.01118197775332423,0.5234031922139171,0.027780700831316427,-0.851663272233537,-0.9778243931675157,-0.655317765289291,-0.29212438995917106,0.03458655072850487,Specialty Industrial Machinery,Industrials,TWIN
2015Q3,2015,Q3,2015-03-31,2015-03-31,2946000.0,60941000.0,3337000.0,0.26,19006000.0,0.31187542048866934,246376000.0,146232000.0,168014000.0,57582000.0,99549000.0,90039000.0,191384000.0,199264590.00000003,188057590.00000003,12.967278531524341,2.9178215414539266,0.05032957755625548,0.0847967613107938,0.017074326931062395,12.967278531524341,0.020146069259806335,3.269795211762197,16.90975814663951,1.3626606351550963,0.34521384928716903,0.4657426226412999,0.00510376680573302,0.24734957950449718,1.0304609079226148,0.011957333506510374,42.59610731081659,0.31187542048866934,-0.21212121212121213,0.9921551932609616,-0.019378613732029995,0.3892346870831009,-0.1401167262362575,-0.21377101681345076,-0.40368120085775555,-0.6822181716150658,-0.35337525169576367,-0.05160392955591819,Specialty Industrial Machinery,Industrials,TWIN
2015Q2,2015,Q2,2014-12-31,2014-12-31,3747000.0,72691000.0,5596000.0,0.33,22103000.0,0.3040679038670537,255039000.0,149592000.0,173739000.0,55589000.0,104899000.0,90777000.0,189455000.0,224020800.0,215594800.0,13.261702127659575,3.12542049686089,0.0656644670030858,0.11195117385956468,0.022877618772881143,13.261702127659575,0.02504813091609177,3.081823059250801,14.9466773418735,1.4975453232793197,0.27088337336535895,0.5572777245337476,0.004530829280138273,0.28501915393332,1.1854863372249906,0.014691870655076282,33.33642857142857,0.3040679038670537,-0.08333333333333326,8.582536365610075,0.30610657465802954,0.3593986060511047,-0.012774130153200232,-0.07321296067276775,-0.13628646396048774,-0.3518021262065033,-0.11200502283901545,0.047992377751189454,Specialty Industrial Machinery,Industrials,TWIN
2015Q1,2015,Q1,2014-09-30,2014-09-30,4043000.0,64824000.0,6479000.0,0.36,22389000.0,0.34538134024435396,263551000.0,150542000.0,178937000.0,54086000.0,112473000.0,97452000.0,186723000.0,303839200.0,301712200.0,13.35776397515528,3.308379247864512,0.0894437888681887,0.1565875303901901,0.022712432625630018,13.35776397515528,0.026856292596086143,4.687140565222757,18.787979223348998,2.018301869245792,0.25105119960425426,0.43544514222386405,0.003340582781945187,0.24596377930647198,1.1984617091299041,0.015340484384426544,-169.17550111358574,0.34538134024435396,0.7142857142857143,2.661933268568948,0.36130642143128383,0.39250435157024827,0.040622821287473854,0.7396729776247849,0.6987414787624541,-0.5733011958839344,-0.19403983311606046,0.05052364503995448,Specialty Industrial Machinery,Industrials,TWIN
2014Q4,2014,Q4,2014-06-30,2014-06-30,2324000.0,73566000.0,3814000.0,0.21,21515000.0,0.2924584726640024,266985000.0,151584000.0,180097000.0,56980000.0,114674000.0,97579000.0,183695000.0,372275199.99999994,365922199.99999994,13.457386363636363,3.160705510705511,0.06893271157555668,0.12141123073675322,0.014702790413007224,13.457386363636363,0.015331433396664556,5.060424652692819,40.046815834767635,2.455900358876926,0.43631669535283996,0.5334241998790723,0.002723791431715033,0.2755435698634755,1.1403299403299403,0.008704608873157669,63.09749152542372,0.2924584726640024,8.0,-0.16565096945764832,0.009444790159263744,0.4008572169945991,0.3017303969022265,5.892631578947368,12.152046783625732,-0.6903010570337197,-0.2355921250269599,0.11872469635627529,Specialty Industrial Machinery,Industrials,TWIN
2014Q3,2014,Q3,2014-03-31,2014-03-31,-475000.0,60705000.0,-342000.0,-0.03,16528000.0,0.27226752326826453,275846000.0,145710000.0,183174000.0,55786000.0,129481000.0,105049000.0,182385000.0,296720100.0,295407100.0,12.934753661784288,3.2835119922561216,0.09080066413868608,0.17189623224212477,-0.001405171425726952,12.934753661784288,-0.0032598998009745386,4.887902149740548,-156.16847368421054,2.036374305126621,-2.134736842105263,0.42053708269474244,0.0034173620189532155,0.22006844398686223,1.0728318933065644,-0.0017219753050615198,-74.0134946370666,0.27226752326826453,-1.5999999999999999,-1.1628347388666962,-0.14406718037555874,0.2171673974144825,-0.10871440897325281,-1.916988416988417,-1.2516556291390728,-1.1051739476847249,-0.2006026287329517,0.27354811039605065,Specialty Industrial Machinery,Industrials,TWIN
2014Q2,2014,Q2,2013-12-31,2013-12-31,518000.0,63212000.0,1359000.0,0.05,18544000.0,0.293362019869645,274529000.0,145265000.0,181087000.0,57721000.0,128597000.0,102590000.0,183874000.0,291624960.0,285565960.0,12.896395596590908,3.1372810588867135,0.07673141999570172,0.145010842253812,0.003684864941125296,12.896395596590908,0.0035658968092795924,4.613443017148643,140.74563706563706,2.0075376725295153,1.9613899613899615,0.4354030607271664,0.003483926753046104,0.23025618422826002,1.0746695310199061,0.0018868680540125088,37.595070259120796,0.293362019869645,-0.5454545454545454,-0.8509601618978894,-0.23481502965480433,0.2460621046076061,-0.10272414961049016,-0.5943617854346124,-0.6649408284023669,-0.8707934791488258,-0.15374094923254625,0.3793834597112408,Specialty Industrial Machinery,Industrials,TWIN
2014Q1,2014,Q1,2013-09-30,2013-09-30,1277000.0,66426000.0,4056000.0,0.11,20667000.0,0.3111281727034595,273156000.0,143770000.0,181812000.0,54350000.0,128773000.0,103106000.0,184372000.0,293544420.0,294317420.0,12.797756809684886,3.3452069917203313,0.0909187424036082,0.1727411838352925,0.00855388226995125,12.797756809684886,0.008882242470612785,4.4191193207479,57.4675841816758,2.0417640676079847,0.7948316366483946,0.44380540414718833,0.0034577390365655735,0.24317972147783684,1.132161913523459,0.004674984258079632,33.146388888888886,0.3111281727034595,25.47412755716005,-0.48120942618052054,-0.0846333876562467,0.15630306963092178,0.0021335402220821415,26.170212765957448,1.8847795163584637,-0.5342668743337244,0.04804371880570393,0.4082411252868344,Specialty Industrial Machinery,Industrials,TWIN
2013Q4,2013,Q4,2013-06-30,2013-06-30,47000.0,75931000.0,1406000.0,0.004155,20623000.0,0.2716018490471612,285458000.0,142504000.0,188472000.0,63503000.0,141896000.0,102774000.0,184110000.0,256293160.0,262722160.0,12.682805268778925,2.9679227753019544,0.09512082337857057,0.19054201987312636,0.0008921620873190536,12.682805268778925,0.00032981530343007914,3.3753428770857754,1363.2614893617022,1.7984980070734855,21.51063829787234,0.53815167260202,0.003944701450479599,0.26599709939816013,1.0559343653055762,0.00016464768897701238,20.990430794430793,0.2716018490471612,1.0593571428571429,-0.9932859806297971,-0.15853402198628208,0.10054733099180002,0.16685526762475952,1.0620871862615588,4.226765799256506,-0.9776866549396548,0.1434326504818556,0.5601886381963854,Specialty Industrial Machinery,Industrials,TWIN
2013Q3,2013,Q3,2013-03-31,2013-03-31,-757000.0,68232000.0,269000.0,-0.07,17674000.0,0.2590280220424434,295129000.0,138808000.0,190120000.0,57320000.0,155298000.0,113009000.0,185074000.0,270731440.0,288272440.0,12.346170950813839,3.316817864619679,0.11758248088124176,0.25,-0.029456515474612414,12.346170950813839,-0.00545357616275719,3.9678074803611207,-89.40932628797886,1.950402282289205,-1.3368560105680316,0.4473802971444752,0.0037380217088935075,0.23119381694106644,1.0705687369155619,-0.0025649800595671725,-94.03662382771796,0.2590280220424434,-1.2413793103448276,-1.095090189776524,-0.20828884558819408,0.07622935004836819,-0.2078347003720138,-1.225297619047619,-0.951452806352644,-1.5134494283386866,0.10126352518611113,0.32269303044824,Specialty Industrial Machinery,Industrials,TWIN
2013Q2,2013,Q2,2012-12-31,2012-12-31,3360000.0,72325000.0,5541000.0,0.29,22311000.0,0.3084825440718977,299576000.0,140177000.0,193088000.0,60800000.0,158427000.0,118298000.0,186842000.0,198109380.0,211533380.0,12.333010733767376,3.1757894736842105,0.11347370950944001,0.24250768671037332,0.020781538078257576,12.333010733767376,0.02396969545645862,2.739154925682682,14.740281249999999,1.4132802100201889,0.30625,0.4227797595901875,0.005194100350018762,0.24142454669265895,0.9709703947368421,0.011215851737121798,25.340161166538756,0.3084825440718977,1.6363636363636362,-0.20908528004079638,-0.12500481141527564,0.17431919463712667,0.14910383189122373,1.685851318944844,0.9817596566523605,7.747944998868808,0.28969751322131265,0.2642025464385433,Specialty Industrial Machinery,Industrials,TWIN
2013Q1,2013,Q1,2012-09-30,2012-09-30,1251000.0,68793000.0,2796000.0,0.11,19416000.0,0.2822380184030352,300099000.0,138696000.0,196339000.0,59424000.0,160512000.0,112811000.0,185308000.0,202691439.99999997,220192439.99999997,12.200562983814216,3.304035406569736,0.12993712075015246,0.28114725731095347,0.008563502457014835,12.200562983814216,0.009019726596296938,2.9463962903202354,40.5058832933653,1.4614079713906671,0.8201438848920863,0.437696678515393,0.00506188125162069,0.229234352663621,1.1545503500269252,0.004168624353963192,272.06904697986573,0.2822380184030352,0.22222222222222227,-0.7522354377141269,-0.05495514500663844,0.2798400589645791,-0.3126106351341783,-0.0234192037470726,-0.4661065495512698,1.5098084165963133,0.43220164236413433,0.27186983376614815,Specialty Industrial Machinery,Industrials,TWIN
2012Q4,2012,Q4,2012-06-30,2012-06-30,1281000.0,96109000.0,5237000.0,0.09,28246000.0,0.29389547284853657,303832000.0,136264000.0,197161000.0,66625000.0,166546000.0,103178000.0,185083000.0,210490159.99999997,226934159.99999997,11.969782150386507,2.959264540337711,0.105798599225888,0.23590236599542067,0.007378654819772663,11.969782150386507,0.009400868901544061,2.190119135564827,41.07926619828259,1.5447231844067397,0.8032786885245902,0.6577274225125511,0.004888589566372129,0.31632283630427344,1.187827392120075,0.004216145764764739,13.958233421750661,0.29389547284853657,-0.888888888888889,-0.7413311434691277,0.06909470894984425,0.19203215261002346,-0.1455106485963214,-0.8636218460555734,-0.6579359895493142,-0.5449506206011725,0.3048699846340331,0.2460038864999301,Specialty Industrial Machinery,Industrials,TWIN
2012Q3,2012,Q3,2012-03-31,2012-03-31,9393000.0,95490000.0,15310000.0,0.81,33056000.0,0.3461723740705833,325361000.0,156226000.0,218517000.0,73412000.0,168130000.0,117749000.0,184831000.0,298104340.0,325584340.0,13.672851391563102,2.9765842096659947,0.1386398492751129,0.2887355497804463,0.04832942054275759,13.672851391563102,0.06012443511323339,3.1218383076761964,7.934215373150218,1.9081608695095567,0.10954966464388374,0.5302295560896483,0.0034518115368598794,0.2934893856362625,1.1619762436658856,0.02886947114128614,-67.41391677973768,0.3461723740705833,0.5882352941176472,0.2727945789400697,0.12448875732298134,0.4628901573531927,0.11819227386509708,0.6037220420010244,0.6175382989963022,2.1746419523340124,0.327425283429059,0.28662279767051546,Specialty Industrial Machinery,Industrials,TWIN
2012Q2,2012,Q2,2011-12-31,2011-12-31,5857000.0,82941000.0,9465000.0,0.51,29562000.0,0.3564220349404999,316408000.0,144627000.0,205431000.0,77872000.0,170822000.0,114981000.0,176467000.0,415101280.0,438219280.0,12.654387960451484,2.638059893158003,0.1319151222472251,0.2885975647700637,0.03226310211706426,12.654387960451484,0.04049727920789341,5.004777854137278,17.718169711456376,2.8701506634307563,0.15605258664845484,0.4642419182299684,0.0022018722756046425,0.26213306869611386,0.97023320320526,0.018510909964349828,-80.38367157242448,0.3564220349404999,-0.38554216867469876,0.05006287572858006,0.13569128561873495,0.4590976510969168,-0.039196567862714506,-0.3886859409247469,-0.3630123157682213,0.6608570085700145,-0.010489114979470637,0.22267909482317316,Specialty Industrial Machinery,Industrials,TWIN
2012Q1,2012,Q1,2011-09-30,2011-09-30,9581000.0,81330000.0,14859000.0,0.83,30768000.0,0.3783105864994467,316430000.0,144904000.0,203523000.0,77165000.0,170619000.0,104976000.0,171524000.0,303931320.0,320040320.0,12.715338715338715,2.6375040497634936,0.12896059160003792,0.28161403411914093,0.05175976830782406,12.715338715338715,0.06611963782918345,3.7370136481003318,7.930574052812859,2.0974667365980237,0.09539714017325958,0.48165294924554186,0.003007258350340465,0.25702367032203016,1.1004211754033564,0.030278418607590937,-63.544076939159524,0.3783105864994467,0.25757575757575746,1.6568280465339291,0.2590755715698704,0.5876216195141919,-0.1481963400791783,0.261986301369863,0.09064885496183206,2.8370194303257183,0.10481539627966675,0.14885642902797735,Specialty Industrial Machinery,Industrials,TWIN
2011Q4,2011,Q4,2011-06-30,2011-06-30,7592000.0,97367000.0,13624000.0,0.66,36121000.0,0.37097784670370865,309120000.0,137085000.0,195168000.0,83960000.0,171066000.0,99139000.0,162857000.0,440227480.0,449759480.0,12.029220779220779,2.3245354930919486,0.09607595755693582,0.21664660612029032,0.04786796002967526,12.029220779220779,0.055381697486960646,4.521321186849754,14.496426501580613,3.2113468286099867,0.12091675447839831,0.6177790778603779,0.002085285543737524,0.3149812370600414,0.9668175321581706,0.024560041407867494,236.04690616621983,0.37097784670370865,0.65,0.36582496865182373,0.36686442580230333,0.5642988347593145,0.3001583759268591,0.6693051890941073,0.26994780014914244,0.06930161146169128,0.06386989819567933,0.04383269646756373,Specialty Industrial Machinery,Industrials,TWIN
2011Q3,2011,Q3,2011-03-31,2011-03-31,4548000.0,76471000.0,10728000.0,0.4,27782000.0,0.36330112068627324,294627000.0,115215000.0,182713000.0,71547000.0,178514000.0,93311000.0,156182000.0,365503680.0,377808680.0,10.156470380818053,2.5537478860050036,0.10455253591829669,0.2673610207004296,0.03302328000878089,10.156470380818053,0.03947402681942455,4.779637771181232,20.091451187335092,3.172361932040099,0.22977132805628847,0.5217927146852998,0.0028590683409808622,0.2595519080057157,1.033097124966805,0.015436467126230794,-65.25686127477236,0.36330112068627324,0.142857142857143,0.2125134479041213,0.1955418948588075,0.5860687781188535,0.16942374878983035,0.12741695587506197,1.0961313012895662,-0.4337916320461159,-0.12058994974000783,-0.11464926572940554,Specialty Industrial Machinery,Industrials,TWIN
2011Q2,2011,Q2,2010-12-31,2010-12-31,4034000.0,75160000.0,5118000.0,0.35,23757000.0,0.3160856838744013,283970000.0,105966000.0,170843000.0,68260000.0,177137000.0,87643000.0,152542000.0,338433240.0,344817240.0,9.349391212281631,2.502827424553179,0.11488185371694193,0.3078628994205689,0.0326722840650494,9.349391212281631,0.03806881452541381,4.50283714741884,20.97380019831433,3.193790838570862,0.1626177491323748,0.586504341476216,0.0019383438813516073,0.26467584604007466,1.004087313214181,0.014205725956967286,123.78684711046087,0.3160856838744013,0.4583333333333333,0.6519046252779922,0.34275717635545055,0.5455883353264558,0.1864855416271288,0.5188253012048193,-0.024399542508577964,-0.047750576744825246,-0.08813942837847234,-0.10977377740429664,Specialty Industrial Machinery,Industrials,TWIN
2011Q1,2011,Q1,2010-09-30,2010-09-30,2656000.0,61395000.0,5246000.0,0.24,20023000.0,0.326134050004072,273168000.0,98893000.0,161174000.0,64813000.0,173473000.0,77458000.0,149302000.0,151803900.0,161528900.0,9.087759603014153,2.4867542005461867,0.12021539858255725,0.3320659702911227,0.025253557392161355,9.087759603014153,0.026857310426420474,2.472577571463474,14.288770707831326,1.5350318020486786,0.3501506024096386,0.5341217175759767,0.006126324817741837,0.22475180108943946,1.080523968956845,0.009722954372400866,53.56524347212421,0.326134050004072,0.3333333333333333,0.12552307256234987,0.30460853757543477,0.5003611291937303,0.030678951974056724,0.30196078431372547,0.2271345029239766,-0.45047773455275275,-0.11891761225291389,-0.04669327131808835,Specialty Industrial Machinery,Industrials,TWIN
2010Q4,2010,Q4,2010-06-30,2010-06-30,2040000.0,64314000.0,4275000.0,0.18,19427000.0,0.3020648692353142,259056000.0,88460000.0,147450000.0,63307000.0,169737000.0,72799000.0,147438000.0,123619520.0,135728520.0,8.129020400661643,2.3291263209439714,0.12017092829349639,0.3519217725525661,0.016303482981345988,8.129020400661643,0.02306127063079358,1.9221245762975403,15.149450980392157,1.3974623558670585,0.382843137254902,0.6165881399469773,0.006317772468296269,0.24826292384658144,0.9799232312382516,0.007874745228830832,11.958935861468511,0.3020648692353142,0.3846153846153845,-0.36152556626734167,0.09416038961751869,0.39301170231520755,0.17703726143592852,0.40592694693314957,1.1923076923076923,-0.5690654186751328,-0.25158271612915367,-0.19045697197600212,Specialty Industrial Machinery,Industrials,TWIN
2010Q3,2010,Q3,2010-03-31,2010-03-31,1451000.0,60977000.0,1950000.0,0.13,16505000.0,0.2706758285911081,254226000.0,103282000.0,148538000.0,55711000.0,150085000.0,79083000.0,146462000.0,135214300.0,155781300.0,9.334116583822865,2.666223905512376,0.13806613013617805,0.33984624619972503,0.012119920936845606,9.334116583822865,0.014048914622102593,2.2174639618216703,23.29674362508615,1.3091758486473926,0.5410062026188835,0.5623458897613899,0.0058055989640149,0.2398535161627843,1.0185421191506165,0.005707520080558244,22.817127910901114,0.2706758285911081,4.25,0.23899216230113587,0.12372039690849289,0.573460679185468,0.11625862302177736,3.9612244897959186,18.889908256880734,-0.7969681328933371,-0.2585086661813647,-0.0013211665207281413,Specialty Industrial Machinery,Industrials,TWIN
2010Q2,2010,Q2,2009-12-31,2009-12-31,-490000.0,55186000.0,-109000.0,-0.04,14786000.0,0.26793027217047805,268748000.0,109116000.0,158875000.0,60131000.0,158810000.0,89384000.0,145796000.0,116771400.0,141620400.0,9.75556548949486,2.6421479769170646,0.15483278015092206,0.3813464569815609,-0.00045499298771509096,9.75556548949486,-0.004490633820887863,2.115960569709709,-59.57724489795918,1.0701583635763774,-1.926530612244898,0.45198245771055223,0.008084171295368559,0.20534478396118297,0.9407460378174319,-0.001823269382469823,16.960261437908496,0.26793027217047805,0.8181818181818181,-1.4267427399953851,0.030940714984059856,0.6266387737710788,0.5169795834615779,0.7961730449251248,0.9640382711976245,-1.089765283089676,-0.22786687028278343,0.12485271791337119,Specialty Industrial Machinery,Industrials,TWIN
2010Q1,2010,Q1,2009-09-30,2009-09-30,-2404000.0,47057000.0,-3031000.0,-0.22,9747000.0,0.2071317763563338,274405000.0,106833000.0,163278000.0,60151000.0,166628000.0,89501000.0,147069000.0,138878390.0,170750390.0,9.592619197270361,2.714468587388406,0.17861555000819956,0.45878146265666975,-0.012120044000862971,9.592619197270361,-0.022502410303932307,2.951280149605797,-14.442428244592348,1.299957784579671,-0.3257071547420965,0.4168668506497134,0.005638026189675729,0.17148740001093274,0.9875313793619391,-0.008760773309524243,18.487538604898827,0.2071317763563338,-1.88,-3.1255923697784165,0.056181614136668646,0.7512137654908345,-0.4941090984585042,-1.8729121278140886,-1.555942773294204,-1.682136504297927,-0.25456551015529927,0.1977226848846559,Specialty Industrial Machinery,Industrials,TWIN
2009Q4,2009,Q4,2009-06-30,2009-06-30,2754000.0,72056000.0,5452000.0,0.25,19267000.0,0.26738925280337517,285565000.0,106988000.0,173921000.0,70252000.0,178577000.0,92331000.0,150257000.0,75842970.0,113345970.0,9.606536769327468,2.4756732904401297,0.17778439234500026,0.47452985381538115,0.018362430858931973,9.606536769327468,0.025741204621079,1.0525559287221051,6.8848011982570805,0.7088923056791415,0.280319535221496,0.57173646987469,0.010178926273588707,0.25232784129707775,0.9484854523714628,0.009644039010382926,8.718584894815496,0.26738925280337517,-0.03846153846153849,0.00616490406620858,0.2843468090713214,0.7944139419942171,0.00605712495431048,-0.03368421052631579,0.17652136383254208,-0.49302446148530465,0.03506595040124466,0.24924918663808154,Specialty Industrial Machinery,Industrials,TWIN
2009Q3,2009,Q3,2009-03-31,2009-03-31,2850000.0,69292000.0,4634000.0,0.26,19151000.0,0.2763811118166599,279005000.0,116960000.0,180356000.0,71736000.0,161368000.0,97906000.0,148776000.0,76161520.0,121866520.0,10.626930765037253,2.5141630422660866,0.2079102525044354,0.49596443228454173,0.02335064446436338,10.626930765037253,0.024367305061559506,1.0991387173122438,6.680835087719299,0.6511757865937072,0.2649122807017544,0.5121340877985006,0.00991314248980325,0.24835397215103672,0.939625850340136,0.010214870701241913,-18.086326288292568,0.2763811118166599,-0.16129032258064513,0.6440970772698921,0.46055788238154993,1.1891423016288514,-0.16564283535921231,-0.16982231284590737,-0.2205214465937763,-0.21684508585547643,0.1165748363394875,0.6595374634764305,Specialty Industrial Machinery,Industrials,TWIN
2009Q2,2009,Q2,2008-12-31,2008-12-31,3433000.0,81598000.0,5945000.0,0.31,22953000.0,0.2812936591583127,282640000.0,115151000.0,183316000.0,81355000.0,166774000.0,98017000.0,146681000.0,76658140.0,117431140.0,10.349721373359698,2.253284985557126,0.18371072742711578,0.4509209646464208,0.02295856435156327,10.349721373359698,0.029813028110915234,0.9394610162013775,5.582445383046897,0.6657184045297044,0.22982813865423826,0.5983145780833937,0.010292449047159246,0.2886994056043023,0.8514289226230717,0.01214619303707897,72.93828734538535,0.2812936591583127,0.40909090909090906,5.83440575455661,0.9476076337286051,1.185390048285605,0.14353328019131129,0.3926977687626775,0.5836441129461908,0.4320791818352721,0.48502709477046474,0.7109572447380648,Specialty Industrial Machinery,Industrials,TWIN
2009Q1,2009,Q1,2008-09-30,2008-09-30,2465000.0,72671000.0,3754000.0,0.22,20072000.0,0.27620371262264176,294495000.0,124513000.0,190065000.0,80222000.0,169496000.0,99024000.0,144037000.0,154800000.0,195059000.0,11.067822222222222,2.3692378649248336,0.18725954600247882,0.4429015444170488,0.013786407544146964,11.067822222222222,0.019797129616987784,2.13014820217143,15.699797160243406,1.243243677367022,0.3200811359026369,0.5311742607852642,0.005096899224806202,0.24676480076062413,0.9382588317419162,0.008370260955194485,-52.10366879838438,0.27620371262264176,-0.6451612903225807,13.366513320337882,0.9076419299138998,1.5044890359965197,-0.3089344121191255,-0.6483093165929519,-0.6286844708209693,0.010414230803611394,0.49370401418220383,0.8272633710008289,Specialty Industrial Machinery,Industrials,TWIN
2008Q4,2008,Q4,2008-06-30,2008-06-30,7009000.0,90349000.0,10110000.0,0.62,29045000.0,0.3214756112408549,304628000.0,129646000.0,195695000.0,89588000.0,174303000.0,97691000.0,142361000.0,235462500.0,270972500.0,11.524088888888889,2.1843885341786846,0.16399346087687278,0.38533390926060196,0.04265908680392495,11.524088888888889,0.05406260123721519,2.6061439528937784,8.398576829790269,1.816195640436265,0.11142816378941361,0.6275296598458404,0.003316876360354621,0.29658796958913825,0.9159485645398937,0.023008390561603004,52.336630362302735,0.3214756112408549,-0.11428571428571424,2.5988280038926104,0.6957405114040596,1.5702310402065252,0.09081007999399106,-0.11602976415689242,-0.1327843540916109,1.1219033736053345,0.4868084355660346,0.9748001468216597,Specialty Industrial Machinery,Industrials,TWIN
2008Q3,2008,Q3,2008-03-31,2008-03-31,7929000.0,85838000.0,11658000.0,0.7,26627000.0,0.3102006104522473,300126000.0,128460000.0,197043000.0,91470000.0,171082000.0,96442000.0,136132000.0,177152360.0,217565360.0,11.471691373459546,2.154181698917678,0.1910964061760727,0.4464658259380352,0.046807797830022486,11.471691373459546,0.06172349369453527,2.063798783755446,5.585583301803506,1.3790468628366808,0.09875141884222474,0.6139545011509508,0.004419924182776904,0.286006543918221,0.9161692358150213,0.026418904060294676,-44.48828729281768,0.3102006104522473,0.8918918918918918,14.613771895135638,0.8237128765166117,1.3059667241382944,0.05054051921407717,0.8838203848895224,0.4631024096385542,5.690067807675016,0.5630855757519048,0.9337936416149945,Specialty Industrial Machinery,Industrials,TWIN
2008Q2,2008,Q2,2007-12-31,2007-12-31,4209000.0,81894000.0,7968000.0,0.37,25346000.0,0.3094976432949911,284698000.0,118266000.0,186134000.0,84413000.0,165777000.0,87615000.0,128986000.0,398470485.0,431899485.0,10.502264452535298,2.2050395081326335,0.19510498844389493,0.46967006578391085,0.027878167347336787,10.502264452535298,0.03558926487747958,4.865685947688475,23.667764611546684,3.3692733752726904,0.18626752197671656,0.6454145979569709,0.0019675233913498008,0.28765217879999155,0.9703955551869973,0.01478408699744993,256.7464465206186,0.3094976432949911,-0.15909090909090912,2.3599484067797136,0.9087512660269884,1.17809805256613,0.0626808100289296,-0.17567567567567569,-0.1298460194386808,2.640893847953627,0.5195531286796338,0.7511430361763869,Specialty Industrial Machinery,Industrials,TWIN
2008Q1,2008,Q1,2007-09-30,2007-09-30,5106000.0,73613000.0,9157000.0,0.44,23851000.0,0.3240052708081453,266507000.0,109590000.0,171561000.0,75684000.0,156199000.0,81809000.0,125562000.0,346029600.0,381508600.0,9.532881002087683,2.2668067226890756,0.206958916651345,0.5032940961766584,0.034209206943583356,9.532881002087683,0.04659184232137969,4.700658851018162,16.942303172737954,3.157492471940871,0.12788875832354094,0.6082704836876138,0.0018871217953608593,0.27621413321226085,0.9892315416732731,0.019158971434146195,131.07181818181817,0.3240052708081453,0.023255813953488393,3.882000701924503,0.9693467750044458,0.9035256784968686,-0.2055492638731597,0.020995800839832032,0.11725231820400195,3.3736879494316865,0.6006277738128788,0.7403080527154069,Specialty Industrial Machinery,Industrials,TWIN
2007Q4,2007,Q4,2007-09-13,2007-06-30,5001000.0,90782000.0,8196000.0,0.43,30022000.0,0.3307043246458549,267184000.0,115437000.0,173240000.0,79918000.0,151102000.0,76253000.0,121109000.0,413281200.00000006,437693200.00000006,10.041492693110648,2.167721914962837,0.16438110066471046,0.38046726786039137,0.028058268949014614,10.041492693110648,0.04332233166142571,4.552457535634818,20.65992801439712,3.58014501416357,0.1285742851429714,0.7968211086776914,0.0015558413980602068,0.33977333972094137,1.035874271127906,0.018717438169950296,74.74791101465004,0.3307043246458549,-0.3228346456692914,2.4901103489412466,0.6786002253622627,0.9276700324568665,0.06517651232925314,-0.3339992009588494,-0.3321382007822686,0.7700419034154729,0.5675932047815311,0.8756597637227643,Specialty Industrial Machinery,Industrials,TWIN
2007Q3,2007,Q3,2007-05-09,2007-03-30,7509000.0,86405000.0,12272000.0,0.635,28185000.0,0.32619640067125744,265625000.0,108662000.0,172708000.0,79900000.0,156385000.0,81794000.0,116751000.0,248215100.00000003,288574100.0,9.346464820230517,2.161551939924906,0.2077289411764706,0.5077948132741897,0.04889180176413466,9.346464820230517,0.06910419465866632,2.872693709854754,8.263919962711414,2.284286134987392,0.0856305766413637,0.7117881507201017,0.0025904950988074452,0.3252894117647059,0.9741051314142678,0.028269176470588235,23.208517999064988,0.32619640067125744,0.32291666666666674,197.06819756277866,0.9909552745356592,0.8118030592804732,0.1556439378408299,0.3243386243386243,0.24449852956089646,3.1007556455474914,0.7241448154630225,0.9253669719923877,Specialty Industrial Machinery,Industrials,TWIN
2007Q2,2007,Q2,2007-02-09,2006-12-31,5670000.0,74239000.0,9861000.0,0.48,24389000.0,0.32852005010843355,252874000.0,100760000.0,162036000.0,75180000.0,151545000.0,82731000.0,109885000.0,,,,,,,,,,,,,,,,,,,,,,,,,,,,,,,Specialty Industrial Machinery,Industrials,TWIN
2007Q1,2007,Q1,2006-11-09,2006-09-30,3672000.0,65774000.0,6661000.0,0.31,20313000.0,0.30883023687171224,236973000.0,92937000.0,151902000.0,72332000.0,143442000.0,72475000.0,104770000.0,,,,,,,,,,,,,,,,,,,,,,,,,,,,,,,Specialty Industrial Machinery,Industrials,TWIN
