Quarters,Year,Quarter,FillingDate,Date,NetIncome,Revenue,OperatingIncome,EPSDiluted,GrossProfit,GrossProfitRatio,TotalAssets,CommonStockEquity,CurrentAssets,CurrentLiability,TotalLiability,Inventory,RetainedEarnings,MarketCap,EnterpriseValue,bookValuePerShare,currentRatio,debtToAssets,debtToEquity,roic,shareholdersEquityPerShare,roe,priceToSalesRatio,peRatio,pbRatio,payoutRatio,inventoryTurnover,dividendYield,assetTurnover,quickRatio,returnOnAssets,priceToFreeCashFlowsRatio,grossProfitMargin,epsdilutedGrowth,fiveYNetIncomeGrowthPerShare,fiveYRevenueGrowthPerShare,fiveYShareholdersEquityGrowthPerShare,grossProfitGrowth,netIncomeGrowth,operatingIncomeGrowth,threeYNetIncomeGrowthPerShare,threeYRevenueGrowthPerShare,threeYShareholdersEquityGrowthPerShare,Industry,Sector,Symbol
2023Q1,2023,Q1,2023-03-31,2023-03-31,-9107000.0,0.0,-9052000.0,-0.0188,0.0,0.0,574282000.0,445613000.0,145982000.0,13049000.0,92361000.0,0.0,-396398000.0,2513831400.7879357,2456490400.7879357,0.9180328020155802,11.187217411295885,0.13681083509495334,0.1763144252972871,-0.015844061956310846,0.9180328020155802,-0.02043701597574577,0.0,-69.0082189740841,5.641288294524477,0.0,0.0,0.0,0.0,10.974863974250901,-0.015858062763590013,-96.15328185388371,0.0,0.5523809523809524,-1.2125613072004968,0.0,0.8476630765794317,0.0,0.5481518233688911,0.5385870119278214,0.3492173383279618,0.0,1.0153172589856359,Uranium,Energy,NXE
2022Q4,2022,Q4,2022-12-31,2022-12-31,-20155000.0,0.0,-19618000.0,-0.042,0.0,0.0,554560000.0,417876000.0,144188000.0,16567000.0,99143000.0,0.0,-389867000.0,2875745864.2373576,2823782864.2373576,0.8714754574631454,8.703325888815115,0.14873773802654355,0.19738869903990658,-0.038484891175173265,0.8714754574631454,-0.048232011410083375,0.0,-35.670377874440064,6.881816290567914,0.0,0.0,0.0,0.0,8.572644413593288,-0.03634412867859204,-469.2796775844252,0.0,0.26186291739894546,0.5527436889559694,0.0,1.190324141376264,0.0,0.2616675214301414,0.29429116155257384,-0.48546967479610686,0.0,0.9062055207108513,Uranium,Energy,NXE
2022Q3,2022,Q3,2022-09-30,2022-09-30,-27298000.0,0.0,-27799000.0,-0.0569,0.0,0.0,545269000.0,420981000.0,150437000.0,18105000.0,96212000.0,0.0,-366695000.0,2406410909.1020355,2343227909.1020355,0.8779508982528128,8.309141121237227,0.14194645211812884,0.18385390314527258,-0.055022677917215615,0.8779508982528128,-0.06484378154833591,0.0,-22.038344467562055,5.716198377366284,0.0,0.0,0.0,0.0,8.2023198011599,-0.050063363220722246,-109.80656669413806,0.0,-1.845,-8.233974585744848,-1.0,0.8220241371342288,0.0,-3.0244734500148325,-2.5966343116420654,-24.04096106060407,0.0,0.8129770726754032,Uranium,Energy,NXE
2022Q2,2022,Q2,2022-06-30,2022-06-30,13484000.0,0.0,17411000.0,-0.02,0.0,0.0,542209000.0,433736000.0,170892000.0,13475000.0,78854000.0,0.0,-344800000.0,2199854784.012702,2103156784.012702,0.9049684349861636,12.682152133580704,0.11902974683194119,0.14879788627183355,0.03531401613551266,0.9049684349861636,0.03108803511813638,0.0,40.786390982139984,5.071875020779235,0.0,0.0,0.0,0.0,12.477328385899815,0.024868639214767736,-84.50579225617325,0.0,0.6845425867507886,1.6180869241577458,0.0,1.8742968823030395,0.0,1.4435234524044471,1.5832440037518425,1.79495116494932,0.0,0.8765223530268371,Uranium,Energy,NXE
2022Q1,2022,Q1,2022-03-31,2022-03-31,-30402000.0,0.0,-29852000.0,-0.0634,0.0,0.0,550516000.0,414782000.0,198245000.0,15992000.0,110846000.0,0.0,-358443000.0,3390846599.3057823,3296764599.3057823,0.8654493916834841,12.396510755377689,0.1696826250281554,0.2252098692807306,-0.057916777005608634,0.8654493916834841,-0.0732963339778486,0.0,-27.883417203685468,8.175009039220079,0.0,0.0,0.0,0.0,12.303089044522261,-0.05522455296485479,-228.64778147712624,0.0,-0.5693069306930694,0.24394890103517988,0.0,2.0346293677155796,0.0,-0.5912278865277923,-0.6028780068728522,-4.083827581265918,0.0,0.7252484818683492,Uranium,Energy,NXE
2021Q4,2021,Q4,2021-12-31,2021-12-31,-19106000.0,0.0,-18624000.0,-0.0404,0.0,0.0,546563000.0,433608000.0,213325000.0,8205000.0,85215000.0,0.0,-332980000.0,2630591101.5173717,2503967101.5173717,0.9180044162353648,25.999390615478365,0.13755047451071514,0.17338240991863618,-0.036090929609839936,0.9180044162353648,-0.04406284016900057,0.0,-34.42100781845195,6.066749463841469,0.0,0.0,0.0,0.0,25.87410115783059,-0.03495662897049379,-80.13742464867397,0.0,0.04265402843601903,0.2384454548506174,0.0,1.5335174833591487,0.0,0.041296602940438555,0.0749975166385219,-1.9276110978660508,0.0,0.9530296082207258,Uranium,Energy,NXE
2021Q3,2021,Q3,2021-09-30,2021-09-30,-19929000.0,0.0,-20134000.0,-0.0422,0.0,0.0,551579000.0,430627000.0,239875000.0,14958000.0,94000000.0,0.0,-317152000.0,2815640832.9457293,2664749832.9457293,0.9116932523158854,16.036569060034765,0.1395140134051514,0.17869989573343056,-0.0415265697991823,0.9116932523158854,-0.04627903034412612,0.0,-35.320899605420855,6.538467938484417,0.0,0.0,0.0,0.0,15.938628158844764,-0.03613081716308997,-282.86526350670374,0.0,-0.004761904761904733,-2.7122809186689456,0.0,1.34562295844567,0.0,-0.006565988181221274,-0.04467389612411145,0.238560366186235,0.0,1.2450665060739936,Uranium,Energy,NXE
2021Q2,2021,Q2,2021-06-30,2021-06-30,-19799000.0,0.0,-19273000.0,-0.042,0.0,0.0,534869000.0,438422000.0,239101000.0,5787000.0,71466000.0,0.0,-300288000.0,2406295330.48134,2237517330.48134,0.9291328601434684,41.31691722827026,0.12229910501449888,0.1492032790325303,-0.039014037880997235,0.9291328601434684,-0.04515968632960937,0.0,-30.384051347054644,5.488536913022932,0.0,0.0,0.0,0.0,41.051149127354414,-0.03701654049870155,-253.50772550372312,0.0,0.7529411764705882,-0.8822368528099449,0.0,1.5991431633702273,0.0,0.7093340771624875,0.7075727919644348,0.40887506594526596,0.0,1.0604078035781124,Uranium,Energy,NXE
2021Q1,2021,Q1,2021-03-31,2021-03-31,-68116000.0,0.0,-65907000.0,-0.17,0.0,0.0,515343000.0,426917000.0,227380000.0,5624000.0,64849000.0,0.0,-282130000.0,1855685259.8400598,1688587259.8400598,1.0477340040592737,40.4302987197724,0.11584517496114238,0.13983982835070985,-0.13384934039164115,1.0477340040592737,-0.1595532621094967,0.0,-6.810753933877723,4.346712030301112,0.0,0.0,0.0,0.0,40.372688477951634,-0.1321760458568371,-162.33796341877874,0.0,0.055555555555555455,-31.150598259832563,0.0,1.7996209458542358,0.0,-0.06237154718329612,-0.0969683796580149,-2.8939358099640864,0.0,1.1087039908887597,Uranium,Energy,NXE
2020Q4,2020,Q4,2020-12-31,2020-12-31,-64116928.0,0.0,-60081039.0,-0.18,0.0,0.0,357392071.0,94251296.0,75006039.0,7322034.0,238140134.0,0.0,-212301767.0,1288909753.097868,1445772146.097868,0.25734037559819894,10.243880184112776,0.6460246819521634,2.449664978612071,-0.1802649789052331,0.25734037559819894,-0.680276353971833,0.0,-5.025621911805678,13.675247002416475,0.0,0.0,0.0,0.0,10.151047099753976,-0.17940221175192217,-175.19878136541033,0.0,-2.1523642732049035,-26.562643418263523,0.0,-0.34882818459278714,0.0,-1.9801110353704816,-2.4158875824001824,-0.8627700589052674,0.0,-0.3532131830030251,Uranium,Energy,NXE
2020Q3,2020,Q3,2020-09-30,2020-09-30,-21514946.0,0.0,-17588705.0,-0.0571,0.0,0.0,353996343.0,139866177.0,79230697.0,6371155.0,187998713.0,0.0,-153637652.0,866673026.5419344,969231051.5419344,0.37129233354002955,12.435845148956508,0.5118134906834334,1.295381827730946,-0.05446467842360659,0.37129233354002955,-0.15382522394960435,0.0,-10.070592630605885,6.196444666832742,0.0,0.0,0.0,0.0,12.377526523840654,-0.06077731147635048,-145.31740887691723,0.0,-0.13293650793650788,-21.222462513747605,0.0,0.15968779320740006,0.0,-0.16471088760828415,-0.19867982853595523,-8.263895585402256,-1.0,-0.22945167549902987,Uranium,Energy,NXE
2020Q2,2020,Q2,2020-06-30,2020-06-30,-18472349.0,0.0,-14673397.0,-0.0504,0.0,0.0,348010080.0,163262850.0,76779551.0,3597567.0,163742458.0,0.0,-131592949.0,642693353.38263,726736709.38263,0.44576706022410995,21.34207674242064,0.45931144867987733,0.9790654395657065,-0.05639566593329771,0.44576706022410995,-0.11314483974768295,0.0,-8.698045838439795,3.936556010033085,0.0,0.0,0.0,0.0,21.175447462132045,-0.05307992515619088,-113.50995291109679,0.0,-0.7500000000000001,-8.294634766362934,0.0,0.1663921606444115,0.0,-0.7785977458297813,-0.14344505304099606,-5.693535222354007,0.0,0.4158138802433923,Uranium,Energy,NXE
2020Q1,2020,Q1,2020-03-31,2020-03-31,-10385906.0,0.0,-12832621.0,-0.0288,0.0,0.0,314044178.0,164104108.0,45058872.0,7216918.0,128734769.0,0.0,-113339678.0,371491163.3539276,448666442.3539276,0.4555276832579954,6.243506161494422,0.38566965250347673,0.7380516580364948,-0.03583337304504686,0.4555276832579954,-0.06328851926119973,0.0,-8.942194435274294,2.263752979017001,0.0,0.0,0.0,0.0,6.156905620931262,-0.03307148079019634,-37.609071519165,0.0,-0.017667844522968216,-7.553750519008143,0.0,0.6310465967151608,0.0,-0.01885637095104913,-0.3619067682387127,0.6563891028482611,0.0,0.5972715432073645,Uranium,Energy,NXE
2019Q4,2019,Q4,2019-12-31,2019-12-31,-10193690.0,0.0,-9422540.0,-0.0283,0.0,0.0,313525914.0,164698679.0,53462012.0,4784795.0,127177060.0,0.0,-103400960.0,602251341.7731328,672359919.7731328,0.45717812061427654,11.173312963251298,0.38984388065606596,0.7421198502751805,-0.03520287621148897,0.45717812061427654,-0.061892967581118244,0.0,-14.770199549258729,3.656685927475671,0.0,0.0,0.0,0.0,11.019845573321323,-0.0325130700360545,-29.47298417462751,0.0,-13.149999999999999,0.7521992771792463,0.0,0.19873104213566556,0.0,-11.602695184521234,-5.722708399744181,0.4672658944522119,0.0,0.26172460731232666,Uranium,Energy,NXE
2019Q3,2019,Q3,2019-09-30,2019-09-30,-808850.0,0.0,1995156.0,-0.002,0.0,0.0,320248916.0,172289312.0,73464822.0,10649274.0,132044665.0,0.0,-90754440.0,611095061.1788751,660102446.1788751,0.48425923939414417,6.898575621211362,0.3782041154512448,0.703000415951513,0.007390879492669282,0.48425923939414417,-0.004694719542440334,0.0,-188.87774654721986,3.546912191389301,0.0,0.0,0.0,0.0,6.828547936695028,-0.0025256916092106303,-49.4675465808085,0.0,0.943502824858757,0.5370932259565049,0.0,0.39451781050749285,0.0,0.9354018117521663,1.1594961753889064,-1.0922634296461862,0.0,0.24591202893840983,Uranium,Energy,NXE
2019Q2,2019,Q2,2019-06-30,2019-06-30,-12521249.0,0.0,-12509115.0,-0.0354,0.0,0.0,321328785.0,170624380.0,86047265.0,6357191.0,134540657.0,0.0,-90220533.0,729471718.1598675,773372236.1598675,0.48225827607459426,13.53542232725114,0.3990435248432536,0.7514997036179707,-0.04148766142685924,0.48225827607459426,-0.07338487618240723,0.0,-14.564675579885591,4.275307656267337,0.0,0.0,0.0,0.0,13.385680090467629,-0.03896709409335986,-44.08157941327153,0.0,-2.54,-5.685548341981953,0.0,0.4944558072323832,0.0,-2.730974383305118,-2.1305860528593152,-0.5875660060046386,0.0,0.3490625022609204,Uranium,Energy,NXE
2019Q1,2019,Q1,2019-03-31,2019-03-31,7233642.0,0.0,11064275.0,-0.01,0.0,0.0,327478652.0,176405935.0,105703168.0,9523938.0,134698807.0,0.0,-77909447.0,791442804.328384,812932349.328384,0.501637532667903,11.098682918767425,0.3827521465429753,0.7105382083658353,0.03589544332127947,0.501637532667903,0.04100566117574219,0.0,27.352846751621936,4.486486264356038,0.0,0.0,0.0,0.0,11.036763469060803,0.022088896347356408,-37.4210792843487,0.0,-1.2293577981651376,8.882715655504443,0.0,0.41121242952647047,0.0,-0.5282819221695776,-0.28705778496601786,4.95609009590879,0.0,0.34041172496320776,Uranium,Energy,NXE
2018Q4,2018,Q4,2018-12-31,2018-12-31,15334672.0,0.0,15519175.0,0.0436,0.0,0.0,326867565.0,165294770.0,125712481.0,6517313.0,144940975.0,0.0,-85143089.0,852676016.51456,865807711.51456,0.47004121820339273,19.289004686440563,0.4227733149356682,0.8360269595946683,0.051570020225481045,0.47004121820339273,0.09277167087621707,0.0,13.901112728634821,5.1585178194964065,0.0,0.0,0.0,0.0,19.248136156725938,0.046914021585469944,-73.9098652651707,0.0,1.7870036101083033,5.1251872314784945,0.0,0.20109367259651942,0.0,1.798044060676585,1.993681972466247,7.865606090724334,0.0,0.18938815046892807,Uranium,Energy,NXE
2018Q3,2018,Q3,2018-09-30,2018-09-30,-19215320.0,0.0,-15617849.0,-0.0554,0.0,0.0,326419298.0,140821718.0,133590226.0,8761103.0,170930326.0,0.0,-101492429.0,945674018.790501,974653599.790501,0.4060874142700508,15.248105860643346,0.49535264915617827,1.148208289860517,-0.051282900394941905,0.4060874142700508,-0.13645139594164019,0.0,-12.303646501730142,6.715398961334224,0.0,0.0,0.0,0.0,15.205010031271177,-0.05886698524791264,-88.37439802602047,0.0,0.2197183098591549,-9.55457191937107,0.0,0.10601045718164433,0.0,0.21279834609699916,0.3618141668082215,-20.559870951245028,0.0,0.26836612222525824,Uranium,Energy,NXE
2018Q2,2018,Q2,2018-06-30,2018-06-30,-24409654.0,0.0,-24472259.0,-0.071,0.0,0.0,325030895.0,155073218.0,143811381.0,3976862.0,155077408.0,0.0,-82490124.0,844182848.695623,851920097.695623,0.45094609840339983,36.162024480608075,0.4635451131499361,0.9715828751293469,-0.0798380253534689,0.45094609840339983,-0.15740728357104192,0.0,-8.645993596382226,5.443769463116597,0.0,0.0,0.0,0.0,36.030651553913614,-0.07509948861938186,-63.31898179145678,0.0,-6.099999999999999,-5.200962847750313,0.0,0.7559406852269622,0.0,-1.8071388591815034,-1.8147663111679202,-12.080943257795491,0.0,0.17994360953111213,Uranium,Energy,NXE
2018Q1,2018,Q1,2018-03-31,2018-03-31,30242199.0,0.0,30035924.0,-0.01,0.0,0.0,331094068.0,170238316.0,158399358.0,10508072.0,147099026.0,0.0,-57965176.0,750997122.707988,729488275.707988,0.4968615835064092,15.074064776107358,0.4112013568301079,0.7997396426313333,0.09800390584846735,0.4968615835064092,0.17764625326768388,0.0,6.2081887853789,4.411445909204059,0.0,0.0,0.0,0.0,15.057179090512513,0.09134020184257725,-70.51605581700422,0.0,0.8936170212765958,8.080325375642458,0.0,0.708760346716825,0.0,1.9391985517021333,2.026920103731638,27.188362328746933,0.0,0.779045323920849,Uranium,Energy,NXE
2017Q4,2017,Q4,2017-12-31,2017-12-31,-32200006.0,0.0,-29248550.0,-0.094,0.0,0.0,323079350.0,136322853.0,165650794.0,3014430.0,174738645.0,0.0,-88038390.0,1168213086.7041025,1174639202.7041025,0.3978751094418218,54.952609282683625,0.530426862626782,1.2570890516793982,-0.09503194730657516,0.3978751094418218,-0.23620402075945404,0.0,-9.06997569118545,8.569458905794045,0.0,0.0,0.0,0.0,54.89990445954957,-0.09966593655707182,-77.22261656697441,0.0,-14.161290322580646,-11.097803066950476,0.0,7.996815656428713,0.0,-14.698199728840464,-21.550174772970788,0.1769809613563014,0.0,0.0432372484059405,Uranium,Energy,NXE
2017Q3,2017,Q3,2017-09-30,2017-09-30,-2051191.0,210308.0,1423275.0,-0.0062,0.0,0.0,328444240.0,160314320.0,181865361.0,7703149.0,155968913.0,0.0,-55981539.0,925753612.7474929,892958806.7474929,0.48185470233873967,23.609222799662838,0.450399443753375,0.9227566383339929,0.00441114028062045,0.48185470233873967,-0.012794808348998392,4401.8944250693885,-112.83122984981564,5.774615846840711,0.0,0.0,0.0,0.0006403156895063832,23.569892260944194,-0.006245172696589229,-73.65427718225995,0.0,-1.6199999999999999,0.09596910926996761,0.0,1.580123215081171,0.0,-1.6170123739919962,-0.7080036871003393,-0.2553240639635119,0.0,0.3875934826330635,Uranium,Energy,NXE
2017Q2,2017,Q2,2017-06-30,2017-06-30,3324392.0,0.0,4874291.0,0.01,0.0,0.0,191478953.0,97402789.0,60125270.0,1568459.0,84691934.0,0.0,-54788965.0,880257568.575381,916651455.575381,0.3148486297842187,38.33397621487077,0.4318833830264363,0.849016530727883,0.02804510559526958,0.3148486297842187,0.034130357396644974,0.0,66.19688416523842,9.037293260415582,0.0,0.0,0.0,0.0,38.089761989315626,0.017361657497678085,-92.17629889716952,0.0,1.1191895113230035,3.1437524506305503,0.0,0.3150576117927286,0.0,1.1293207245712458,1.1909543724647855,3.0299877722712787,0.0,-0.024324959210436578,Uranium,Energy,NXE
2017Q1,2017,Q1,2017-03-31,2017-03-31,-25706568.0,0.0,-25525946.0,-0.0839,0.0,0.0,192575943.0,87379054.0,67890611.0,4890669.0,96417573.0,0.0,-58220798.0,959954773.609925,997391487.609925,0.2851911343410548,13.881661384158281,0.4723941504988502,1.0411162038902366,-0.14413485988061406,0.2851911343410548,-0.29419599804777014,0.0,-9.335695585753854,10.986097121284068,0.0,0.0,0.0,0.0,13.84657640907614,-0.13348795077690467,-81.91730106725565,0.0,-0.5800376647834276,-1.0671874189405177,0.0,0.0,0.0,-0.5942838749929454,-1.0633828313995377,-31.152503960386905,0.0,-0.19769704744303418,Uranium,Energy,NXE
2016Q4,2016,Q4,2016-12-31,2016-12-31,-16124210.0,0.0,-12370921.0,-0.0531,0.0,0.0,192496385.0,109997564.0,79425435.0,2428124.0,73490119.0,0.0,-32743616.0,700399016.3674248,740120504.3674248,0.3623438252410234,32.71061733255797,0.36786041982035145,0.6437579017658973,-0.0724903798802058,0.3623438252410234,-0.14658697350788605,0.0,-10.859431506526906,6.367404794231851,0.0,0.0,0.0,0.0,32.680728002359025,-0.08376370288719967,-57.77545512814182,0.0,-3.655,-5.837363930605264,0.0,7.193376571135784,0.0,-3.1555508320499657,-2.545529186901035,-4.024682054709792,0.0,-0.07410486794140714,Uranium,Energy,NXE
2016Q3,2016,Q3,2016-09-30,2016-09-30,7480320.0,0.0,8004327.0,0.02,0.0,0.0,194433790.0,117992048.0,90180356.0,5475319.0,69099657.0,0.0,-18104475.0,606505705.6823895,580739222.6823895,0.3886785167382656,16.470338257917028,0.32659296514253,0.5381778609351708,0.049723686735226105,0.3886785167382656,0.06339681467347698,0.0,20.270045455354502,5.140225260624255,0.0,0.0,0.0,0.0,16.43862686356722,0.0384723252064366,-35.06894991902644,0.0,1.8968609865470853,4.61319464832813,0.0,1.0812051005672825,0.0,2.110334965416327,1.933605666628915,5.6935460704627365,0.0,0.05859597930926723,Uranium,Energy,NXE
2016Q2,2016,Q2,2016-06-30,2016-06-30,-6736994.0,0.0,-8573563.0,-0.0223,0.0,0.0,192889905.0,108033716.0,102330908.0,8236779.0,82428068.0,0.0,-26213554.0,803533942.550948,776154804.550948,0.3574765996878337,12.423655897529848,0.3839373294315221,0.6855048381377532,-0.04052964133387577,0.3574765996878337,-0.06236010617278036,0.0,-29.81797009730705,7.43780712449943,0.0,0.0,0.0,0.0,12.406958229667204,-0.03492662822349361,-65.81662718662702,0.0,-3.2884615384615388,-7.287192462198588,0.0,0.0,0.0,-3.4627380581739655,-4.1140996244458545,-0.9474402219784719,0.0,0.3919794574803814,Uranium,Energy,NXE
2016Q1,2016,Q1,2016-03-31,2016-03-31,-1509610.0,0.0,-1676456.0,-0.0052,0.0,0.0,111479694.0,108654796.0,34270918.0,2681220.0,2824898.0,0.0,-18991974.0,508034655.3279892,474713251.3279892,0.37424137921627937,12.781837372539366,0.0,0.0,-0.014621207831427042,0.37424137921627937,-0.013893634294799099,0.0,-84.13342772768947,4.675676307265712,0.0,0.0,0.0,0.0,12.744540917940341,-0.013541569283460717,-48.703151849902255,0.0,0.18750000000000008,0.8718924457035989,0.0,0.0,0.0,0.062158896416335076,0.09339444947075884,0.5829103500111196,0.0,0.28705629522098747,Uranium,Energy,NXE
2015Q4,2015,Q4,2015-12-31,2015-12-31,-1609665.0,0.0,-1849157.0,-0.0064,0.0,0.0,101155424.0,100155637.0,34813980.0,999787.0,999787.0,0.0,-17398941.0,178593584.578944,144289602.578944,0.3951958139301071,34.82139695755196,0.0,0.0,-0.017184451409319536,0.3951958139301071,-0.016071636586965143,0.0,-27.737694579142868,1.783160588144869,0.0,0.0,0.0,0.0,34.61765556063442,-0.015912789807494655,-28.916751023002274,0.0,-1.4615384615384617,0.18239245091001446,0.0,7.936230997484326,0.0,-1.4712750441390958,-0.7047069517375656,0.18239245091001446,0.0,7.936230997484326,Uranium,Energy,NXE
2015Q3,2015,Q3,2015-09-30,2015-09-30,-651350.0,0.0,-1084736.0,-0.0026,0.0,0.0,83618599.0,81140552.0,21508448.0,2478047.0,2478047.0,0.0,-15669530.0,156647538.86500883,135897640.86500883,0.3201657685066511,8.67959647254471,0.0,0.0,-0.010031347472057691,0.3201657685066511,-0.008027428751039309,0.0,-60.12418011246213,1.9305702882697768,0.0,0.0,0.0,0.0,8.54915786504453,-0.007789534957408219,-19.178918659906802,0.0,0.5185185185185186,0.6231359250793994,0.0,0.7143490101661324,0.0,0.4262290027651296,0.18876347186044234,0.6231359250793994,0.0,0.7143490101661324,Uranium,Energy,NXE
2015Q2,2015,Q2,2015-06-30,2015-06-30,-1135209.0,0.0,-1337139.0,-0.0054,0.0,0.0,82703366.0,79951904.0,29070860.0,2751462.0,2751462.0,0.0,-14801487.0,167128634.5701929,139921662.5701929,0.3821759741404909,10.565604758488396,0.016379792812785877,0.01694348642403813,-0.01510244097035907,0.3821759741404909,-0.014198648727615042,0.0,-36.80569713819061,2.0903646593606187,0.0,0.0,0.0,0.0,10.460624569774179,-0.01372627324503334,-34.59120850209983,0.0,-0.5882352941176472,-1.0172668743225348,0.0,0.0,0.0,-0.7201621958260032,-0.3821486714869733,-0.08253609614178152,0.0,0.5962700049931895,Uranium,Energy,NXE
2015Q1,2015,Q1,2015-03-31,2015-03-31,-659943.0,0.0,-967435.0,-0.0034,0.0,0.0,57632692.0,54685439.0,8269191.0,2874235.0,2947253.0,0.0,-13565313.0,102693311.60167873,96249993.60167873,0.2792855116312455,2.8770058815650077,0.023505131427836133,0.02477193243342163,-0.014001380309396802,0.2792855116312455,-0.012067983947244164,0.0,-38.9023414149702,1.8778913268242892,0.0,0.0,0.0,0.0,2.8218792130775667,-0.011450844600491679,-16.666127581864696,0.0,0.9690909090909091,0.9169594528126004,0.0,0.0,0.0,0.9599664101302952,-1.2405456115067846,0.9169594528126004,0.0,0.0,Uranium,Energy,NXE
2014Q4,2014,Q4,2014-12-31,2014-12-31,-16484732.0,0.0,4021836.0,-0.11,0.0,0.0,57004236.0,55058123.0,14090031.0,1733969.0,1946113.0,0.0,-12751624.0,50455512.688812,37969719.688812,0.3813850684969045,8.125884026761724,0.02376426902730527,0.024604253218003816,0.18859914386019783,0.3813850684969045,-0.299405993190142,0.0,-0.7651855166467371,0.9164045183453131,0.0,0.0,0.0,0.0,8.034505807197245,-0.28918433359934864,-19.24197300347233,0.0,-21.448979591836736,-13.699299164314786,0.0,7.623940211275803,0.0,-22.25038469187274,6.391555209390429,-13.699299164314786,0.0,7.623940211275803,Uranium,Energy,NXE
2014Q3,2014,Q3,2014-09-30,2014-09-30,-709009.0,0.0,-745951.0,-0.0049,0.0,0.0,51902835.0,50131600.0,6078696.0,416571.0,1771235.0,0.0,-6520176.0,55990268.902568,51561247.902568,0.34725927180371585,14.592220773889686,0.026100000125234005,0.02702215768098365,-0.014120484914764801,0.34725927180371585,-0.014142955740491028,0.0,-19.742439412817042,1.1168657872991885,0.0,0.0,0.0,0.0,14.571943318185856,-0.013660313545493227,-9.600407694309672,0.0,0.07547169811320759,0.2798426185859291,0.0,0.8594229847384354,0.0,0.14427425360299415,0.16891516250112806,0.2798426185859291,0.0,0.8594229847384354,Uranium,Energy,NXE
2014Q2,2014,Q2,2014-06-30,2014-06-30,-828547.0,0.0,-897563.0,-0.0053,0.0,0.0,52687299.0,50508508.0,11950217.0,824127.0,2178791.0,0.0,-5792696.0,54948279.74497291,43429188.74497291,0.32269825159146015,14.500455633658405,0.0,0.0,-0.017060002005332742,0.32269825159146015,-0.016404107601040205,0.0,-16.579711152467183,1.087901462956952,0.0,0.0,0.0,0.0,14.317295756600622,-0.015725744453136608,-15.435534399417534,0.0,-1.0384615384615385,-0.9678961792241084,0.0,0.0,0.0,-1.2293744114085834,-0.22788323684239326,-0.9678961792241084,0.0,0.0,Uranium,Energy,NXE
2014Q1,2014,Q1,2014-03-31,2014-03-31,-371650.0,0.0,-730984.0,-0.0026,0.0,0.0,52849808.0,50626020.0,15372284.0,869124.0,2223788.0,0.0,-4929641.0,59407365.517730996,44328418.517730996,0.3554656422890397,17.687101035065194,0.0,0.0,-0.009733450791558795,0.3554656422890397,-0.007341086658599669,0.0,-39.9619033483997,1.173455182092746,0.0,0.0,0.0,0.0,17.52492969932944,-0.0070321920564025515,-20.25226472282587,0.0,0.7547169811320755,0.9357067984040257,0.0,0.0,1.0,0.6322041328914307,-1.7972558963871847,0.9357067984040257,0.0,0.0,Uranium,Energy,NXE
2013Q4,2013,Q4,2013-12-31,2013-12-31,-1010479.0,0.0,916875.0,-0.0106,-7879.0,0.0,39120694.0,37409224.0,7912391.0,251326.0,1711470.0,0.0,-4378324.0,28461780.8611444,20899147.8611444,0.3913443463466588,31.482580393592386,0.0,0.0,0.0262576498627728,0.3913443463466588,-0.027011493208199133,0.0,-7.041655705151815,0.7608225410167396,0.0,0.0,0.0,0.0,30.971503147306684,-0.025829782058569818,-12.693668174177093,0.0,-1.0384615384615385,-0.3607555375959337,0.0,7.849140996042397,0.0,-1.013495983883727,2.143818980003518,-0.3607555375959337,0.0,7.849140996042397,Uranium,Energy,NXE
2013Q3,2013,Q3,2013-09-30,2013-09-30,-501853.0,0.0,-801591.0,-0.0052,0.0,0.0,37678125.0,35097803.0,7169376.0,1225658.0,2580322.0,0.0,-3435126.0,31641883.2746848,24729553.2746848,0.3671641724842729,5.849409868005594,0.0,0.0,-0.017586808857421872,0.3671641724842729,-0.014298701260588876,0.0,-15.76252571703507,0.9015345853609356,0.0,0.0,0.0,0.0,5.793000168072986,-0.013319479140748113,-11.14513036267942,0.0,0.543859649122807,0.23017807983891675,0.0,0.966005106051193,0.0,0.47417847754178727,0.18198405789854488,0.23017807983891675,0.0,0.966005106051193,Uranium,Energy,NXE
2013Q2,2013,Q2,2013-06-30,2013-06-30,-954417.0,0.0,-979921.0,-0.0114,0.0,0.0,23963218.0,21412266.0,5193012.0,1015288.0,2550952.0,0.0,-2783404.0,34439721.64117344,29356767.641173437,0.2568116919878266,5.114816682557067,0.0,0.0,-0.045161071065772926,0.2568116919878266,-0.04457337677385476,0.0,-9.02114108434087,1.6084108819297052,0.0,0.0,0.0,0.0,5.106493920936719,-0.03982841536558237,-35.17383474616055,0.0,0.08800000000000002,-3.2554284176072636,0.0,0.0,0.0,-0.18183078970993405,-0.20106756549716562,-3.2554284176072636,0.0,0.0,Uranium,Energy,NXE
2013Q1,2013,Q1,2013-03-31,2013-03-31,-807575.0,0.0,-815875.0,-0.0125,0.0,0.0,20553381.0,18836442.0,4329534.0,181275.0,1716939.0,0.0,-1816235.0,964042023.2435824,959911193.2435824,0.290773123604529,23.883789822093505,0.0,0.0,-0.04309220302002978,0.290773123604529,-0.04287301179277912,0.0,-298.4373040409815,51.17962422221682,0.0,0.0,0.0,0.0,23.169124258722935,-0.03929158905778081,-403.84779089119223,0.0,-0.6025641025641028,0.6928536723464214,0.0,0.0,0.0,-3.5582956097671112,-3.5983959509880177,0.6928536723464214,0.0,0.0,Uranium,Energy,NXE
2012Q4,2012,Q4,2013-01-31,2013-01-31,-177166.0,0.0,-177426.0,-0.0078,0.0,0.0,1066163.0,1008581.0,1066163.0,57582.0,57582.0,0.0,-256731.0,347227621.21203595,346170798.21203595,0.04422399264761176,18.51556041818624,0.0,0.0,-0.1756586729276082,0.04422399264761176,-0.1756586729276082,0.0,-489.9749686904316,344.2734110716303,0.0,0.0,0.0,0.0,18.51556041818624,-0.16617158914725047,-431.7124531576234,0.0,-0.14705882352941177,0.0,0.0,0.0,0.0,-3.39989072666766,-3.3902113129113673,0.0,0.0,0.0,Uranium,Energy,NXE
2012Q3,2012,Q3,2012-10-31,2012-10-31,-40266.0,0.0,-40414.0,-0.0068,0.0,0.0,1120175.0,1102675.0,1120175.0,17500.0,17500.0,0.0,-79305.0,87946919.49520099,86829569.49520099,0.186756469428372,64.01,0.0,0.0,-0.036516652685514774,0.186756469428372,-0.036516652685514774,0.0,-546.0371001291473,79.75778855528691,0.0,0.0,0.0,0.0,64.01,-0.035946169125359875,-354.23473150604775,0.0,-0.3599999999999999,0.0,0.0,0.0,0.0,-1.1582247949831161,-1.1648810799228626,0.0,0.0,0.0,Uranium,Energy,NXE
2012Q2,2012,Q2,2012-07-31,2012-07-31,-18657.0,0.0,-18668.0,-0.005,0.0,0.0,901109.0,891109.0,901109.0,10000.0,10000.0,0.0,-38891.0,55766061.0237822,54883377.0237822,0.23941812659827652,90.1109,0.0,0.0,-0.020783196415315033,0.23941812659827652,-0.020936832643369107,0.0,-747.2538594600178,62.580515990504196,0.0,0.0,0.0,0.0,88.5509,-0.020704487470439202,-60.78561558779079,0.0,0.8768472906403941,-0.8634638433879346,0.0,0.0,0.0,0.8764976897514993,0.8764248738961778,-0.8634638433879346,0.0,0.0,Uranium,Energy,NXE
2012Q1,2012,Q1,2012-03-31,2012-03-31,-151066.0,0.0,-151066.0,-0.0406,0.0,0.0,,,,,,,,54900343.8288942,,,0.0,0.0,0.0,0.0,,0.0,0.0,-90.85489757604988,0.0,0.0,0.0,0.0,0.0,0.0,0.0,-5968.726226233333,0.0,0.0,0.0,0.0,0.0,0.0,0.0,0.0,0.0,0.0,0.0,Uranium,Energy,NXE
2011Q2,2011,Q2,2011-07-31,2011-07-31,-10012.0,0.0,-10000.0,-0.0027,0.0,0.0,,,,,,,,53047376.063682,,,0.0,0.0,0.0,0.0,,0.0,0.0,-1324.5948877267779,0.0,,0.0,,0.0,0.0,0.0,0.0,0.0,0.0,0.0,0.0,0.0,0.0,0.0,0.0,0.0,0.0,0.0,Uranium,Energy,NXE
