Quarters,Year,Quarter,FillingDate,Date,NetIncome,Revenue,OperatingIncome,EPSDiluted,GrossProfit,GrossProfitRatio,TotalAssets,CommonStockEquity,CurrentAssets,CurrentLiability,TotalLiability,Inventory,RetainedEarnings,MarketCap,EnterpriseValue,bookValuePerShare,currentRatio,debtToAssets,debtToEquity,roic,shareholdersEquityPerShare,roe,priceToSalesRatio,peRatio,pbRatio,payoutRatio,inventoryTurnover,dividendYield,assetTurnover,quickRatio,returnOnAssets,priceToFreeCashFlowsRatio,grossProfitMargin,epsdilutedGrowth,fiveYNetIncomeGrowthPerShare,fiveYRevenueGrowthPerShare,fiveYShareholdersEquityGrowthPerShare,grossProfitGrowth,netIncomeGrowth,operatingIncomeGrowth,threeYNetIncomeGrowthPerShare,threeYRevenueGrowthPerShare,threeYShareholdersEquityGrowthPerShare,Industry,Sector,Symbol
2023Q2,2023,Q2,2023-04-28,2023-03-31,9127000.0,479580000.0,23051000.0,0.29,149623000.0,0.3119875725,1897273000.0,512391000.0,618239000.0,394441000.0,1384882000.0,254557000.0,703102000.0,1098321538.0800002,1834432538.0800002,16.822778047583164,1.5673801658549695,0.41007646237520906,1.5184244063615482,0.01229119751371674,16.822778047583164,0.017812568917096514,2.2901737730514204,30.084407200613565,2.1435223063636952,0.7804316862057631,1.2962008508899774,0.006485350376040037,0.2527733225529484,0.6542321918867461,0.0048105886712138946,15.789329337991118,0.31198757245923514,1.4166666666666665,-0.4704038897008841,0.22195475668747294,-0.3651879832611761,0.07696681782192472,1.4647583040777747,0.337996285117251,1.1080810549284406,0.308626631687933,-0.11203558404564361,Conglomerates,Industrials,MATW
2023Q1,2023,Q1,2023-01-27,2022-12-31,3703000.0,449240000.0,17228000.0,0.12,138930000.0,0.3092556317,1902942000.0,505245000.0,633244000.0,366744000.0,1398025000.0,245565000.0,701658000.0,934873280.0,1806283280.0,16.451061474342275,1.726664921580176,0.480376175416802,1.8092766875476254,0.008467002524630944,16.451061474342275,0.007329117556828866,2.0810107737512245,63.11593842830138,1.8503365298023733,1.8911693221712125,1.2636572801498585,0.007490854803337624,0.23607655934862964,0.7207507143947822,0.0019459342428723523,-19.22737197153552,0.3092556317335945,1.0456273764258555,-0.8893276958211489,0.27849525547829634,-0.3600294190914095,-0.04355728123257399,1.0457403312869795,-0.8124598587026333,1.3586969642380615,0.24797794466342585,-0.28302644093793417,Conglomerates,Industrials,MATW
2022Q4,2022,Q4,2022-11-18,2022-09-30,-80957000.0,457127000.0,91863000.0,-2.63,145257000.0,0.3177607098,1882771000.0,487076000.0,628616000.0,411375000.0,1395695000.0,225440000.0,706749000.0,678979345.32,1408531345.3200002,16.076149054071198,1.5280850805226376,0.42414505003529374,1.6395141620609515,0.06585638443862529,16.076149054071198,-0.1662102012827567,1.4853188398847585,-2.0967283413417,1.3939905585986583,-0.08489692058747236,1.3833836053938964,0.010122546506566832,0.2427947955433773,0.705028258887876,-0.04299885647272026,31.190194557398137,0.31776070982462207,-30.22222222222222,-5.115048867030539,0.2246685891117334,-0.3455479717406796,0.20181193894013982,-28.983753888696853,7.379366961598103,-0.17759873024788486,0.2053250366818805,-0.2982054161876296,Conglomerates,Industrials,MATW
2022Q3,2022,Q3,2022-07-29,2022-06-30,2893000.0,421719000.0,10963000.0,0.09,120865000.0,0.2866007934,1904689000.0,590872000.0,598629000.0,309791000.0,1314086000.0,211161000.0,794581000.0,895765480.0,1702489480.0,18.911535014722826,1.9323640777169124,0.44761638251704083,1.4429013390378966,0.005296622875405648,18.911535014722826,0.004896153481633924,2.1240813906890605,77.40800898721051,1.5160059708363234,2.371240926374006,1.4247612011687765,0.0076582544797327975,0.22141094950409226,0.817806198372451,0.0015188831352520018,-1045.2339323220538,0.28660079341931477,2.472995090016367,-0.8989210362069016,0.1150241124528284,-0.2006363482444635,-0.029344919249271195,2.4943181818181817,0.4883247352701602,-0.8015901866747861,0.11551791684690119,-0.29996399788093125,Conglomerates,Industrials,MATW
2022Q2,2022,Q2,2022-04-29,2022-03-31,-1936000.0,444978000.0,7366000.0,-0.0611,124519000.0,0.2798318119,1952793000.0,629190000.0,612292000.0,338559000.0,1323778000.0,201566000.0,798548000.0,1025553120.0,1806000120.0,19.853275274517227,1.8085237728136012,0.42719530436661746,1.3258697690681671,-0.006884484921765532,19.853275274517227,-0.003076971979847105,2.304727694402869,-132.43196280991737,1.6299577552090785,-3.6818181818181817,1.5898465018901997,0.006950395704515043,0.22786746982399056,0.818350715827965,-0.0009914005222263701,12.14779290003909,0.2798318119098023,0.9014516129032257,-1.1319162649617853,0.18760260362882453,-0.09108350310115146,-0.05407294301754066,0.9022715800100959,1.369704878538446,-1.1249258333421954,0.1310049169603886,-0.2598347544722289,Conglomerates,Industrials,MATW
2022Q1,2022,Q1,2022-01-28,2021-12-31,-19810000.0,438579000.0,-19924000.0,-0.62,131637000.0,0.3001443298,2053315000.0,644820000.0,686752000.0,341130000.0,1408643000.0,192744000.0,807581000.0,1163135730.0,2009607730.0,20.329140262933887,2.0131680004690296,0.44681697645027674,1.4228094662076238,-0.009082758810369894,20.329140262933887,-0.030721751806705746,2.652055228362507,-14.678643740535085,1.803814599423095,-0.34447248864209995,1.592485369194372,0.005866899127928947,0.21359557593452538,1.1285463019963065,-0.009647813413918469,-29.227453261634334,0.3001443297558707,-4.166666666666667,-3.216430627487734,0.2777999901169006,-0.046682255605928584,-0.04655778075544128,-4.389009793253536,-3.6862612916273427,-7.373321639591805,0.16786679458357337,-0.23697337958361633,Conglomerates,Industrials,MATW
2021Q4,2021,Q4,2021-11-19,2021-09-30,-3676000.0,438839000.0,7417000.0,-0.12,138065000.0,0.3146142434924881,2032078000.0,636548000.0,624165000.0,354225000.0,1395675000.0,189088000.0,834208000.0,1091698219.97,1888655219.97,20.227064326079795,1.762058013974169,0.4163880520334357,1.329252467999271,-0.21728233395352642,20.227064326079795,-0.005774898358018562,2.487696444413555,-74.2449823156964,1.7150289058641295,-1.8628944504896627,1.590656202403114,0.006272795791668675,0.21595578516179004,1.01346319429741,-0.0018089856786993412,23.662610975593896,0.3146142434924881,-2.1999999999999997,-1.157333353530746,0.18888532026108262,-0.08259624781300895,0.005879438721240292,-2.095678092399404,-0.20006471095772219,-1.126596769519165,0.09774825419797242,-0.2528611590621262,Conglomerates,Industrials,MATW
2021Q3,2021,Q3,2021-07-30,2021-06-30,3355000.0,428380000.0,9272000.0,0.1,137258000.0,0.32041178393015546,2075051000.0,625748000.0,620731000.0,329465000.0,1448739000.0,194700000.0,844732000.0,1136791649.16,1968783649.16,19.794214794441128,1.8840574871382392,0.4232291158145029,1.403475520497069,0.01885906966934316,19.794214794441128,0.005361583257157834,2.653699167001261,84.70876670342771,1.8166924211663482,2.0497764530551414,1.4952336928608114,0.006049481455182719,0.20644311874744284,1.0407478791373894,0.0016168277309810699,189.49685766961161,0.32041178393015546,-0.375,-0.8555873662815606,0.1541959009920782,-0.07197864031801698,-0.02661494493337399,-0.32752054519943874,-0.38071065989847713,-0.8604716222494697,0.056673032051735635,-0.23705310313693545,Conglomerates,Industrials,MATW
2021Q2,2021,Q2,2021-04-30,2021-03-31,4989000.0,417154000.0,14972000.0,0.16,141011000.0,0.33803103889690617,2063760000.0,619046000.0,599615000.0,324270000.0,1444161000.0,186522000.0,848254000.0,1252350750.0,2068295750.0,19.549849992104846,1.8491226447096556,0.4181324378803737,1.3939594149707777,0.008061663138589711,19.549849992104846,0.008059174923995955,3.002130508157659,62.75559981960313,2.0230334256258824,1.4373621968330326,1.4804848757787286,0.005726031624926164,0.2021329999612358,1.0475313781725106,0.002417432259565066,25.783388577781437,0.33803103889690617,3.666666666666667,-0.6377643036652126,0.1843050136120121,-0.13104178787782456,0.12361153165787503,3.8378839590443685,0.4433625759182493,-0.7215453173947655,0.022385686486587134,-0.26228119604701655,Conglomerates,Industrials,MATW
2021Q1,2021,Q1,2021-01-29,2020-12-31,-1758000.0,386657000.0,10373000.0,-0.06,125498000.0,0.3245719074011333,2087454000.0,621464000.0,590962000.0,332127000.0,1465601000.0,178160000.0,850436000.0,932715000.0,1716171000.0,19.589093774625688,1.779325378544954,0.3950415194777945,1.3269167642856223,-0.006850733511709591,19.589093774625688,-0.0028288042428845435,2.4122542718740383,-132.6386518771331,1.5008351248020804,-3.8725824800910127,1.4658677593174674,0.007299121382201423,0.18522899187239575,1.236274075880612,-0.0008421742467139395,33.561764600050374,0.3245719074011333,-1.2578848286355313,-1.395678400919803,0.13354600105274875,-0.10126530460364505,-0.07942050247570145,-1.237375101269241,-0.4964807533614873,-1.050864008015515,0.06525369052339083,-0.2379553293887821,Conglomerates,Industrials,MATW
2020Q4,2020,Q4,2020-11-20,2020-09-30,7406000.0,399140000.0,20601000.0,0.232662,136325000.0,0.34154682567520167,2072633000.0,610807000.0,575573000.0,316868000.0,1461200000.0,175100000.0,859002000.0,711753927.56,1504953927.56,19.188716761733186,1.8164440713483216,0.40264436588629055,1.3662810020186409,0.00926275929974843,19.188716761733186,0.01212494290340484,1.7832187391892567,24.026260044558466,1.1652681248905137,0.8944099378881988,1.5009423186750428,0.009306587211549464,0.19257630270289047,1.0620163601247208,0.0035732326948379185,14.991868050383351,0.34154682567520167,2.323742857142857,-0.5484101928827175,0.12156215992947018,-0.13495599130830907,0.1270906881185254,2.263992948435434,2.9269919939001143,-0.6416883475232774,0.017802684573216727,-0.21883688922194755,Conglomerates,Industrials,MATW
2020Q3,2020,Q3,2020-07-31,2020-06-30,2269000.0,359422000.0,5246000.0,0.07,120953000.0,0.3365208584894636,2084616000.0,601107000.0,569668000.0,305032000.0,1482874000.0,182351000.0,858220000.0,594869500.0,1402614500.0,19.300272917001124,1.8675679928663222,0.4080602854434582,1.4151374048214378,-0.001447811240353544,19.300272917001124,0.0037747023408478027,1.6550725887675213,65.5431357426179,0.9896233116566602,2.9219920669898634,1.3077471469857582,0.011145301616573046,0.17241640666674343,1.0298657190065306,0.0010884498631882323,11.616502958464332,0.3365208584894636,1.0252707581227436,-0.8962163399095291,0.042953188165761526,-0.14923493682889247,-0.030545670225385527,1.0262725209578065,1.0616472966144517,-0.9204710703878888,-0.046668284262769665,-0.18420495074557988,Conglomerates,Industrials,MATW
2020Q2,2020,Q2,2020-05-08,2020-03-31,-86364000.0,374800000.0,-85097000.0,-2.77,124764000.0,0.3328815368196371,2191736000.0,590147000.0,625937000.0,322302000.0,1600534000.0,186919000.0,862581000.0,753518500.0,1647010500.0,18.9453290529695,1.9420822706654008,0.4406689491800107,1.6365922388828547,-0.04849341022929625,18.9453290529695,-0.14634319923680034,2.010454909284952,-2.181228579037562,1.2768318740923872,-0.07697651799360845,1.3376703277890423,0.008822610194706567,0.17100599707264014,1.1384508938821354,-0.03940438081958776,14.69477163695932,0.3328815368196371,-7.147058823529412,-10.54573794035651,0.13538992359998214,-0.13853513441845478,0.0780889507202295,-7.251863175998471,-16.215658506979565,-6.987111391270296,0.017709385808142415,-0.13265081568060047,Conglomerates,Industrials,MATW
2020Q1,2020,Q1,2020-01-31,2019-12-31,-10466000.0,364944000.0,-4943000.0,-0.34,115727000.0,0.31710892630102155,2284579000.0,714420000.0,594348000.0,283276000.0,1568874000.0,185608000.0,955593000.0,1188461120.0,2116004120.0,22.945143884892087,2.098123384967311,0.42324078090536593,1.3534433526497018,-0.001929482147309566,22.945143884892087,-0.014649645866577084,3.256557499232759,-28.38861838333652,1.6635328238291203,-0.6244028282056182,1.3427061333563208,0.0054987074377325865,0.1597423420245043,1.2436175320182437,-0.0045811504001393695,-272.2705887743414,0.31710892630102155,0.8508771929824561,-1.7401066462537471,0.12299316187093436,-0.007984923324245947,-0.18842744537013661,0.8528630273720319,0.9173660102310341,-2.1929083155421396,0.0831732936262744,0.07599300955316952,Conglomerates,Industrials,MATW
2019Q4,2019,Q4,2019-11-22,2019-09-30,-71131000.0,392405000.0,-59818000.0,-2.28,142596000.0,0.36338986506288146,2190603000.0,718106000.0,583716000.0,279879000.0,1471367000.0,180274000.0,972594000.0,1109422848.76,2014817848.76,22.907200233351,2.085601277695004,0.4294237705325885,1.3099695588116518,-0.03432160259642565,22.907200233351,-0.09905362161018011,2.827239328652795,-3.89922413842066,1.5449290895216026,-0.08949684385148529,1.3857184064257742,0.005738118704797965,0.17913104291375478,1.2650395349418857,-0.03247096803939372,30.86531406521255,0.36338986506288146,-5.956521739130434,-15.447282435367217,0.17649065505678505,-0.032929243789996704,0.03949612911691379,-5.862328252101989,-3.014684584554242,-4.056229548024636,0.06721283415471001,0.038962011856510846,Conglomerates,Industrials,MATW
2019Q3,2019,Q3,2019-08-02,2019-06-30,14629000.0,379294000.0,29691000.0,0.46,137178000.0,0.36166667545492415,2345293000.0,846842000.0,614445000.0,314047000.0,1496868000.0,188658000.0,1050091000.0,1080844560.0,2026841560.0,27.015089163237313,1.956538352539588,0.4176876833726106,1.1567683227804006,0.012734447289311328,27.015089163237313,0.017274769083252837,2.849622087351764,18.470923508100345,1.2763237534274396,0.43707703875863013,1.2833593062578847,0.005915744258360333,0.16172563513386173,1.1218702933000475,0.006237600163391099,34.49650708540789,0.36166667545492415,-0.04166666666666659,-0.20462160628076903,0.41882026892462826,0.5133768546538873,0.006581988685143197,-0.051112408380359346,0.2236646884272997,-0.36497253124253387,0.030603282795546794,0.266560964279227,Conglomerates,Industrials,MATW
2019Q2,2019,Q2,2019-05-03,2019-03-31,15417000.0,391400000.0,24264000.0,0.48,136281000.0,0.34818855390904446,2335897000.0,845668000.0,617804000.0,307567000.0,1488436000.0,187653000.0,1041856000.0,1174418000.0,2112386000.0,26.822760720629283,2.008681035351647,0.4176973556625142,1.1537601044381482,0.013468127208536237,26.822760720629283,0.01823055856435386,3.000556974961676,19.044204449633522,1.388745938122289,0.4181098787053253,1.3595252940267408,0.005488676093179771,0.16755875794180994,1.1570714673550804,0.006600034162465212,44.840517735099844,0.34818855390904446,3.8,0.1798811216854902,0.375288560586891,0.2911750754439154,0.078078648218905,3.9780432676783986,0.5009278733143635,0.1242442742398381,0.11601760953957921,0.19222695874350704,Conglomerates,Industrials,MATW
2019Q1,2019,Q1,2019-02-01,2018-12-31,3097000.0,374177000.0,16166000.0,0.1,126411000.0,0.33783744056957,2352777000.0,842018000.0,614546000.0,300708000.0,1508762000.0,188319000.0,1032885000.0,1283754480.0,2226925480.0,26.642766738387547,2.043663620522234,0.4178071274923208,1.1674417886553494,0.007364768786836583,26.642766738387547,0.0036780686398628056,3.430874906795447,103.6288731030029,1.5246164333779086,2.0710364869228286,1.3156718121910163,0.004996282466722141,0.15903632175935076,1.1741689612514465,0.0013163168460079303,-17829.923333333332,0.33783744056957,-0.8916208855223928,-0.6615633199319274,0.4072957781979413,0.30537774692107483,-0.150372351865792,-0.8953539449231289,-0.6576740640352363,-0.3002800504750843,0.1011587610142965,0.22235255620437244,Conglomerates,Industrials,MATW
2018Q4,2018,Q4,2018-11-20,2018-09-30,29595000.0,407444000.0,47224000.0,0.922687,148784000.0,0.3651642925162722,2375485000.0,868351000.0,616423000.0,304143000.0,1506771000.0,180451000.0,1040378000.0,1568136287.54,2487166287.54,27.07269816235095,2.0267538624923143,0.40438142105717356,1.106236994026609,0.019494044663834687,27.07269816235095,0.034081840177531894,3.848716112005576,13.246631927183646,1.8058783689314575,0.20642000337894914,1.4334085153310316,0.003895707310991087,0.17152034216170592,1.2265118710606524,0.012458508473006565,29.192008033433858,0.3651642925162722,0.21306904086392453,0.7400212142445141,0.3697976578133219,0.3426391942804594,-0.020519943910836662,0.21221430326861637,0.24618023485948015,0.7909071613090993,0.13621450119171868,0.22046073404780167,Conglomerates,Industrials,MATW
2018Q3,2018,Q3,2018-07-31,2018-06-30,24414000.0,411621000.0,37895000.0,0.760622,151901000.0,0.3690312204673717,2412941000.0,832749000.0,629941000.0,306622000.0,1579761000.0,184814000.0,1016892000.0,1887328413.6,2860032413.6,25.944420084578756,2.0544546705715834,0.42538089410391716,1.2325670760337148,0.0173157908253742,25.944420084578756,0.02931735733096047,4.585112065710933,19.32629243057262,2.266383284278936,0.26288195297779965,1.4053047929269427,0.003400574035632693,0.1705889203258596,1.2438735641930454,0.010117943207065569,116.21480379310344,0.3690312204673717,0.34427788244359525,0.15987803152300403,0.4036377354036843,0.4038984781623739,0.012902924662923596,0.34275657243427565,0.27202846497264277,0.08355662074212475,0.1589797982510046,0.14364217993783882,Conglomerates,Industrials,MATW
2018Q2,2018,Q2,2018-05-01,2018-03-31,18182000.0,414061000.0,29791000.0,0.565822,149966000.0,0.3621833497962861,2462989000.0,851559000.0,647396000.0,311051000.0,1610907000.0,182057000.0,990082000.0,1625970583.6000001,2607457583.6000004,26.500408946266745,2.081317854628341,0.4248163511895506,1.2287087565277333,0.01398523069877699,26.500408946266745,0.02135142720586595,3.9268865785476055,22.35687195578044,1.909404496458848,0.3321416785832142,1.4506171144202091,0.0037140893328028593,0.16811321528435572,1.3090200642338394,0.007382087374324449,42.31433361786291,0.3621833497962861,-0.48063422944463613,0.10075591442009935,0.38757421546252485,0.48212277139625725,0.1474150529078264,-0.4831722569641842,0.6620731979468869,0.9481136787078339,0.21592185245944637,0.20500262449510756,Conglomerates,Industrials,MATW
2018Q1,2018,Q1,2018-01-31,2017-12-31,35180000.0,369454000.0,17924000.0,1.089448,130699000.0,0.3537625793738869,2382375000.0,830086000.0,613377000.0,292671000.0,1551746000.0,179336000.0,977939000.0,1704994948.8,2670497948.8,25.705965188252996,2.095790153448753,0.4305136680833202,1.2355888426018509,0.03419409330818169,25.705965188252996,0.04238115086870517,4.614904558618935,12.116223342808413,2.0539979578019625,0.17256964184195567,1.331327786947406,0.0035607143612201653,0.1550780208825227,1.2992643616894055,0.014766776850831628,-425.1857727680798,0.3537625793738869,0.8157466666666667,2.6523595568236358,0.40345573646369975,0.4522294511282181,-0.14911721048931018,0.6852694610778444,-0.40105593798035155,1.3987393159775072,0.09618764091421521,0.11137699354501097,Conglomerates,Industrials,MATW
2017Q4,2017,Q4,2017-11-21,2017-09-30,20875000.0,396064000.0,29926000.0,0.6,153604000.0,0.38782620990546984,2244649000.0,789707000.0,595059000.0,285132000.0,1454390000.0,171445000.0,948830000.0,2001249042.75,2854864042.75,24.564289451176055,2.0869597239173436,0.40591201564253476,1.1537570263401489,0.014873870695164652,24.564289451176055,0.026433854581509344,5.052842577840955,23.967054404191618,2.534166523470097,0.26677844311377247,1.414214471113185,0.002782762105583523,0.17644807718266864,1.3224787116142698,0.00929989499471855,49.029792555797826,0.38782620990546984,-0.3406593406593407,0.3823357066736987,0.4790369423464852,0.4200222961989273,0.06599858425749858,-0.29201288790910634,-0.18648398847387593,3.1343619483425074,0.15790806963599852,0.03702790971042888,Conglomerates,Industrials,MATW
2017Q3,2017,Q3,2017-07-31,2017-06-30,29485000.0,389630000.0,36786000.0,0.91,144094000.0,0.36982265225983624,2235903000.0,761487000.0,614562000.0,288482000.0,1473901000.0,179873000.0,933524000.0,1971451973.75,2856657973.75,23.658237365671965,2.130330488557345,0.42128750665838366,1.236998136540742,0.016583902903528375,23.658237365671965,0.038720293320831475,5.059805389087082,16.715719634983888,2.5889502693414337,0.1826013227064609,1.3650520089174027,0.0027309820739679583,0.1742606901998879,1.261721701873947,0.013187065807416512,60.63953657992679,0.36982265225983624,0.9782608695652174,0.5680090230937913,0.48700901884115494,0.3797393633990362,0.04097614541041164,0.9762064343163539,0.37117936484270164,0.561263320266805,0.4194486137966089,0.3253270657288183,Conglomerates,Industrials,MATW
2017Q2,2017,Q2,2017-05-03,2017-03-31,14920000.0,380916000.0,26828000.0,0.46,138422000.0,0.36339245397935505,2173859000.0,703752000.0,584075000.0,278636000.0,1469536000.0,174796000.0,909423000.0,2179612373.4,3083360373.4,21.842793416397477,2.0961936002526596,0.43579229379642376,1.3461432436426468,0.011591726615765767,21.842793416397477,0.021200650229057965,5.722028933938192,36.5216550502681,3.0971313380281695,0.3632707774798928,1.387297192155427,0.0024866806897160735,0.17522571611130253,1.242341262435579,0.0068633706233936975,108.66007145919538,0.36339245397935505,0.6428571428571428,-0.14418319148756364,0.478106104519761,0.27460422286612496,0.08765037283820629,0.641725352112676,0.40733357813565546,0.11735753293184609,0.30974630698039013,0.05145293324084088,Conglomerates,Industrials,MATW
2017Q1,2017,Q1,2017-02-01,2016-12-31,9088000.0,348998000.0,19063000.0,0.28,127267000.0,0.3646639808824119,2107344000.0,687763000.0,612362000.0,239384000.0,1418967000.0,165569000.0,899923000.0,2478570887.85,3309984887.85,21.324621704020714,2.5580740567456473,0.44502511217912216,1.363581640768695,0.008288325100249825,21.324621704020714,0.013213854191051278,7.101963013684892,68.18251782157789,3.603815395492342,0.5929797535211268,1.3392060107870434,0.002174236785567432,0.1656103607194649,1.6403602579955219,0.004312537487946913,225.7967466384258,0.3646639808824119,-0.6216216216216216,-0.2913799929987093,0.4137863338841932,0.30627720757195354,-0.13323571477218552,-0.6191593680593387,-0.5194847751562816,-0.026829087290532638,0.28622164832280605,0.04481215886002695,Conglomerates,Industrials,MATW
2016Q4,2016,Q4,2016-11-22,2016-09-30,23863000.0,376995000.0,39672000.0,0.74,146830000.0,0.38947466146765874,2091041000.0,708665000.0,574184000.0,259348000.0,1381707000.0,162472000.0,896224000.0,1952928780.6,2769771780.6,22.048159578441517,2.213951910174746,0.41728210972429525,1.231264419718767,0.01773694060004136,22.048159578441517,0.03367317420784151,5.180251145505908,20.459799486652976,2.7557855694862874,0.21112182039140093,1.416644098675464,0.002579715169363304,0.1802905825375973,1.3519518176349923,0.011412019180876894,59.38841931030288,0.38947466146765874,0.013698630136986314,0.018061730793881434,0.3880168339899792,0.34666014443377446,0.01055080283832426,-0.0021743675517457662,-0.024538972215392182,0.40009133266916014,0.2647922905960606,0.09345300694605978,Conglomerates,Industrials,MATW
2016Q3,2016,Q3,2016-07-29,2016-06-30,23915000.0,382061000.0,40670000.0,0.73,145297000.0,0.3802979105430808,2126822000.0,694104000.0,599718000.0,265917000.0,1431429000.0,166723000.0,872466000.0,1810636880.0,2655576880.0,21.329481900313443,2.255282663387448,0.43229898881993883,1.3246185009739175,0.016941912353556673,21.329481900313443,0.03445449096965296,4.739130348295167,18.92783692243362,2.608595945276212,0.19774200292703326,1.420104004846362,0.00261178817919582,0.17963938684102385,1.352553616353975,0.011244476500619233,47.9473791806795,0.3802979105430808,0.6976744186046512,-0.017846600876230342,0.48257979688063507,0.2152628518399059,0.05471109175377468,0.6657379675419656,0.5384906374125212,0.12064918393783991,0.2850384761342371,0.1541760071037692,Conglomerates,Industrials,MATW
2016Q2,2016,Q2,2016-04-29,2016-03-31,14357000.0,367176000.0,26435000.0,0.43,137760000.0,0.3751879207791359,2143901000.0,742618000.0,578615000.0,230052000.0,1399747000.0,169304000.0,853280000.0,1698928502.57,2527769502.5699997,22.498032378749347,2.5151487489784916,0.4142789242600288,1.1960025208115075,0.01131973135217953,22.498032378749347,0.01933295449342731,4.627014027523585,29.583626498746256,2.2877556194032462,0.3295953193564115,1.355053631337712,0.0027852849562779235,0.17126537092897479,1.4480074070210214,0.006696671161588152,52.95251535251215,0.3751879207791359,2.071428571428571,-0.22608751098024674,0.4912471382434431,0.34756530740968755,0.08843537414965986,2.111616818378847,1.1959627845157004,-0.15383646096435866,0.19786372642301223,0.2582766616079779,Conglomerates,Industrials,MATW
2016Q1,2016,Q1,2016-01-29,2015-12-31,4614000.0,354232000.0,12038000.0,0.14,126567000.0,0.3572997357663904,2126200000.0,718101000.0,584568000.0,223456000.0,1406471000.0,171633000.0,843655000.0,1760963700.0,2609706700.0,21.796303041340376,2.6160317914936275,0.4298038754585646,1.2725911814633317,0.005513055773335339,21.796303041340376,0.0064252800093580155,4.971215756905079,95.41415799739922,2.4522507279616654,1.0650195058517555,1.3264640249835404,0.0027905174876688256,0.16660332988430063,1.4910183660317915,0.0021700686671056344,-425.45631795119596,0.3572997357663904,-0.7282644043831742,-0.6862356866859504,0.5351703627980577,0.3705606757500741,-0.10600110189724102,-0.7281724991162956,-0.6325172476952194,-0.5304933366542972,0.3189022777776172,0.23135750673212643,Conglomerates,Industrials,MATW
2015Q4,2015,Q4,2015-11-24,2015-09-30,16974000.0,368338000.0,32758000.0,0.5152067018757968,141574000.0,0.3843589311990617,2163018000.0,730820000.0,624654000.0,249083000.0,1428972000.0,171423000.0,843955000.0,1613365620.0,2444123620.0,22.18235901171614,2.5078146641882424,0.4174509874628875,1.2355354259598808,0.013607646135639433,22.18235901171614,0.023225965353985932,4.380122659079433,23.76230735242135,2.207610109192414,0.29062094968775776,1.3228329920722424,0.003057583438526476,0.17028892038808738,1.429880802784614,0.007847368815238709,64.17779625283424,0.3843589311990617,-0.2639904258917189,-0.22650133276191023,0.5418908681600014,0.4216098113025548,0.04532029888655897,-0.2664649956784788,0.1953293194672505,0.0968072873425037,0.3422062764652119,0.2823267060720144,Conglomerates,Industrials,MATW
2015Q3,2015,Q3,2015-08-10,2015-06-30,23140000.0,364752000.0,27405000.0,0.7,135436000.0,0.371309821467737,1930382000.0,747825000.0,548868000.0,249014000.0,1178860000.0,142911000.0,831914000.0,1751732254.64,2370343254.6400003,22.685784539696613,2.2041652276578825,0.35661283621583706,0.9205348844983786,0.013646537434653484,22.685784539696613,0.030943068231203824,4.802529539632408,18.925370080380294,2.342436070791963,0.18599827139152983,1.6046070631371974,0.002456996489389024,0.1889532745332271,1.3577308906326553,0.011987264696832025,52.833039408855115,0.371309821467737,1.4137931034482758,0.028679011275760346,0.5514171613418769,0.5667931191473894,0.06062101100278006,1.4164578111946533,0.4217898832684825,0.20155792462970887,0.3592296138829826,0.3230262861605063,Conglomerates,Industrials,MATW
2015Q2,2015,Q2,2015-05-01,2015-03-31,9576000.0,349394000.0,19275000.0,0.29,127695000.0,0.365475652129115,1921113000.0,725076000.0,540674000.0,228388000.0,1192405000.0,146558000.0,821957000.0,1698284700.0,2331834700.0,21.99199272065514,2.367348547209135,0.36261531726660534,0.9607613546717861,0.009259110790456087,21.99199272065514,0.01320689141552058,4.860657881932718,44.33700657894737,2.342216126309518,0.449874686716792,1.5127048676974304,0.00253667715430752,0.1818706135453771,1.4230038355780514,0.0049846104836102825,49.23420594886067,0.365475652129115,-0.3555555555555556,-0.45261095768495274,0.5840322202500419,0.4966245664186287,0.02426405711077244,-0.3595077252357702,-0.24662888411178424,-0.46322949623169385,0.3249038277708523,0.28331052977615345,Conglomerates,Industrials,MATW
2015Q1,2015,Q1,2015-01-30,2014-12-31,14951000.0,343584000.0,25585000.0,0.45,124670000.0,0.36285158796684364,1971472000.0,761411000.0,546266000.0,221452000.0,1206125000.0,154501000.0,816689000.0,1602167730.0,2252835730.0,23.129833834563627,2.4667467442154507,0.36528644586380127,0.9458124455780124,0.01275397092780346,23.129833834563627,0.019635912798738133,4.66310343322157,26.790310514346867,2.1042088044433296,0.28773995050498297,1.4169099229131203,0.0026851121261816948,0.1742778999651022,1.522022831132706,0.0075836735190761015,66756.98875,0.36285158796684364,1.865201805713849,0.06179194644977226,0.6432940055908924,0.5989548143816995,0.0682215443671385,1.8952362509682417,0.7274323138208089,0.1421579622209604,0.36365532022104896,0.4168586515802192,Conglomerates,Industrials,MATW
2014Q4,2014,Q4,2014-11-26,2014-09-30,5164000.0,349832000.0,14811000.0,0.157057,116708000.0,0.33361156212124676,2031735000.0,778832000.0,573915000.0,253283000.0,1248842000.0,152842000.0,806040000.0,1443097274.85,2096748274.85,23.687201878718177,2.2659041467449454,0.35893214420187675,0.9363444234443372,0.006067041841152822,23.687201878718177,0.006630441481603222,4.125115126260605,69.86334599390008,1.8528993092862132,0.8284275755228505,1.525261381034009,0.002964457126041395,0.1721838724046197,1.414757405747721,0.002541670050474102,78.56155886820186,0.33361156212124676,-0.7756328571428571,-0.6947614357872048,0.6145918506036137,0.6574157473334129,0.11971601266430011,-0.7319212999013653,-0.5399167495029821,-0.7846355979205802,0.2590914962987069,0.4467697673241061,Conglomerates,Industrials,MATW
2014Q3,2014,Q3,2014-08-07,2014-06-30,19263000.0,279983000.0,32192000.0,0.7,104230000.0,0.37227260226513753,1258870000.0,586055000.0,454835000.0,192061000.0,669163000.0,141908000.0,0.0,1364768790.26,1652371790.26,17.850867138717888,2.36817990117723,0.2924996226774806,0.6283010980198104,0.02287208264224067,17.850867138717888,0.03286892868416787,4.874470200905055,17.71230844442714,2.32873841236744,0.15963245600373774,1.2384995912844943,0.0022531288976898327,0.22240819147330543,1.458328343599169,0.01530181829736192,43.96240143860327,0.37227260226513753,0.7073170731707317,-0.018569463117553395,0.3420535936900158,0.22767252620759337,0.15579951208693724,0.699726462543016,0.5408768906758568,-0.21585198705149483,0.07691695638773441,0.017066228246958467,Conglomerates,Industrials,MATW
2014Q2,2014,Q2,2014-05-01,2014-03-31,11333000.0,246837000.0,20892000.0,0.41,90180000.0,0.3653423109177311,1228061000.0,568065000.0,421454000.0,169508000.0,656840000.0,143005000.0,788966000.0,1115953979.91,1432002979.91,20.77391457653984,2.4863369280505934,0.30750834038374314,0.6647813190391945,0.013884767865493584,20.77391457653984,0.019950181757369314,4.521015811689496,24.617355949660286,1.9644829023263186,0.26621371216800493,1.095465193524702,0.0027035165018572866,0.20099734459444604,1.4563560421926989,0.009228368949099433,184.57723782831624,0.3653423109177311,0.41599522015272017,-0.014006888314032432,0.38647906008148225,0.5299588943466226,0.10818914667715297,0.4320192064695476,0.39317151240330755,-0.26258106130196673,0.21011554531143628,0.2442957726774186,Conglomerates,Industrials,MATW
2014Q1,2014,Q1,2014-02-05,2013-12-31,7914000.0,229945000.0,14996000.0,0.289549,81376000.0,0.35389332231620607,1217301000.0,557850000.0,407971000.0,173704000.0,655851000.0,140140000.0,0.0,1164624317.6299999,1478901317.6299999,20.410005304003707,2.3486563349145673,0.3098190176464161,0.6760652505153715,0.010578239046798039,20.410005304003707,0.01418660930357623,5.064795136358694,36.790002452299724,2.08770156427355,0.38236037402072276,1.0601469958612815,0.002598262765247666,0.18889740499679208,1.3531524892921292,0.006501267969056133,151.19100579384653,0.35389332231620607,-0.44317500000000004,-0.21743574884531922,0.34190019720563963,0.50480472262298,-0.09869637932371217,-0.452318339100346,-0.3608660444103482,-0.35129032281410133,0.20121606334187908,0.2833896926677017,Conglomerates,Industrials,MATW
2013Q4,2013,Q4,2013-11-27,2013-09-30,14450000.0,252706000.0,23463000.0,0.52,90287000.0,0.35728079269981716,1214927000.0,549465000.0,405982000.0,184006000.0,661997000.0,130768000.0,775762000.0,1037683122.56,1353379122.56,20.16379253464265,2.206351966783692,0.30757568150185155,0.6800833538077948,0.018302221346156243,20.16379253464265,0.026298308354490277,4.106286050034427,17.9529952,1.8885336146251352,0.2063667820069204,1.2420393368408174,0.0028737096471640623,0.20800097454414956,1.3390378574611697,0.011893718717256262,36.11593771961576,0.35728079269981716,-0.2,-0.20659677249658343,0.29093546489580674,0.4176899979668234,-0.012079964110251556,-0.19682063253849147,-0.23722366710013004,-0.20388079692396405,0.2789617164736284,0.2922451252897437,Conglomerates,Industrials,MATW
2013Q3,2013,Q3,2013-08-05,2013-06-30,17991000.0,250652000.0,30760000.0,0.65,91391000.0,0.3646130890637218,1210560000.0,506999000.0,392184000.0,177255000.0,700444000.0,131839000.0,764294000.0,1062816907.62,1385036907.62,18.48026797389123,2.2125412541254126,0.3114930280200899,0.7437509738677985,0.02313086900196925,18.48026797389123,0.035485277091276315,4.240209164977738,14.768730304318828,2.0962899485403326,0.15213162136623867,1.207996116475398,0.0025752318958954575,0.20705458630716364,1.3443795661617444,0.014861716891356066,32.03475020707116,0.3646130890637218,0.27450980392156865,-0.051606325097257856,0.2882269360221467,0.28337430736645774,-0.036630615815993084,0.2676860202931229,0.22696449940167532,-0.03900934150574412,0.2810008617629782,0.27633922692099555,Conglomerates,Industrials,MATW
2013Q2,2013,Q2,2013-05-03,2013-03-31,14192000.0,256390000.0,25070000.0,0.51,94866000.0,0.3700066305238114,1217703000.0,493655000.0,397722000.0,180249000.0,720389000.0,137440000.0,749040000.0,940096120.1999999,1284383120.1999998,17.880036295037566,2.2065143218547676,0.3250505254565358,0.8018049042347388,0.018374911945589427,17.880036295037566,0.028748822558264376,3.6666645352782865,16.560317788190527,1.9043585504046348,0.19863303269447577,1.17523282887078,0.002998629543753754,0.2105521625552372,1.3135329460912404,0.011654730258527736,45.833753605382476,0.3700066305238114,0.7097684772332594,-0.2211666852420999,0.442608961600345,0.17462493614214886,0.18621051841848602,0.7192004845548152,0.5194860294563307,-0.031232930989506802,0.388076666558596,0.216792944028074,Conglomerates,Industrials,MATW
2013Q1,2013,Q1,2013-02-04,2012-12-31,8255000.0,225609000.0,16499000.0,0.298286,79974000.0,0.3544805393401859,1235035000.0,489872000.0,399545000.0,187856000.0,732549000.0,138187000.0,732590000.0,888359956.5,1237093956.5,17.701035582415965,2.12686845243165,0.32577214410927624,0.8213165888232028,0.01195423350233263,17.701035582415965,0.016851340758402195,3.937608679175033,26.90369341308298,1.8134532214537677,0.332404603270745,1.053897978825794,0.0030888380097758264,0.18267417522580331,1.2639841154927178,0.006684021100616582,448.2139033804238,0.3544805393401859,-0.36498819542165445,-0.4673460980109337,0.3915722328447089,0.2526146818023128,-0.07178588423728223,-0.36377649325626205,-0.244966135822808,-0.3026529705765385,0.28351648898885207,0.2236644788062202,Conglomerates,Industrials,MATW
2012Q4,2012,Q4,2012-11-27,2012-09-30,12975000.0,230081000.0,21852000.0,0.469733,86159000.0,0.37447246839156645,1128042000.0,477821000.0,385225000.0,180873000.0,637127000.0,130690000.0,727176000.0,814298564.64,1075753564.6399999,17.29852377454143,2.1298093137173595,0.283423844147647,0.6691083062485742,0.017514912787321705,17.29852377454143,0.027154520207357986,3.539182134291836,15.689760397687861,1.7041916630704803,0.2102504816955684,1.1012472262606168,0.0033501225698537784,0.20396492329186325,1.2875940577090002,0.011502231299898408,47.40081289015659,0.37447246839156645,-0.1886298705560871,-0.2770688703235918,0.39791411786970327,0.26165699179916324,-0.017672074701569965,-0.20520673813169985,-0.20575727837749427,-0.08707653361227286,0.2640312621376544,0.21039394422123722,Conglomerates,Industrials,MATW
2012Q3,2012,Q3,2012-08-03,2012-06-30,16325000.0,227478000.0,27513000.0,0.578938,87709000.0,0.3855713519549143,1121575000.0,479144000.0,384072000.0,175258000.0,628716000.0,133171000.0,716929000.0,907884152.5500001,1173475152.5500002,17.1468887481684,2.1914662954044895,0.2855653879588971,0.6684483161638255,0.023296064110885133,17.1468887481684,0.034071176932195746,3.9910855227758293,13.903279518376722,1.8948043856335468,0.1533843797856049,1.0495453214288397,0.0027580611391518884,0.20282014131912712,1.294885254881375,0.014555424291732608,42.33941857715805,0.3855713519549143,0.07632300584697474,0.537407045951292,0.38935919781449535,0.27652047918678174,0.03543981016917138,0.06993052824747674,0.08802942223276783,-0.0227916574095709,0.28107905807365074,0.17925723509566152,Conglomerates,Industrials,MATW
2012Q2,2012,Q2,2012-05-04,2012-03-31,15258000.0,225545000.0,25287000.0,0.537885,84707000.0,0.3755658516038928,1107543000.0,483230000.0,370349000.0,160194000.0,610469000.0,128164000.0,703108000.0,892190383.5600001,1155201383.56,17.136922210473237,2.3118780978064097,0.2868349129559755,0.6574136539536038,0.020705949717645646,17.136922210473237,0.031575026384951264,3.9557089873861093,14.61840319111286,1.8463058658609772,0.16673220605583955,1.09888892356668,0.002851409348135969,0.20364446346552684,1.3813501129880021,0.01377644028267977,99.81991313045425,0.3755658516038928,0.35266957879727495,-0.06707108053050022,0.256979641295559,0.29263743529037467,0.08605679851272517,0.35206025697828974,0.3361690885072655,0.287316187066005,0.22855580062526315,0.26210139456570275,Conglomerates,Industrials,MATW
2012Q1,2012,Q1,2012-02-03,2011-12-31,11285000.0,217213000.0,18925000.0,0.397647,77995000.0,0.35907151045287344,1086176000.0,463287000.0,367730000.0,157197000.0,619270000.0,130333000.0,690394000.0,891966427.8,1154280427.8,16.32472922317761,2.339294006883083,0.2916543911852223,0.6837834862622953,0.015873425597263863,16.32472922317761,0.02435855096300997,4.10641364835438,19.760000615861763,1.9252999281223084,0.22587505538325212,1.06817152985046,0.00285773087478977,0.19997956132339512,1.3854717329211117,0.010389660607489026,672.1676170308967,0.35907151045287344,-0.4547252062901044,-0.09625738146457831,0.3853754799018832,0.2631709668856972,-0.1509177208299767,-0.45472555083107846,-0.4262369633761824,0.07472094920488803,0.22082173392681537,0.20360231487838792,Conglomerates,Industrials,MATW
2011Q4,2011,Q4,2011-11-22,2011-09-30,20696000.0,239815000.0,32984000.0,0.7292598238303336,91858000.0,0.3830369242958114,1097455000.0,464642000.0,369846000.0,161741000.0,629362000.0,125567000.0,681658000.0,872100805.8000001,1129013805.8000002,16.372475022428194,2.28665582629018,0.28901777293829817,0.6826416897310187,0.027417822197618916,16.372475022428194,0.04454181929313321,3.6365565364968835,10.534654109489757,1.8769306386422233,0.12340548898337843,1.1783111804853186,0.002928560532239334,0.2185192103548665,1.399768766113725,0.01885817641725629,32.34195460040794,0.3830369242958114,-0.014513751580630247,0.22006728564163858,0.46693066282136025,0.32474561151257225,-0.0009353519533629166,-0.05389714285714286,-0.05977594709386848,0.09112929848865262,0.1763295542776144,0.151127400333047,Conglomerates,Industrials,MATW
2011Q3,2011,Q3,2011-08-04,2011-06-30,21875000.0,231511000.0,35081000.0,0.74,91944000.0,0.39714743575899203,1071462000.0,513111000.0,368156000.0,156034000.0,554738000.0,131977000.0,663516000.0,1174364928.75,1388349928.75,17.551332099076873,2.3594601176666625,0.25078350888785605,0.5236781125331555,0.030191458483915034,17.551332099076873,0.04263210104636229,5.0726096330195976,13.421313471428572,2.288715168355385,0.10747428571428572,1.0575100206854224,0.002001933080973745,0.2160701919433447,1.3912929233372213,0.020416029686540448,58.5192808824995,0.39714743575899203,0.3214285714285713,0.36045483128573247,0.4022476540930873,0.4437185532591288,0.043478260869565216,0.31880388255863024,0.23156047042302966,0.08212892077730549,0.1165815035817984,0.2188637474215467,Conglomerates,Industrials,MATW
2011Q2,2011,Q2,2011-05-06,2011-03-31,16587000.0,220151000.0,28485000.0,0.56,88113000.0,0.4002389269183424,1052370000.0,492733000.0,351314000.0,139675000.0,523382000.0,122495000.0,643992000.0,1137735517.6499999,1335944517.6499999,16.69531877604911,2.515224628602112,0.24567405000142536,0.5247060781396822,0.024774911958973498,16.69531877604911,0.033663261847694394,5.167977968076456,17.148000205733403,2.309030484359684,0.1068306505094351,1.0779052206212498,0.0015574797239872387,0.2091954350656138,1.5171075711473063,0.01576156674933721,113.67124764212208,0.4002389269183424,0.25463205674521566,0.060412981607186195,0.3098983631999605,0.44180510492146796,0.1049344786506991,0.2552595731799607,0.2967768369298006,-0.14845623596393007,0.15879447624577495,0.09679518696683394,Conglomerates,Industrials,MATW
2011Q1,2011,Q1,2011-02-03,2010-12-31,13214000.0,207344000.0,21966000.0,0.446346,79745000.0,0.38460239987653366,1010719000.0,470812000.0,326808000.0,138354000.0,508852000.0,116497000.0,632768000.0,1035577862.8799999,1230040862.8799999,15.903201826078803,2.3621145756537576,0.24555489705843067,0.527146716736192,0.01958373952589797,15.903201826078803,0.028066404424696056,4.994491583455513,19.592437242318752,2.1995570692335793,0.22362645678825488,1.0952985913800355,0.0028534793045710536,0.20514505020683296,1.406016450554375,0.013073861280929714,64.39359923392612,0.38460239987653366,-0.32988442333911455,0.1158642352457312,0.3285152582008247,0.47279761933913034,-0.08598576455350901,-0.32988488260053755,-0.3297531504592195,-0.20295411036549751,0.19553362419386414,0.12539088474578128,Conglomerates,Industrials,MATW
2010Q4,2010,Q4,2010-11-23,2010-09-30,19719000.0,214661000.0,32773000.0,0.6660731604301673,87247000.0,0.4064408532523374,993825000.0,461945000.0,335655000.0,148113000.0,500097000.0,107926000.0,621923000.0,1046827708.16,1224441708.1599998,15.603690151372463,2.266208908063438,0.23880361230598948,0.5137602961391508,0.03079070771338788,15.603690151372463,0.04268689995562242,4.87665532239205,13.271815357776763,2.2661306176276397,0.11927582534611289,1.180568167077442,0.0022467880642308277,0.21599476769048878,1.432338822385611,0.019841521394611726,83.33288554051903,0.4064408532523374,-0.014180097460878924,0.37052134320752605,0.33019210243770153,0.5058337304871411,0.02680977768362579,-0.03390328744304542,-0.050443298371675264,0.025103422746773008,0.21687542335800641,0.13804536351939006,Conglomerates,Industrials,MATW
2010Q3,2010,Q3,2010-08-04,2010-06-30,20411000.0,213329000.0,34514000.0,0.675654,84969000.0,0.3983002779743964,947586000.0,433081000.0,314718000.0,146646000.0,487021000.0,99462000.0,604557000.0,875786115.84,1052142115.84,14.479119331364988,2.146106951434066,0.24518091233935496,0.5364585377793069,0.03414286609574011,14.479119331364988,0.04712975170926455,4.105330807532028,10.726888881485474,2.0222224383891234,0.10249375336828181,1.2905431219963404,0.0023887110815789567,0.22512890650558368,1.3638489969041092,0.021539997425035828,34.728611144420654,0.3983002779743964,0.2748188679245282,0.3647945981120888,0.4493801209918822,0.4201317163258654,0.09241331430555019,0.28121272989768376,0.27273397743196404,0.7957823569796937,0.21724718086576472,0.07791521940392468,Conglomerates,Industrials,MATW
2010Q2,2010,Q2,2010-05-05,2010-03-31,15931000.0,200866000.0,27118000.0,0.53,77781000.0,0.38722830145470116,946495000.0,441190000.0,304094000.0,137470000.0,499726000.0,95339000.0,584469000.0,1065865241.5,1237833241.5,14.69439511692717,2.212075361897141,0.24606786089731061,0.527895011219656,0.025725234173655156,14.69439511692717,0.036109159319114216,5.306349713241664,16.72627646569581,2.4158871268614432,0.1475739124976461,1.2910246593733938,0.002205719736850993,0.21222087808176482,1.3955481195897286,0.016831573331079402,38.3390972087335,0.38722830145470116,0.23905887633724848,0.12894096379697648,0.3905095002158171,0.48398338113336675,0.059831039651178634,0.22583871960603263,0.22285353535353536,-0.08516852298360446,0.051353070280121406,0.10839770314646292,Conglomerates,Industrials,MATW
2010Q1,2010,Q1,2010-02-03,2009-12-31,12996000.0,192973000.0,22176000.0,0.427744,73390000.0,0.38031227166494797,949786000.0,439503000.0,294337000.0,127307000.0,504957000.0,95319000.0,570655000.0,1076456970.6299999,1268152970.6299999,14.465595666946793,2.3120252617687953,0.26482175984906076,0.5722918842419733,0.020541843382729293,14.465595666946793,0.029569764028914477,5.578277637959714,20.70746711738227,2.4492596651899987,0.1636657433056325,1.254555754886224,0.0019759266352794074,0.20317524158073502,1.4584272663718414,0.013683082294327353,55.29081979711335,0.38031227166494797,-0.16868212167184796,0.09678012494507827,0.39359223218463574,0.4528694099649137,-0.06321002782670854,-0.16868163500287853,-0.1989307517248853,-0.027853967992513218,0.149626687156743,0.11931537824539705,Conglomerates,Industrials,MATW
2009Q4,2009,Q4,2009-11-24,2009-09-30,15633000.0,200213000.0,27683000.0,0.5145372319674251,78342000.0,0.39129327266461217,949653000.0,434218000.0,305422000.0,132340000.0,483638000.0,94455000.0,559786000.0,1074937838.5800002,1268923838.5800002,14.291647654988255,2.307858546168959,0.26506313358668904,0.5797042038791574,0.027024881058286748,14.291647654988255,0.036002653045244554,5.368971238530965,17.1902040328152,2.4755718062816374,0.2822235015671976,1.2902546186014505,0.004104423383056532,0.21082753384657343,1.4864817893305122,0.01646180236360018,79.57197709526983,0.39129327266461217,-0.1424379467209582,0.009465833970639029,0.4698867957992738,0.4933893017605318,0.038109877295735825,-0.1347686517600177,-0.0713518953371352,-0.13916820390463103,0.14394230500277896,0.1563796851907929,Conglomerates,Industrials,MATW
2009Q3,2009,Q3,2009-08-05,2009-06-30,18068000.0,192047000.0,29810000.0,0.6,75466000.0,0.39295589100584755,913882000.0,439442000.0,296389000.0,131906000.0,445232000.0,94248000.0,546274000.0,940512063.2,1141740063.2,14.540414286097166,2.246971328066957,0.27697339481464783,0.5760054796764988,0.028224620945129453,14.540414286097166,0.041115778646556314,4.897301510567726,13.013505412884658,2.140241631887712,0.10897719725481514,1.2369599354893472,0.002093540398940414,0.21014419804745033,1.430609676587873,0.019770604957751656,47.43831651366892,0.39295589100584755,0.42857142857142855,0.328534363402854,0.683277797787788,0.5852633296801751,0.03212659162711818,0.4179877570240151,0.27181193736934167,0.0869826366393972,0.12521905447582918,0.19604972194769613,Conglomerates,Industrials,MATW
2009Q2,2009,Q2,2009-05-06,2009-03-31,12742000.0,197362000.0,23439000.0,0.42,73117000.0,0.37047151934009587,886484000.0,411609000.0,285542000.0,133963000.0,447768000.0,94955000.0,530175000.0,873352447.7199999,1083013447.7199998,13.578086740305174,2.1314989959914303,0.29243731415344215,0.6298234489527683,0.022144647935082806,13.578086740305174,0.03095656314609253,4.425129699334218,17.13530936509182,2.1218011455531824,0.1555485795008633,1.3084619030066873,0.002269415978823061,0.2226345878775026,1.329807484156073,0.014373637877276973,40.500484498237796,0.37047151934009587,0.13513513513513511,-0.022486275089912577,0.671839232553769,0.5292875710433456,0.07759535459529564,0.1287093630968199,0.16733901090691766,-0.20692284133579197,0.143276099671582,0.17260143635731853,Conglomerates,Industrials,MATW
2009Q1,2009,Q1,2009-02-04,2008-12-31,11289000.0,191286000.0,20079000.0,0.37,67852000.0,0.35471492947732713,897370000.0,413825000.0,289910000.0,134116000.0,455309000.0,102661000.0,519531000.0,1119136547.48,1337706547.48,13.563225179429022,2.1616361955322256,0.3027970625271627,0.6566084697637891,0.020247656612393625,13.563225179429022,0.02727964719386214,5.850593077799735,24.783783937461244,2.704371527771401,0.1884134998671273,1.202345584009507,0.0019005723696446538,0.21316290939077526,1.308516508097468,0.012580095166987977,67.62562979515378,0.35471492947732713,-0.44640054580227545,0.05714284594428765,0.7441995990602317,0.633002620895398,-0.19053243143290027,-0.4464005492349941,-0.42709997717416115,-0.07500000573567187,0.18923439453154875,0.2560920733626253,Conglomerates,Industrials,MATW
2008Q4,2008,Q4,2008-11-25,2008-09-30,20392000.0,219178000.0,35048000.0,0.6683532600952495,83823000.0,0.38244258091596783,914282000.0,433955000.0,303115000.0,161710000.0,449436000.0,96388000.0,511130000.0,1548118550.14,1751719550.14,14.222991319372008,1.8744357182610847,0.2781067548086914,0.5859317210309825,0.033759299813235326,14.222991319372008,0.0469910474588379,7.063293533748825,18.979483990535503,3.5674633317740323,0.09101608473911338,1.4042723160559405,0.0011988745951220321,0.23972691139057753,1.212151382103766,0.022303840609352477,70.84238091520615,0.38244258091596783,-0.03137208681847886,0.8548304039219735,0.9788234473160541,0.8053152379606332,-0.0356193697580506,-0.046122181682103094,-0.04589753362007949,0.37521290780024646,0.3178542389109271,0.37258942399931905,Conglomerates,Industrials,MATW
2008Q3,2008,Q3,2008-08-06,2008-06-30,21378000.0,219270000.0,36734000.0,0.69,86919000.0,0.39640169653851415,952711000.0,445199000.0,309432000.0,184550000.0,473675000.0,100974000.0,492748000.0,1399309575.36,1615596575.36,14.399749058256884,1.6766838255215388,0.28040192671229786,0.6000507638157319,0.03283848212303761,14.399749058256884,0.048018975783862945,6.381673623204268,16.363897176536625,3.143110328998942,0.08639723079801666,1.3107433596767484,0.0013199366548498196,0.2301537402213263,1.0635166621511785,0.022439123721674253,72.48430848795648,0.39640169653851415,0.06153846153846142,0.8196347580898473,0.974751233474685,0.9734307035746287,0.08331879253184435,0.05398609673125277,0.0680972319143987,0.38292240264428123,0.441250087306676,0.4123469719919959,Conglomerates,Industrials,MATW
2008Q2,2008,Q2,2008-05-06,2008-03-31,20283000.0,197827000.0,34392000.0,0.65,80234000.0,0.40557658964650933,803309000.0,467797000.0,287504000.0,133131000.0,335512000.0,90842000.0,501826000.0,1482810218.5,1568414218.5,15.221911049974329,2.1595571279416514,0.1885003155697247,0.32369596213742285,0.03476846618950788,15.221911049974329,0.043358550824396054,7.495489586861248,18.276515043386084,3.1697728256059787,0.09219543460040427,1.2944783250038527,0.0012611189056221086,0.24626513583191523,1.3857553837949088,0.025249312531043473,67.492499704142,0.40557658964650933,0.16071428571428564,0.7837838066264006,0.7478983442787854,1.2748735396816535,0.11454686892259822,0.16361654523549998,0.2843378893121219,0.4042553237767548,0.33794662535331443,0.5372570866310005,Conglomerates,Industrials,MATW
2008Q1,2008,Q1,2008-02-05,2007-12-31,17431000.0,182348000.0,26778000.0,0.56,71988000.0,0.3947836005878869,775450000.0,439861000.0,268809000.0,120393000.0,335589000.0,91831000.0,483413000.0,1458912459.82,1563023459.82,14.131269447478452,2.2327627021504575,0.21086336965632857,0.3717401633697918,0.031144332034035674,14.131269447478452,0.03962842807159535,8.000704476166451,20.924107334920542,3.316757929936957,0.10693591876541793,1.2017728218139845,0.0012776640486228898,0.23515120252756463,1.387804938825347,0.02247856083564382,49.685402030446475,0.3947836005878869,-0.1381458511742892,0.8666666495324425,0.6601543631935223,1.265183184350851,0.001251773345572895,-0.13814585908529048,-0.23197384271209776,0.4358974170752304,0.285379635147814,0.419290956066562,Conglomerates,Industrials,MATW
2007Q4,2007,Q4,2007-11-27,2007-09-30,20225000.0,185472000.0,34866000.0,0.6497619124570073,71898000.0,0.38764880952380953,771069000.0,426778000.0,266514000.0,123456000.0,344291000.0,93834000.0,467846000.0,1406930727.2,1532258727.2,13.710956216295509,2.1587772161741836,0.21960421181502562,0.39676365698325594,0.03650961822998932,13.710956216295509,0.04738997792763451,7.585677229986198,17.390985503090235,3.296633676525032,0.09201483312731767,1.210371507129612,0.0013227374767083699,0.24053878446675978,1.3364194530844997,0.02622981860248564,54.87891435035301,0.38764880952380953,0.7098997696237035,0.9651801090064672,0.6180007327240504,1.336626638983841,0.03572560431012129,0.6813533959597639,0.6501490841970751,0.2747618832805777,0.32911087880350565,0.43271061704183894,Conglomerates,Industrials,MATW
2007Q3,2007,Q3,2007-08-06,2007-06-30,12029000.0,185477000.0,21129000.0,0.38,69418000.0,0.3742674293847755,745663000.0,425210000.0,258967000.0,120694000.0,320453000.0,93110000.0,449482000.0,1380486019.43,1503698019.43,13.432521473601405,2.1456493280527615,0.21484906720596303,0.37676677406457987,0.022521907711797857,13.432521473601405,0.02828955104536582,7.44289598942187,28.690789330576106,3.246598197196679,0.14431789841217058,1.246471914939319,0.0012575281281854568,0.248741053264008,1.3058229903723466,0.016131952369904366,113.44284817404882,0.3742674293847755,-0.3448275862068965,0.11764705804682205,0.5312251436282155,1.2867755642716892,-0.0645356907030334,-0.3498189287065564,-0.33231158160846896,-0.15555553959880514,0.5520910208521819,0.46447572251102764,Conglomerates,Industrials,MATW
2007Q2,2007,Q2,2007-04-30,2007-03-31,18501000.0,202979000.0,31645000.0,0.58,74207000.0,0.36558954374590474,746194000.0,422886000.0,264906000.0,119092000.0,323308000.0,93523000.0,439189000.0,1298259833.2,1414933833.2,13.25733089775761,2.2243811507070164,0.21466803539026044,0.37878766381483425,0.03386758304719614,13.25733089775761,0.04374937926533392,6.396030294759557,17.543103524133834,3.069999558273388,0.09415707259067077,1.376901938560568,0.0013417961146546852,0.2720190727880417,1.3671195378362946,0.024793820373790194,144.34732412719592,0.36558954374590474,0.31818181818181807,0.8709677610367254,0.7957960304841868,1.5250436545455968,0.14280654202728923,0.3242430749409491,0.3085097585180285,0.34883721031126347,0.6340342511433467,0.49316113197064143,Conglomerates,Industrials,MATW
2007Q1,2007,Q1,2007-02-06,2006-12-31,13971000.0,175424000.0,24184000.0,0.44,64934000.0,0.37015459686245894,734229000.0,410354000.0,254444000.0,123644000.0,323875000.0,95336000.0,422430000.0,,,,,,,,,,,,,,,,,,,,,,,,,,,,,,,Conglomerates,Industrials,MATW
