Quarters,Year,Quarter,FillingDate,Date,NetIncome,Revenue,OperatingIncome,EPSDiluted,GrossProfit,GrossProfitRatio,TotalAssets,CommonStockEquity,CurrentAssets,CurrentLiability,TotalLiability,Inventory,RetainedEarnings,MarketCap,EnterpriseValue,bookValuePerShare,currentRatio,debtToAssets,debtToEquity,roic,shareholdersEquityPerShare,roe,priceToSalesRatio,peRatio,pbRatio,payoutRatio,inventoryTurnover,dividendYield,assetTurnover,quickRatio,returnOnAssets,priceToFreeCashFlowsRatio,grossProfitMargin,epsdilutedGrowth,fiveYNetIncomeGrowthPerShare,fiveYRevenueGrowthPerShare,fiveYShareholdersEquityGrowthPerShare,grossProfitGrowth,netIncomeGrowth,operatingIncomeGrowth,threeYNetIncomeGrowthPerShare,threeYRevenueGrowthPerShare,threeYShareholdersEquityGrowthPerShare,Industry,Sector,Symbol
2023Q1,2023,Q1,2023-04-27,2023-03-31,-12867000.0,39461000.0,-2030000.0,-0.7,8504000.0,0.2155039153,177583000.0,-111150000.0,70431000.0,45985000.0,287980000.0,0.0,96243000.0,84833200.0,255599200.0,-6.02700357878755,1.531608133086876,1.2165353665609884,-1.9436437246963563,-0.020915305531747235,-6.02700357878755,0.11576248313090419,2.1497985352626645,-1.648270770187301,-0.7632316689158795,0.0,0.0,0.0,0.22221158556843842,1.2475807328476678,-0.07245625988974169,-27.741399607586658,0.21550391525810295,0.0,-1.9343287130380136,-0.8116658315590769,-1.3284782729262428,0.048711308422740164,-0.1460764229090585,0.4346978557504873,0.07190808161813889,-0.7269566278580131,-1.8487045005786034,Real Estate Services,Real Estate,ASPS
2022Q4,2022,Q4,2023-03-30,2022-12-31,-11227000.0,34803000.0,-3591000.0,-0.7,8109000.0,0.2329971554,195005000.0,-119649000.0,87558000.0,40085000.0,313879000.0,0.0,118948000.0,152258700.0,346463700.0,-7.433923578751165,2.1843083447673695,1.2683110689469501,-2.0671046143302494,-0.037057472369655994,-7.433923578751165,0.0938327942565337,4.374872855788294,-3.390458270241383,-1.2725446932276911,0.0,0.0,0.0,0.17847234686290095,1.5969564675065486,-0.05757288274659624,-12.97806853051483,0.2329971554176364,0.21348314606741578,-1.042332639389629,-0.8260841909571847,-1.3815184457477518,1.0308039068369648,0.2124719416386083,0.6600397614314115,0.9645240754772115,-0.7607227175645628,-4.070153433540617,Real Estate Services,Real Estate,ASPS
2022Q3,2022,Q3,2022-11-03,2022-09-30,-14256000.0,38380000.0,-10563000.0,-0.89,3993000.0,0.1040385618,211282000.0,-109368000.0,99851000.0,48601000.0,319802000.0,7614000.0,131124000.0,210900570.0,398035570.0,-6.7985329769379,2.0545050513363923,1.1877348756638049,-2.2945194206714943,-0.07055038670875133,-6.7985329769379,0.130348913759052,5.495064356435644,-3.6984527567340066,-1.9283571977177967,0.0,4.516285789335435,0.0,0.1816529567118827,1.7357873294788173,-0.06747380278490359,-31.300173642030277,0.10403856175091193,0.06315789473684205,-3.29444723007056,-0.8170097543951302,-2.9517355820858837,-0.01795376291195278,0.06951243391423537,-0.009943589253274692,-2.966172440495073,-0.7319535079035006,-1.376138595328669,Real Estate Services,Real Estate,ASPS
2022Q2,2022,Q2,2022-07-28,2022-06-30,-15321000.0,40421000.0,-10459000.0,-0.95,4066000.0,0.1005912768,224839000.0,-96271000.0,110703000.0,47837000.0,320253000.0,5028000.0,145879000.0,172731420.0,353020420.0,-5.985885717838712,2.314171039153793,1.1162743118409173,-2.607036386866242,-0.07201763696252163,-5.985885717838712,0.15914449834321862,4.273308923579328,-2.818540238887801,-1.7942206895118988,0.0,7.230509148766905,0.0,0.17977752969902908,1.9748102932876226,-0.06814209278639383,-18.30945728217087,0.10059127681155834,-0.2666666666666666,-2.933182290636003,-0.8161800863854762,-2.6866119780638793,-0.2799716663715247,-0.2736719594313742,-0.256034586285577,-1.6430173378065354,-0.7926565802013131,-1.3416316172135072,Real Estate Services,Real Estate,ASPS
2022Q1,2022,Q1,2022-04-28,2022-03-31,-12029000.0,39516000.0,-8327000.0,-0.75,5647000.0,0.1429041401,239777000.0,-82056000.0,123692000.0,48872000.0,320664000.0,5783000.0,163796000.0,188759480.0,359385480.0,-5.142642266232138,2.530937960386315,1.0450460219287088,-3.053743784732378,-0.05136009260612038,-5.142642266232138,0.1465950082870235,4.776786111954651,-3.9230085626402857,-2.3003738910012674,0.0,5.8566487982016255,0.0,0.16480312957456303,2.167294156163038,-0.05016744725307265,-11.113959020254358,0.14290414009515134,-1.169683257918552,-3.1495820726248525,-0.8078135551150415,-2.353357446659675,1.5668181818181819,-1.1695419309372799,-1.1098838743731856,-2.8575080371776154,-0.7625673090185051,-1.2846782070716147,Real Estate Services,Real Estate,ASPS
2021Q4,2021,Q4,2022-03-03,2021-12-31,70950000.0,38704000.0,75780000.0,4.42,2200000.0,0.0568416701,257808000.0,-70142000.0,138004000.0,54747000.0,326678000.0,0.0,186592000.0,177713580.0,331140580.0,-4.428436138645116,2.520759128354065,0.9757610314652765,-3.5864246813606684,0.3926254791107675,-4.428436138645116,-1.011519489036526,4.591607585779248,0.6261930232558139,-2.5336257876878334,0.0,0.0,0.0,0.15012722646310434,2.27488264197125,0.2752048035747533,-9.101381747413704,0.05684167011161637,4.843478260869566,5.101034430245556,-0.8088973559272974,-2.3595136491700006,-0.14596273291925466,4.883628003722152,6.402053036783576,7.530986609572054,-0.8119867332572944,-1.2510033244365435,Real Estate Services,Real Estate,ASPS
2021Q3,2021,Q3,2021-11-04,2021-09-30,-18269000.0,43243000.0,-14028000.0,-1.15,2576000.0,0.05957033508313484,220930000.0,-140937000.0,74672000.0,72580000.0,362613000.0,0.0,116881000.0,156410280.0,398745280.0,-8.902596172067463,1.0288233673188205,1.2620603811161906,-1.9783804111056713,-0.09442411002922509,-8.902596172067463,0.12962529357088629,3.6170080706703973,-2.14037823635667,-1.1097886289618766,0.0,0.0,0.0,0.1957316797175576,0.8828465141912373,-0.08269135020142127,-8.324123469930814,0.05957033508313484,0.01709401709401711,-3.0395826552582483,-0.7977378006068443,-3.1596983299230366,0.28542914171656686,0.01115020297699594,0.0360087960417812,-3.2679254614170357,-0.7725708892070329,-1.471490422055088,Real Estate Services,Real Estate,ASPS
2021Q2,2021,Q2,2021-07-29,2021-06-30,-18475000.0,46041000.0,-14552000.0,-1.17,2004000.0,0.04352642210203948,222116000.0,-123090000.0,72159000.0,72248000.0,345840000.0,0.0,135270000.0,140728700.0,363607700.0,-7.775742261528743,0.9987681319898128,1.162491671018747,-2.0977171175562597,-0.10099705930480118,-7.775742261528743,0.15009342757332034,3.0565952086184054,-1.9043125845737485,-1.1432992119587295,0.0,0.0,0.0,0.20728358155198184,0.8474836673679548,-0.08317725872967278,-22.731174285252788,0.04352642210203948,0.16428571428571428,-2.0762027565945083,-0.7903691253736448,-3.136437418234735,5.527687296416938,0.16030360876283975,0.21675009419236774,-13.759068369925355,-0.7718804059313703,-1.4287466952530201,Real Estate Services,Real Estate,ASPS
2021Q1,2021,Q1,2021-05-10,2021-03-31,-22002000.0,50465000.0,-18579000.0,-1.4,307000.0,0.006083424155355197,239701000.0,-105159000.0,82256000.0,68843000.0,344959000.0,0.0,158890000.0,144439230.0,364107230.0,-6.690780683336515,1.194834623709019,1.0888690493573243,-2.4819844235871393,-0.11117017515281963,-6.690780683336515,0.2092260291558497,2.8621664519964334,-1.6412056858467412,-1.3735317947108663,0.0,0.0,0.0,0.21053312251513343,1.0139011954737591,-0.09178935423715379,-8.36020316027088,0.006083424155355197,-2.043478260869565,-2.427211020787208,-0.7579651488583603,-3.077543431390247,-0.9325422983959569,-2.052441731409545,-0.18867562380038388,-4.887514465841582,-0.7173886014554078,-1.3646548495716624,Real Estate Services,Real Estate,ASPS
2020Q4,2020,Q4,2021-03-11,2020-12-31,-7208000.0,59966000.0,-15630000.0,-0.46,4551000.0,0.07589300603675415,265685000.0,-83765000.0,100155000.0,71545000.0,348241000.0,0.0,190383000.0,201662160.0,405945160.0,-5.350003193459794,1.3998881822629115,0.9881852569772475,-3.134316241867128,-0.14923342880014148,-5.350003193459794,0.08605025965498717,3.362941666944602,-6.994386792452831,-2.4074751984719156,0.0,0.0,0.0,0.22570337053277378,1.226207282130128,-0.027129871840713627,-23.649836988389822,0.07589300603675415,0.4588235294117647,0.8040348041682871,-0.7275885836303938,-3.014568270658994,-0.7195069337442219,0.4554657399712926,-1.2938068682125037,-1.0279388696740415,-0.6919580316887188,-1.2745689919316041,Real Estate Services,Real Estate,ASPS
2020Q3,2020,Q3,2020-10-29,2020-09-30,-13237000.0,88795000.0,-6814000.0,-0.85,16225000.0,0.18272425249169436,310103000.0,-77713000.0,139982000.0,71460000.0,386681000.0,0.0,198756000.0,198120790.0,441950790.0,-4.96981518194027,1.958886090120347,1.0024185512555506,-4.0000128678599465,-0.03092845136560094,-4.96981518194027,0.17033186210801282,2.2312156089869926,-3.7417993125330513,-2.5493905781529476,0.0,0.0,0.0,0.2863403449821511,1.7860621326616288,-0.04268581729296395,-50.83930972542982,0.18272425249169436,0.6222222222222222,-1.4362379943242838,-0.602572791330912,-1.9869426179959397,0.2761522730847884,0.6224580017683466,0.6162423969362469,-3.1917528584994,-0.5644549253788494,-2.426743851929109,Real Estate Services,Real Estate,ASPS
2020Q2,2020,Q2,2020-08-06,2020-06-30,-35061000.0,95342000.0,-17756000.0,-2.25,12714000.0,0.13335151349877283,328349000.0,-66130000.0,147718000.0,78600000.0,393199000.0,0.0,213023000.0,229958740.0,474686740.0,-4.238830844176655,1.8793638676844784,0.9529646808730954,-4.731664902464842,-0.06766424840347199,-4.238830844176655,0.5301829729321035,2.411935348534749,-1.63970465759676,-3.477373960381068,0.0,0.0,0.0,0.29036787077164844,1.731972010178117,-0.10677967650274556,-21.852963983654853,0.13335151349877283,-2.0,-1.9571926676110087,-0.5542512087181038,-2.743001543258353,-0.14389603393710862,-2.009527896995708,-13.435772357723577,-5.560627685275662,-0.5530238122481903,-2.1943533859106674,Real Estate Services,Real Estate,ASPS
2020Q1,2020,Q1,2020-04-30,2020-03-31,-11650000.0,121444000.0,-1230000.0,-0.75,14851000.0,0.12228681532228847,368595000.0,-32787000.0,181605000.0,84722000.0,400119000.0,0.0,252466000.0,118861990.0,339402990.0,-2.1156998128670064,2.1435400486296357,0.8129220418074038,-9.138957513648702,-0.005288408391410406,-2.1156998128670064,0.3553237563668527,0.978739089621554,-2.5506864806866956,-3.6252780065269774,0.0,0.0,0.0,0.329478153528941,1.9658412218786148,-0.031606505785482714,-55.05418712366836,0.12228681532228847,0.9618514750762971,-5.100722158649454,-0.34265280440682916,-2.0465655515131136,-0.33085518608632963,0.961941288311892,0.8096564531104921,-3.1435164784351914,-0.391861870285635,-1.5567756706394233,Real Estate Services,Real Estate,ASPS
2019Q4,2019,Q4,2020-03-05,2019-12-31,-306106000.0,140688000.0,-6462000.0,-19.66,22194000.0,0.15775332650972365,385119000.0,-22826000.0,184188000.0,87578000.0,406476000.0,0.0,272026000.0,300929440.0,517468440.0,-1.466212744090442,2.1031309232912374,0.777110451574708,-13.11136423376851,-0.760258939757467,-1.466212744090442,13.410409182511172,2.1389844194245424,-0.24577224882883705,-13.183625690002627,0.0,0.0,0.0,0.36531046248042814,1.987622462262212,-0.7948348432562403,12.785377915622211,0.15775332650972365,-45.68181818181819,-257.39231866252,-0.2875982630292177,-1.732198927409823,0.09914817749603803,-43.722400558269364,-1.355054945054945,-17.001462654444737,-0.2932548503725736,-1.450121933741562,Real Estate Services,Real Estate,ASPS
2019Q3,2019,Q3,2019-10-24,2019-09-30,7165000.0,141493000.0,18200000.0,0.44,20192000.0,0.14270670633882948,689129000.0,287331000.0,187331000.0,88994000.0,400473000.0,0.0,579557000.0,321437340.0,554207340.0,18.07454236648424,2.104984605703755,0.4348547224104631,1.042946984488273,0.017298574426239454,18.07454236648424,0.024936397395338476,2.2717543624066208,11.215538729937194,1.1187005230900946,0.0,0.0,0.0,0.20532150003845434,1.992988291345484,0.010397182530411577,-28.617996794871797,0.14270670633882948,2.2222222222222223,-0.7695003111844104,-0.3309258790429828,3.438842744269049,-0.2953657174762702,2.226043805612594,1.9622395833333333,-0.2034080677295209,-0.34093683561825877,3.384738811976675,Real Estate Services,Real Estate,ASPS
2019Q2,2019,Q2,2019-07-25,2019-06-30,-5844000.0,196535000.0,6144000.0,-0.36,28656000.0,0.1458060905182283,743871000.0,284093000.0,233059000.0,111143000.0,457999000.0,0.0,574040000.0,329792760.0,583024760.0,17.521462933267546,2.0969291813249598,0.45520123784903566,1.1919019476016657,-0.0036301814453120734,17.521462933267546,-0.020570728599437507,1.6780357697102297,-14.108177618069815,1.1608619712558916,0.0,0.0,0.0,0.2642057561055613,1.6375210314639699,-0.007856200873538556,8.31403332745103,0.1458060905182283,-0.7999999999999998,-1.147160346290437,-0.09566684754350666,1.2567703106330503,-0.16886130285979464,-0.835427135678392,34.92982456140351,-1.332361420526812,-0.12634262428045573,3.814139637581833,Real Estate Services,Real Estate,ASPS
2019Q1,2019,Q1,2019-04-25,2019-03-31,-3184000.0,169935000.0,171000.0,-0.2,34478000.0,0.2028893400417807,759548000.0,294311000.0,214685000.0,110836000.0,464180000.0,0.0,584759000.0,403552840.0,698940840.0,18.064755708323105,1.9369609152260998,0.45671504631702015,1.1786749390950388,0.00017411369552182085,18.064755708323105,-0.010818487926037424,2.3747482272633653,-31.685995603015073,1.3711782434227737,0.0,0.0,0.0,0.223731745722456,1.5402576780107546,-0.004191966801308147,-54.20454533243788,0.2028893400417807,0.7101449275362318,-1.1109991946762159,-0.01875331828093229,1.5158522378538004,-0.1415268163936059,0.7227688289072703,-0.9158050221565731,-1.199248169909639,-0.213740844563999,4.609257923364,Real Estate Services,Real Estate,ASPS
2018Q4,2018,Q4,2019-02-26,2018-12-31,-11485000.0,217633000.0,2031000.0,-0.69,40162000.0,0.18454002839642886,741700000.0,295431000.0,201534000.0,104378000.0,445032000.0,0.0,590655000.0,376595050.0,649777050.0,17.64293819050463,1.9308091743470845,0.44691384656869354,1.1220081846522538,0.002744502488155773,17.64293819050463,-0.03887540576310543,1.7304133564303208,-8.197541358293426,1.2747309862539813,0.0,0.0,0.0,0.2934245651880814,1.7125639502577172,-0.015484697316974518,15.037936748792077,0.18454002839642886,-2.4081632653061225,-1.4346883506064128,0.3143163306058129,1.53431672014543,-0.10759043640565283,-2.3251413407176647,-0.9029065876278803,0.7080432186922634,-0.0755820448805265,5.643529395129799,Real Estate Services,Real Estate,ASPS
2018Q3,2018,Q3,2018-10-25,2018-09-30,8667000.0,204575000.0,20918000.0,0.49,45004000.0,0.2199877795429549,829265000.0,321614000.0,276378000.0,151714000.0,506124000.0,0.0,603343000.0,545056000.0,823180000.0,18.881817648094874,1.8217039956760748,0.45942370653530534,1.1846001728780464,0.017574718305380693,18.881817648094874,0.026948453736466697,2.6643333740681903,15.72216453213338,1.6947520941252558,0.0,0.0,0.0,0.24669436187467214,1.6794626731877085,0.010451423851241762,28.76892219993666,0.2199877795429549,4.444444444444445,-0.6746294143027742,0.3116511489999899,1.5234720075421075,0.042893889184992935,4.527423469387755,0.6834057621117012,-0.7377804876509616,-0.1594105509776252,2.749690855678316,Real Estate Services,Real Estate,ASPS
2018Q2,2018,Q2,2018-07-26,2018-06-30,1568000.0,218556000.0,12426000.0,0.09,43153000.0,0.19744596350592067,809896000.0,310887000.0,243189000.0,133866000.0,497605000.0,0.0,596268000.0,500032140.0,810995140.0,18.135981799089954,1.8166599435256152,0.4883738158973498,1.2722693454534928,0.012916228141885968,18.135981799089954,0.005043633217213971,2.2878902432328556,79.72451211734695,1.6084047901649154,0.0,0.0,0.0,0.26985687051176943,1.6424260080976498,0.0019360510485296877,16.489649782350615,0.19744596350592067,1.3749999999999998,-0.9315067280418863,0.5866781469748895,1.4742441122515577,0.17663258350374914,1.3794772507260407,0.7452247191011236,-0.9610406171378573,-0.0700500059420702,6.457491328710778,Real Estate Services,Real Estate,ASPS
2018Q1,2018,Q1,2018-04-26,2018-03-31,-4132000.0,197438000.0,7120000.0,-0.24,36675000.0,0.18575451534152493,831773000.0,318856000.0,251296000.0,94560000.0,511691000.0,0.0,600253000.0,461559680.0,784370680.0,18.34825641615836,2.657529610829103,0.49011088361848726,1.2785113029078958,0.0071096665933607734,18.34825641615836,-0.012958827809418672,2.3377449123269076,-27.92592449177154,1.44754898763078,0.0,0.0,0.0,0.23737005168477457,2.393855752961083,-0.0049677015243341635,-46.96852345578508,0.18575451534152493,-1.0145631067961165,-1.2019652694751926,0.7843591096515236,1.5857478926280328,-0.06923330710859579,-1.0144298934869915,-0.17170777105630525,-2.297007754469216,-0.04699027033356175,8.076265441201267,Real Estate Services,Real Estate,ASPS
2017Q4,2017,Q4,2018-02-22,2017-12-31,286350000.0,216066000.0,8596000.0,16.48,39403000.0,0.18236557348217675,865164000.0,338612000.0,271641000.0,109561000.0,525179000.0,0.0,626600000.0,486584000.0,790859000.0,19.485096098515363,2.4793585308640846,0.473067534016672,1.2087019952039502,1.059921059738633,19.485096098515363,0.845658157419111,2.2520155878296446,0.424815784878645,1.4369957355321135,0.0,0.0,0.0,0.24973993370043138,2.241043802082858,0.33097771058435166,30.556644059281588,0.18236557348217675,42.36842105263158,11.714173962993883,1.059631793189438,1.8742112231346788,-0.12463066225312687,40.13633098692716,-0.3613195631176165,217.53992111783106,-0.019861664314317434,8.730488649285832,Real Estate Services,Real Estate,ASPS
2017Q3,2017,Q3,2017-10-26,2017-09-30,6961000.0,234979000.0,13459000.0,0.38,45013000.0,0.19156179913949758,596401000.0,62780000.0,283224000.0,110025000.0,532252000.0,0.0,342111000.0,466255010.0,772508010.0,3.483326860123176,2.574178595773688,0.7048546196267277,6.696017840076458,0.020887613652186922,3.483326860123176,0.11087926091111819,1.9842411875103734,16.74525966096825,7.426808059891685,0.0,0.0,0.0,0.393994979887693,2.3740695296523517,0.011671677277536423,14.221595546743938,0.19156179913949758,-0.2083333333333333,-0.6664518360806453,1.1131936873400667,-0.6480251022381976,-0.09523426664790657,-0.22955174322080796,0.04968023709249727,-0.8024787278816757,-0.01993152431560733,-0.14454596716946816,Real Estate Services,Real Estate,ASPS
2017Q2,2017,Q2,2017-08-09,2017-06-30,9035000.0,250685000.0,12822000.0,0.48,49751000.0,0.19846021899994015,616628000.0,65072000.0,290229000.0,101513000.0,549905000.0,0.0,341926000.0,400069700.0,731295700.0,3.5490591764385058,2.859032833233182,0.7223658348307245,6.845202237521515,0.02008073087770916,3.5490591764385058,0.13884620113105484,1.595906017512017,11.069997232982844,6.148108249323825,0.0,0.0,0.0,0.4065417074800366,2.6496901874636745,0.014652270088286616,14.729022163316397,0.19846021899994015,0.4117647058823528,-0.5908441926253173,1.210655971678957,-0.5907402605525376,-0.005457380457380458,0.3804430863254393,-0.13534290916447503,-0.7988046194260977,0.020061019400030477,-0.5428799860735977,Real Estate Services,Real Estate,ASPS
2017Q1,2017,Q1,2017-04-27,2017-03-31,6545000.0,240483000.0,14829000.0,0.34,50024000.0,0.20801470374205244,653483000.0,70914000.0,310695000.0,104922000.0,581118000.0,0.0,336527000.0,686761600.0,1042118600.0,3.7999142642803556,2.961199748384514,0.7229797867733361,6.662365682375835,0.02004950352050297,3.7999142642803556,0.0922948924048848,2.855759450771988,26.23229946524064,9.684429026708408,0.0,0.0,0.0,0.3680019220086827,2.7452488515278017,0.010015562761387825,-33.82562182928631,0.20801470374205244,1.321984942468867,-0.6749766884029461,1.1665479974171211,-0.4864286144584904,-0.05079600007589989,1.321085164835165,2.013740771123872,-0.8008076588297487,0.21226052283073804,-0.47079147043003455,Real Estate Services,Real Estate,ASPS
2016Q4,2016,Q4,2017-02-16,2016-12-31,-20384000.0,238627000.0,-14628000.0,-1.05595,52701000.0,0.2208509514849535,689212000.0,60789000.0,325477000.0,148938000.0,627018000.0,0.0,333786000.0,496222580.0,820473580.0,3.2573679134069233,2.1853187232271147,0.6870817687445953,7.789978450048529,-0.027554093718470365,3.2573679134069233,-0.3353238250341345,2.0794905019130274,-6.085932348901099,8.163032456529963,0.0,0.0,0.0,0.3462316384508685,2.0215123071345125,-0.02957580541255811,35.346006125792435,0.2208509514849535,-2.9554629629629625,-1.9925162881019893,1.2656631229352833,-0.5320541969010644,-0.18416978853834484,-2.925016526584191,-1.5884861407249466,-1.6922506614940704,0.293069010371594,-0.5320959651122442,Real Estate Services,Real Estate,ASPS
2016Q3,2016,Q3,2016-10-27,2016-09-30,10589000.0,252745000.0,24857000.0,0.54,64598000.0,0.2555856693505312,693332000.0,77146000.0,313629000.0,132079000.0,614558000.0,0.0,359435000.0,606366000.0,946052000.0,4.122148009617954,2.374556136857487,0.6845695857107418,6.152412309128147,0.027495173179048673,4.122148009617954,0.13725922277240557,2.399121644345091,14.315941070922655,7.859979778601612,0.0,0.0,0.0,0.364536758724536,2.2223744879958205,0.015272625524279854,18.631045289743746,0.2555856693505312,-0.47058823529411764,-0.19793799239604806,1.9940324687314643,-0.3792243819162628,-0.037345016690510255,-0.47039111733520056,-0.08684471547702141,-0.6382023382104716,0.47485617867623936,-0.44909302128199147,Real Estate Services,Real Estate,ASPS
2016Q2,2016,Q2,2016-07-21,2016-06-30,19994000.0,255799000.0,27221000.0,1.02,67104000.0,0.2623309708012932,675476000.0,67103000.0,286485000.0,120719000.0,607056000.0,0.0,403460000.0,513286080.0,868521080.0,3.639583446330748,2.37315584125117,0.7042752074092936,7.089414780263177,0.04326400415659763,3.639583446330748,0.2979598527636618,2.006599243937623,6.418001400420126,7.649227009224625,0.0,0.0,0.0,0.37869443177847917,2.1514923085843987,0.0295998673528001,15.134931886536533,0.2623309708012932,0.10869565217391301,0.9951120686830858,2.663128568499255,-0.46136063629706736,-0.0025862837777579596,0.0811073861793014,-0.01562217480924312,-0.18796868486117882,0.7266176819164585,-0.5034612400424906,Real Estate Services,Real Estate,ASPS
2016Q1,2016,Q1,2016-04-28,2016-03-31,18494000.0,250132000.0,27653000.0,0.92,67278000.0,0.268969983848528,715594000.0,60723000.0,314488000.0,117623000.0,653629000.0,0.0,385452000.0,455348250.0,822773250.0,3.220525059665871,2.6736947705805836,0.7366327833939357,8.68089521268712,0.04214808491209412,3.220525059665871,0.30456334502577276,1.8204318120032623,6.15535105980318,7.498777234326367,0.0,0.0,0.0,0.34954457415797224,2.4630301896737885,0.025844263646704696,19.754804772234273,0.268969983848528,1.3914893617021276,0.6437986354548312,2.717106561064138,-0.4924712020792459,-0.18749320676787073,1.410102891609012,1.692224892360068,-0.16685519638369245,1.0835025249702297,-0.5461440205918843,Real Estate Services,Real Estate,ASPS
2015Q4,2015,Q4,2016-03-15,2015-12-31,-45096000.0,269887000.0,-39948000.0,-2.35,82803000.0,0.3068061818464765,727982000.0,50978000.0,306101000.0,129142000.0,675712000.0,0.0,369270000.0,533840760.0,888875760.0,2.6556574286309647,2.370266838054235,0.73403188540376,10.482208011298992,-0.06849306447267556,2.6556574286309647,-0.8846168935619286,1.9780158362573965,-2.9594684672698244,10.471983208442857,0.0,0.0,0.0,0.3707330675758467,2.2067414164253303,-0.06194658659142671,6.872040987088552,0.3068061818464765,-2.291208791208791,-4.477115066790668,2.8185485106276866,-0.5567005145571943,-0.026076217360621032,-2.217297414025806,-1.8394553248718164,-2.812667029252613,1.3290251195263654,-0.6082687841219485,Real Estate Services,Real Estate,ASPS
2015Q3,2015,Q3,2015-10-22,2015-09-30,37046000.0,272776000.0,47588000.0,1.82,85020000.0,0.3116843124028507,787053000.0,96134000.0,305739000.0,117219000.0,689557000.0,0.0,430995000.0,455129440.0,862618440.0,5.035566497302394,2.6082716965679626,0.7085113708987831,5.800611646243785,0.06695454771585446,5.035566497302394,0.3853579378783781,1.6685098395753293,3.0713804459320846,4.734323340337445,0.0,0.0,0.0,0.3465789470340625,2.422841007003984,0.04706925708942092,9.46313421353571,0.3116843124028507,-0.18018018018018023,3.996894386906887,3.662910709644554,-0.12421621743934642,-0.017405173011580333,-0.19377584330794342,-0.15304251873209104,0.6758172172734501,1.3158734031414139,-0.4911780966205127,Real Estate Services,Real Estate,ASPS
2015Q2,2015,Q2,2015-07-23,2015-06-30,45950000.0,268321000.0,56187000.0,2.22,86526000.0,0.32247196454992344,736008000.0,47595000.0,270919000.0,107208000.0,687105000.0,0.0,415914000.0,602591090.0,1049264090.0,2.4319145674722806,2.527040892470711,0.7836219171530744,12.117911545330392,0.08226958501810563,2.4319145674722806,0.9654375459607102,2.2457843031294606,3.2785151795429814,12.660806597331652,0.0,0.0,0.0,0.3645626134498538,2.3287347959107527,0.06243138661536288,11.315202140644072,0.32247196454992344,11.333333333333334,2.6231209108091385,3.8473930365973383,-0.5460819610727575,0.5762665549341446,11.425635478637101,2.6843934426229508,0.949458417145561,1.2167431476599146,-0.719563785002603,Real Estate Services,Real Estate,ASPS
2015Q1,2015,Q1,2015-04-23,2015-03-31,3698000.0,240482000.0,15250000.0,0.18,54893000.0,0.22826240633394598,760681000.0,40779000.0,285161000.0,113486000.0,718800000.0,0.0,369964000.0,259613639.99999997,745840640.0,2.021564544913742,2.5127416597642,0.7780528237197984,14.513597685083008,0.02210028499800567,2.021564544913742,0.09068393045440055,1.0795553929192205,17.55094916170903,6.366356212756566,0.0,0.0,0.0,0.31614040576798946,2.3370900375376698,0.004861433373516625,-13.06626604257889,0.22826240633394598,3.4620434961017645,-0.28234418816632645,3.827363686303757,-0.5768017176900291,-0.019890370846501332,3.4091205211726385,1.1017089305402425,-0.8301048456027775,1.004360033660329,-0.7267786502310563,Real Estate Services,Real Estate,ASPS
2014Q4,2014,Q4,2015-03-02,2014-12-31,-1535000.0,255887000.0,7256000.0,-0.07311,56007000.0,0.21887395608217688,788221000.0,40394000.0,302098000.0,140767000.0,746778000.0,0.0,367967000.0,681611880.0,1113652880.0,2.0024786833234187,2.146085375123431,0.7528370850307211,14.690350051987918,0.3704400604791267,2.0024786833234187,-0.038000693172253304,2.663722189872874,-111.01170684039089,16.87408724067931,0.0,0.0,0.0,0.32463864829787586,1.9805920421689742,-0.0019474233749164258,12.37719048483748,0.21887395608217688,-1.0408435754189944,-1.3199046180035419,4.5604692359552255,-0.427419295278927,-0.3576736931440237,-1.036299571972474,-0.8610387620652673,-1.06914580505596,1.2476733838872025,-0.7123286283383929,Real Estate Services,Real Estate,ASPS
2014Q3,2014,Q3,2014-10-23,2014-09-30,42287000.0,287688000.0,52216000.0,1.79,87194000.0,0.3030852868385195,816592000.0,88059000.0,356845000.0,128730000.0,727330000.0,0.0,369952000.0,2179900800.0,2599031800.0,4.071904189401646,2.772042258991688,0.7295197601739914,6.765009822959606,0.0717820564370055,4.071904189401646,0.4802121305034125,7.577308751147076,12.887535176295316,24.75500289578578,0.0,0.0,0.0,0.3523032309892823,2.646694632175872,0.05178473460430668,-635.9103850641774,0.3030852868385195,-0.2008928571428572,4.440402100099487,4.917693323287296,0.26667652828939364,-0.1363681385075573,-0.2183693462228055,-0.17185814882953754,1.7718741301604728,1.9492345486048201,-0.38679085902404553,Real Estate Services,Real Estate,ASPS
2014Q2,2014,Q2,2014-07-29,2014-06-30,54101000.0,296072000.0,63052000.0,2.24,100962000.0,0.3410048907022616,711000000.0,171498000.0,271790000.0,137403000.0,538521000.0,0.0,330361000.0,2530957620.0,2801683620.0,7.7639549096835525,1.978049969796875,0.560632911392405,2.3242836651156282,0.10396174312808562,7.7639549096835525,0.3154614047977236,8.548453146531925,11.695521432136191,14.757942483294267,0.0,0.0,0.0,0.41641631504922644,1.8593771606151248,0.07609142053445851,43.908981801148485,0.3410048907022616,0.39130434782608703,7.396854789509438,5.4726311449355025,1.8499078981347308,0.2241527735677478,0.3651182155383412,0.3155017734195702,3.505957603205141,2.5388720223129435,0.14902482496623903,Real Estate Services,Real Estate,ASPS
2014Q1,2014,Q1,2014-04-24,2014-03-31,39631000.0,239269000.0,47930000.0,1.61,82475000.0,0.3446957190442556,734051000.0,161623000.0,254590000.0,134494000.0,571524000.0,0.0,277460000.0,2738444940.0,3020087940.0,7.180372295526234,1.8929468972593573,0.5422225431203009,2.462638362114303,0.07958763682092312,7.180372295526234,0.24520643720262586,11.445046955518684,17.274639423683478,16.943411148165794,0.0,0.0,0.0,0.3259569158001283,1.787001650631255,0.053989436701264625,117.2078813559322,0.3446957190442556,0.11805555555555566,8.539129956387699,4.998491650890163,1.7422974291336775,0.1900467505483089,0.11586327289109134,0.07666734056652515,1.9506869015556603,1.9784651707027676,0.13156881323879685,Real Estate Services,Real Estate,ASPS
2013Q4,2013,Q4,2014-02-13,2013-12-31,35516000.0,222585000.0,44517000.0,1.44,69304000.0,0.31135970528112855,724838000.0,156699000.0,245847000.0,130340000.0,567097000.0,0.0,239561000.0,3570602670.0,3839766670.0,6.961615353858456,1.8861976369495166,0.5511410825591374,2.5493972520564903,0.0752379966778499,6.961615353858456,0.22665109541222345,16.041524226699913,25.133761332920372,22.78637815174315,0.0,0.0,0.0,0.3070824101385413,1.789673162498082,0.04899853484502744,95.91175110132158,0.31135970528112855,0.014084507042253534,15.196107036390643,5.107434615607618,1.7652834086528573,-0.006707561772630855,-0.013663630304376805,-0.011940961047608478,1.3353911410798747,1.685757396084313,0.16207778569057196,Real Estate Services,Real Estate,ASPS
2013Q3,2013,Q3,2013-10-24,2013-09-30,36008000.0,210835000.0,45055000.0,1.42,69772000.0,0.3309317712903455,647754000.0,172284000.0,311971000.0,80219000.0,474223000.0,0.0,209783000.0,3223730250.0,3412454250.0,7.482475570032573,3.8889913860806042,0.6195392077856717,2.329345731466648,0.07517398374859828,7.482475570032573,0.20900373801397693,15.290299286171651,22.382041837924906,18.71172163404611,0.0,0.0,0.0,0.3254862185335791,3.7483887856991487,0.05558900446774547,53.69214786562516,0.3309317712903455,0.13599999999999995,38.88437115358266,4.794214375104969,0.0,0.11583425290665131,0.16413953638744302,0.14614601882472653,3.0270487468515572,1.988289643362083,0.30134926450704935,Real Estate Services,Real Estate,ASPS
2013Q2,2013,Q2,2013-07-25,2013-06-30,30931000.0,186110000.0,39310000.0,1.25,62529000.0,0.33597872226102843,643133000.0,169768000.0,299081000.0,76704000.0,471723000.0,0.0,178937000.0,2236194550.0,2461281550.0,7.329908035058935,3.89915780141844,0.6264520713444964,2.3731916497808774,0.06383337976546001,7.329908035058935,0.1821957023702936,12.015445435495137,18.074056367398402,13.172061578153716,0.0,0.0,0.0,0.2893802681560424,3.7761915936587402,0.048094251111356436,43.442341913550266,0.33597872226102843,0.13636363636363627,12.040292210032955,3.7287254386893904,0.0,0.34737545250818824,0.1240279090050149,0.18457134247400933,1.060852849990436,1.841050741244932,0.36813090611535754,Real Estate Services,Real Estate,ASPS
2013Q1,2013,Q1,2013-04-25,2013-03-31,27518000.0,148827000.0,33185000.0,1.1,46408000.0,0.3118251392556458,431432000.0,165860000.0,210076000.0,66946000.0,264271000.0,0.0,151441000.0,1622856820.0000002,1746089820.0000002,7.09591854196971,3.137991814298091,0.4648148491535167,1.2090678885807307,0.08420785397284458,7.09591854196971,0.1659110092849391,10.904317227384817,14.743593466094921,9.784497889786568,0.0,0.0,0.0,0.34496050362513675,2.9753682072117824,0.06378293682434312,625.1374499229585,0.3118251392556458,-0.09090909090909081,7.159610582363367,2.599022965673892,0.0,0.4271041544942956,-0.09160532136137062,-0.008159483531591847,3.6087386975338682,1.5782503851393366,0.4854734892974634,Real Estate Services,Real Estate,ASPS
2012Q4,2012,Q4,2013-02-13,2012-12-31,30293000.0,141101000.0,33458000.0,1.21,32519000.0,0.23046612001332378,429226000.0,158459000.0,203850000.0,71632000.0,269397000.0,0.0,124127000.0,2025473970.0,2123460970.0,6.779284675280226,2.84579517534063,0.47408358300755316,1.2841744552218555,0.09166297075485011,6.779284675280226,0.1911724799474943,14.35478111423732,16.715693146931635,12.782322051761023,0.0,0.0,0.0,0.32873358091075566,2.7399905070359614,0.07057587378211012,252.30119207772796,0.23046612001332378,0.12037037037037027,12.303074929843326,2.7283457965336133,1.6928582638075091,-0.3457073298323977,0.12096654825340439,0.07069026208838683,4.448416936038596,1.646118146254173,0.9384414072435815,Real Estate Services,Real Estate,ASPS
2012Q3,2012,Q3,2012-10-25,2012-09-30,27024000.0,143988000.0,31249000.0,1.08,49701000.0,0.3451745978831569,306251000.0,230965000.0,159556000.0,71415000.0,73856000.0,0.0,200736000.0,2065179619.9999998,1981095619.9999998,9.896520695860827,2.234208499614927,0.0011265269337896039,0.001493732816660533,0.1222767706503888,9.896520695860827,0.11700474097807027,14.34272036558602,19.105051250740082,8.941526291862404,0.0,0.0,0.0,0.4701633627318768,2.057354897430512,0.08824134451805872,51.60755728815253,0.3451745978831569,-0.044247787610619316,28.531763697252977,2.9040390561987732,0.0,-0.034313249266520296,-0.03764110964709234,-0.036981108816912696,2.221709066000643,1.744540034199223,2.0785818855475595,Real Estate Services,Real Estate,ASPS
2012Q2,2012,Q2,2012-07-26,2012-06-30,28081000.0,144205000.0,32449000.0,1.13,51467000.0,0.3569016330917791,267727000.0,202194000.0,123955000.0,61486000.0,63988000.0,0.0,175074000.0,1707430680.0,1662789680.0,8.671899125064334,2.0159873792408027,0.0019348067247606704,0.002561896000870451,0.14587051219419916,8.671899125064334,0.13888147027112574,11.84030151520405,15.200942630248212,8.44451704798362,0.0,0.0,0.0,0.5386270342550434,1.8781511238330677,0.10488669428186174,80.14977608787494,0.3569016330917791,0.10784313725490184,10.760050636536889,2.639636135774772,0.0,0.0879592440705196,0.11304451226762852,0.071242283186425,3.1290099383877914,1.9866604340470124,2.183186159095792,Real Estate Services,Real Estate,ASPS
2012Q1,2012,Q1,2012-04-26,2012-03-31,25229000.0,139066000.0,30291000.0,1.02,47306000.0,0.34016941596076683,240517000.0,172996000.0,96332000.0,61925000.0,64513000.0,0.0,147026000.0,1417823840.0,1391792840.0,7.398999187374364,1.5556237383932177,0.0024031565336337973,0.003341117713704363,0.15750593599186274,7.398999187374364,0.14583574186686396,10.195330562466742,14.049544571723017,8.195703022035191,0.0,0.0,0.0,0.5781961358240789,1.4368671780379492,0.10489487229592918,122.03682561542435,0.34016941596076683,-0.019230769230769246,6.478638841582619,2.361969826286901,0.0,-0.0039164490861618795,-0.01950954102055886,-0.018056275933609957,4.846108758795155,2.356369041245807,1.825794487333314,Real Estate Services,Real Estate,ASPS
2011Q4,2011,Q4,2012-02-16,2011-12-31,25731000.0,131956000.0,30848000.0,1.04,47492000.0,0.35990784807056897,224159000.0,162755000.0,90265000.0,55440000.0,58216000.0,0.0,126161000.0,1173258580.0,1141969580.0,6.960993969462384,1.6281565656565657,0.002828349519760527,0.003895425639765291,0.17216871997074004,6.960993969462384,0.15809652545236705,8.891286337870199,11.399271112665655,7.208740622407913,0.0,0.0,0.0,0.5886714341159623,1.5174963924963925,0.11478905598258379,31.11348961786311,0.35990784807056897,0.5522388059701492,10.296304094928956,2.4856613740888163,1.7650365831858477,0.30279256048718933,0.4985149379768214,0.4602603550295858,10.296304094928956,2.4856613740888163,1.7650365831858477,Real Estate Services,Real Estate,ASPS
2011Q3,2011,Q3,2011-10-27,2011-09-30,17171000.0,109793000.0,21125000.0,0.67,36454000.0,0.3320248103248841,209729000.0,161632000.0,80610000.0,42491000.0,46054000.0,0.0,100984000.0,861427990.0,841165990.0,6.640318803664599,1.8971076227907087,0.0030658611827644247,0.00397817263908137,0.11793029019457274,6.640318803664599,0.1062351514551574,7.845928155711202,12.541901898549881,5.329563390912691,0.0,0.0,0.0,0.5234993730003957,1.6824504012614436,0.08187232094750845,37.91997138706695,0.3320248103248841,0.2884615384615385,16.99121774689185,1.8542218432650903,0.0,0.20824632925657088,0.28285394097870753,0.29864142128235077,16.99121774689185,1.8542218432650903,0.0,Real Estate Services,Real Estate,ASPS
2011Q2,2011,Q2,2011-07-28,2011-06-30,13385000.0,93268000.0,16267000.0,0.52,30171000.0,0.3234871552944204,203049000.0,166391000.0,92565000.0,31850000.0,35173000.0,0.0,84744000.0,906199999.9999999,872359999.9999999,6.756994923857868,2.9062794348508634,0.003206122660047575,0.0039124712274101366,0.08589319646318382,6.756994923857868,0.08044305280934666,9.71608697516833,16.92566305565932,5.446208028078441,0.0,0.0,0.0,0.4593374013169235,2.748100470957614,0.06592004885520245,46.47417816298271,0.3234871552944204,-0.08771929824561392,4.307534247986958,1.2288873575393655,0.0,-0.10527564425728775,-0.09713322091062394,-0.0687009789889506,4.307534247986958,1.2288873575393655,0.0,Real Estate Services,Real Estate,ASPS
2011Q1,2011,Q1,2011-04-28,2011-03-31,14825000.0,88670000.0,17467000.0,0.57,33721000.0,0.38029773316792603,196391000.0,157654000.0,89418000.0,33480000.0,37196000.0,0.0,71954000.0,762244600.0,737303600.0,6.345502113101228,2.6707885304659498,0.003533766822308558,0.0044020449845865,0.0989950764806988,6.345502113101228,0.09403503875575628,8.59642043532198,12.85404047217538,4.834920775876286,0.0,0.0,0.0,0.4514972682047548,2.4742234169653523,0.07548716590882475,50.002925741275256,0.38029773316792603,-0.12307692307692318,3.135626474922618,1.0173146271762241,0.0,-0.013053531185061609,-0.11682354342904802,0.028499087322616735,3.135626474922618,1.0173146271762241,0.0,Real Estate Services,Real Estate,ASPS
2010Q4,2010,Q4,2011-02-18,2010-12-31,16786000.0,91477000.0,16983000.0,0.65,34167000.0,0.37350372224712225,197800000.0,148838000.0,89256000.0,41680000.0,45902000.0,0.0,58546000.0,713299950.0,692697950.0,5.990662105051318,2.1414587332053743,0.0034378159757330637,0.004568725728644567,0.12840382261961955,5.990662105051318,0.11278033835445249,7.797587918274539,10.623435452162516,4.792458579126299,0.0,0.0,0.0,0.4624721941354904,1.8145153550863724,0.08486349848331648,44.3815299900448,0.37350372224712225,0.7567567567567568,5.935072567288078,1.2740083019084014,1.3796026760889937,0.18090070162098643,0.7072823433685923,0.2185549257372462,5.935072567288078,1.2740083019084014,1.3796026760889937,Real Estate Services,Real Estate,ASPS
2010Q3,2010,Q3,2010-10-28,2010-09-30,9832000.0,77580000.0,13937000.0,0.37,28933000.0,0.372944057746842,187907000.0,145573000.0,78030000.0,34482000.0,40109000.0,0.0,44150000.0,788402520.0,767177520.0,5.749782763251441,2.2629197842352533,0.004278712341743522,0.005523002205079238,0.07637008061545648,5.749782763251441,0.06753999711484959,10.162445475638052,20.046850081366966,5.415856786629389,0.0,0.0,0.0,0.4128638102891324,2.0245055391218605,0.05232375590052526,131.00739780658026,0.372944057746842,-0.40322580645161293,8.904119284566697,0.938973482030336,0.0,0.060438352147778915,-0.3985440753655105,-0.0386286817962337,8.904119284566697,0.938973482030336,0.0,Real Estate Services,Real Estate,ASPS
2010Q2,2010,Q2,2010-07-30,2010-06-30,16347000.0,71348000.0,14497000.0,0.62,27284000.0,0.3824073554970006,174473000.0,135151000.0,63450000.0,29890000.0,37848000.0,0.0,34318000.0,624091240.0,603609240.0,5.357607230635059,2.1227835396453663,0.0015933697477546669,0.0020569585130705654,0.1295812616875424,5.357607230635059,0.12095360004735443,8.747144138588327,9.544430782406558,4.6177330541394435,0.0,0.0,0.0,0.4089343336791366,1.9534626965540314,0.09369358009548756,205.56364953886694,0.3824073554970006,1.48,5.327619271843437,0.6644283644921071,0.0,0.208111937654977,1.5918820358332013,0.5178515338707989,5.327619271843437,0.6644283644921071,0.0,Real Estate Services,Real Estate,ASPS
2010Q1,2010,Q1,2010-05-14,2010-03-31,6307000.0,60974000.0,9551000.0,0.25,22584000.0,0.3703873782267852,165098000.0,117941000.0,54255000.0,40457000.0,45520000.0,0.0,17972000.0,553056000.0,533957000.0,4.776873228027542,1.3410534641718368,0.0031557014621618677,0.004417462968772522,0.06007483560673633,4.776873228027542,0.05347589048761669,9.070357857447437,21.92230854605993,4.689259884179378,0.0,0.0,0.0,0.36932004021853687,1.2178115035716934,0.038201553016995966,34.41114982578397,0.3703873782267852,0.08695652173913039,0.7704650052582864,0.3959167761277731,0.0,0.05859191900253117,0.07389749702026222,0.05221989644155558,0.7704650052582864,0.3959167761277731,0.0,Real Estate Services,Real Estate,ASPS
2009Q4,2009,Q4,2010-03-17,2009-12-31,5873000.0,56326000.0,9077000.0,0.23,21334000.0,0.3787593651244541,120556000.0,86348000.0,65403000.0,30667000.0,34208000.0,0.0,11665000.0,518243099.99999994,488451099.99999994,3.4972863507492913,2.132683340398474,0.004446066558279969,0.006207439662759995,0.0679895273630587,3.4972863507492913,0.06801547227498031,9.200779391400063,22.060407798399453,6.00179621994719,0.0,0.0,0.0,0.4672185540329805,1.987576221997587,0.0487159494342878,164.5738647189584,0.3787593651244541,-0.36111111111111105,1.4416404041786959,0.40898689720692727,0.38918734079081124,0.03507835621755373,-0.32056918093475245,-0.04913052587471192,1.4416404041786959,0.40898689720692727,0.38918734079081124,Real Estate Services,Real Estate,ASPS
2009Q3,2009,Q3,2009-11-12,2009-09-30,8644000.0,54064000.0,9546000.0,0.36,20611000.0,0.3812333530630364,98365000.0,77312000.0,45598000.0,18801000.0,21053000.0,0.0,5792000.0,347282000.0,323506000.0,3.2146361746361745,2.4252965267804902,0.009027601280943424,0.01148592715231788,0.08623328510283594,3.2146361746361745,0.11180670529801325,6.423535069547203,10.044018972697826,4.491954677152318,0.0,0.0,0.0,0.5496263915010421,2.2656773575873626,0.08787678544197632,31.425391367297077,0.3812333530630364,0.23421236680791538,8.166489925768824,0.4224748072723445,0.0,0.05947363010177856,0.23221667854597292,-0.11455338094796401,8.166489925768824,0.4224748072723445,0.0,Real Estate Services,Real Estate,ASPS
2009Q2,2009,Q2,2009-08-04,2009-06-30,7015000.0,49803000.0,10781000.0,0.291684,19454000.0,0.39061903901371403,79259000.0,65519000.0,26329000.0,11469000.0,13740000.0,0.0,0.0,157574273.75794,146180273.75794,2.7242827442827444,2.2956665794751068,0.007936007267313491,0.009600268624368503,0.1128462348014089,2.7242827442827444,0.10706817869625605,3.163951443847559,5.615619164573771,2.405016464810818,0.0,0.0,0.0,0.6283576628521682,2.0799546603888746,0.08850729885565047,14.551138032869147,0.39061903901371403,0.5803092526574708,1.8481526593585058,0.21863071351668792,0.0,0.3310071154898741,0.5803108808290155,0.5103670495937237,1.8481526593585058,0.21863071351668792,0.0,Real Estate Services,Real Estate,ASPS
2009Q1,2009,Q1,2009-06-30,2009-03-31,4439000.0,42619000.0,7138000.0,0.184574,14616000.0,0.34294563457612803,77289000.0,62972000.0,22178000.0,11614000.0,14317000.0,0.0,0.0,157574273.75794,153450273.75794,2.6183783783783783,1.909591871878767,0.010506022849305852,0.012894619831036016,0.0748817161801783,2.6183783783783783,0.07049164708124246,3.697277593513222,8.874424068367876,2.5022910779066887,0.0,0.0,0.0,0.5514238766189238,1.6934733941794387,0.05743378747299098,219.15754347418635,0.34294563457612803,0.9028247422680411,0.279250720461095,0.001668703581837025,0.0,0.16666666666666666,0.894579598804951,0.2468122270742358,0.279250720461095,0.001668703581837025,0.0,Real Estate Services,Real Estate,ASPS
2008Q4,2008,Q4,2008-12-31,2008-12-31,2343000.0,38940000.0,5725000.0,0.097,12528000.0,0.3217257318952234,76675000.0,60546000.0,19354000.0,13019000.0,16129000.0,0.0,0.0,157574273.75794,153065273.75794,2.5175051975051974,1.4865965127890006,0.026592761656341703,0.03367687378191788,0.04160691485837168,2.5175051975051974,0.038697849568922804,4.046591519207499,16.81330279107341,2.602554648662835,0.0,0.0,0.0,0.5078578415389632,1.2339657423765267,0.03055754809259863,21.851930905275275,0.3217257318952234,1.425,0.0,0.0,0.0,0.37973568281938325,1.4846235418875928,1.9540763673890609,0.0,0.0,0.0,Real Estate Services,Real Estate,ASPS
2008Q3,2008,Q3,2008-09-30,2008-09-30,943000.0,38007000.0,1938000.0,0.04,9080000.0,0.23890335990738548,,,,,,,,157574273.75794,,,0.0,0.0,0.0,0.0,,0.0,4.145927691160575,41.774727931585375,0.0,0.0,0.0,0.0,0.0,0.0,0.0,25.143493498953248,0.23890335990738548,-0.6094207710033981,0.0,0.0,0.0,-0.16197508075680664,-0.6171335769386926,-0.5251163930409214,0.0,0.0,0.0,Real Estate Services,Real Estate,ASPS
2008Q2,2008,Q2,2008-06-30,2008-06-30,2463000.0,40868000.0,4081000.0,0.102412,10835000.0,0.265121855730645,,,,,,,,157574273.75794,,,0.0,0.0,0.0,0.0,,0.0,3.855688405548106,15.994140657525376,0.0,0.0,0.0,0.0,0.0,0.0,0.0,-104.6309918711421,0.265121855730645,-0.29020050872244124,0.0,0.0,0.0,-0.15825046612802984,-0.2902017291066282,-0.2556994346160861,0.0,0.0,0.0,Real Estate Services,Real Estate,ASPS
2008Q1,2008,Q1,2008-03-31,2008-03-31,3470000.0,42548000.0,5483000.0,0.144283,12872000.0,0.3025289085268403,,,,,,,,157574273.75794,,,0.0,0.0,0.0,0.0,,0.0,3.7034472538765626,11.352613383136887,0.0,0.0,0.0,0.0,0.0,0.0,0.0,13.448346313727063,0.3025289085268403,0.0,0.0,0.0,0.0,0.0,0.0,0.0,0.0,0.0,0.0,Real Estate Services,Real Estate,ASPS
