Quarters,Year,Quarter,FillingDate,Date,NetIncome,Revenue,OperatingIncome,EPSDiluted,GrossProfit,GrossProfitRatio,TotalAssets,CommonStockEquity,CurrentAssets,CurrentLiability,TotalLiability,Inventory,RetainedEarnings,MarketCap,EnterpriseValue,bookValuePerShare,currentRatio,debtToAssets,debtToEquity,roic,shareholdersEquityPerShare,roe,priceToSalesRatio,peRatio,pbRatio,payoutRatio,inventoryTurnover,dividendYield,assetTurnover,quickRatio,returnOnAssets,priceToFreeCashFlowsRatio,grossProfitMargin,epsdilutedGrowth,fiveYNetIncomeGrowthPerShare,fiveYRevenueGrowthPerShare,fiveYShareholdersEquityGrowthPerShare,grossProfitGrowth,netIncomeGrowth,operatingIncomeGrowth,threeYNetIncomeGrowthPerShare,threeYRevenueGrowthPerShare,threeYShareholdersEquityGrowthPerShare,Industry,Sector,Symbol
2023Q1,2023,Q1,2023-05-17,2023-03-31,4692946.0,0.0,-357288.0,0.16,0.0,0.0,241548682.0,228320346.0,1040703.0,578336.0,13228336.0,0.0,-12188208.0,60087499.99999999,63845146.99999999,39.707886260869564,1.7994781580257844,0.019043780168504502,0.02014713134676136,-0.0033207145016217565,39.707886260869564,0.02055421727505616,0.0,3.200947762876453,0.2631719032170703,0.0,0.0,0.0,0.0,1.4565114397167045,0.019428572166665766,-578.0645719893021,0.0,-0.9999999947426895,0.0,0.0,0.0,0.0,1.6640202134079018,-0.6027920831165102,0.0,0.0,0.0,Shell Companies,Financial Services,DPCS
2022Q4,2022,Q4,2023-04-17,2022-12-31,1761603.0,0.0,-222916.0,30433812.41,0.0,0.0,239137709.0,226152517.0,1154847.0,335192.0,12985192.0,0.0,-11830920.0,235980000.0,239633701.0,9.832718130434783,3.4453298408076565,0.019235778494474078,0.02034025559839336,-0.0007793038901081555,9.832718130434783,0.007789446800629683,0.0,33.48938438456337,1.0434551121975795,0.0,0.0,0.0,0.0,2.8231550872335855,0.0073664793702610904,-1258.0366567507917,0.0,1014460412.6666666,9.897020796043622,0.0,25978.372036763198,0.0,1.18304942338149,0.11519500829569179,9.897020796043622,0.0,25978.372036763198,Shell Companies,Financial Services,DPCS
2022Q3,2022,Q3,2022-11-14,2022-09-30,806946.0,0.0,-251938.0,0.03,0.0,0.0,237405457.0,224390914.0,1382752.0,364543.0,13014543.0,0.0,-11608004.0,290087500.0,293553623.0,7.804901356521739,3.7931108264319984,0.019376134222559172,0.020499938780943687,-0.0011016532996446673,7.804901356521739,0.0035961616520711706,0.0,89.87202985082025,1.2927773893732613,0.0,0.0,0.0,0.0,3.110406728424356,0.003399020436164616,-5005.73760590844,0.0,1.7777777777777775,134491.99999999997,0.0,16666.229740771003,0.0,1.5902757046695493,0.2176980378640385,134491.99999999997,0.0,16666.229740771003,Shell Companies,Financial Services,DPCS
2022Q2,2022,Q2,2022-08-15,2022-06-30,311529.0,0.0,-322047.0,0.0108,0.0,0.0,236478096.0,223583968.0,1455295.0,244128.0,12894128.0,0.0,-11356066.0,285487500.0,288895672.0,7.776833669565217,5.961196585397824,0.019452118728154846,0.0205739259444577,0.08360445883615357,7.776833669565217,0.001393342299032818,0.0,229.1018653159096,1.276869278927906,0.0,0.0,0.0,0.0,4.881979944946913,0.0013173693685355112,-3084.4173383175953,0.0,3.918918918918919,28.016650767496312,0.0,16598.89368178781,0.0,3.9413391997280813,-1.1291519014121754,28.016650767496312,0.0,16598.89368178781,Shell Companies,Financial Services,DPCS
2022Q1,2022,Q1,2022-05-13,2022-03-31,-105914.0,0.0,-151256.0,-0.0037,0.0,0.0,236332297.0,223589227.0,1567944.0,93070.0,12743070.0,0.0,-11011348.0,286062500.0,289378114.0,7.777016591304347,16.846932416460728,0.019464119201617204,0.020573442029029422,-0.0005459847782032685,7.777016591304347,-0.0004736990302310048,0.0,-675.2235304114658,1.279410926180267,0.0,0.0,0.0,0.0,13.800214892016761,-0.00044815711328697493,-1834.7572043383168,0.0,0.5697674418604651,0.0,0.0,0.0,0.0,0.572062917425929,0.38886217722091804,0.0,0.0,0.0,Shell Companies,Financial Services,DPCS
2021Q4,2021,Q4,2022-04-11,2021-12-31,-247499.0,0.0,-247499.0,-0.0086,0.0,0.0,236487.93,-10882.188,1688.549,120.118,12770.118,0.0,-10882.763,285487500.0,285486059.701,-0.0003785108869565217,14.057418538437204,0.0,0.0,22.743496068989067,-0.0003785108869565217,22.743496068989067,0.0,-288.3723772621303,-26234.384114665176,0.0,0.0,0.0,0.0,11.990700810869312,-1.046560811792805,-482329576.4606103,0.0,-41207.33333333333,0.0,0.0,0.0,0.0,-41248.833333333336,-41248.833333333336,0.0,0.0,0.0,Shell Companies,Financial Services,DPCS
2021Q3,2021,Q3,2021-12-23,2021-09-30,-6.0,0.0,-6.0,-2.0869565217391306e-07,0.0,0.0,381529.0,13463.0,19552.0,368066.0,368066.0,0.0,-11537.0,285487500.0,285541973.0,0.00046827826086956524,0.053120907663299514,0.19402194852815907,5.498403030528114,-6.858083394294074e-05,0.00046827826086956524,-0.0004456658991309515,0.0,-11895312.499999998,21205.340563024583,0.0,0.0,0.0,0.0,0.053120907663299514,-1.572619643591968e-05,-51944.596069868996,0.0,0.9994795619646536,0.0,0.0,0.0,0.0,0.9994796635157401,0.9994796635157401,0.0,0.0,0.0,Shell Companies,Financial Services,DPCS
2021Q2,2021,Q2,2021-06-30,2021-06-30,-11531.0,0.0,-11531.0,-0.000401,0.0,0.0,387025.0,13469.0,25048.0,373556.0,373556.0,0.0,-11531.0,285487500.0,285462452.0,0.00046848695652173915,0.06705286489843558,0.0,0.0,-0.8561140396465959,0.00046848695652173915,-0.8561140396465959,0.0,-6189.565085421906,21195.8942757443,0.0,0.0,0.0,0.0,0.06705286489843558,-0.02979394095988631,5947656.25,0.0,0.0,0.0,0.0,0.0,0.0,0.0,0.0,0.0,0.0,0.0,Shell Companies,Financial Services,DPCS
2021Q1,2021,Q1,2021-04-30,2021-04-30,,,,,,,313000.0,18959.0,25000.0,294041.0,294041.0,0.0,-6041.0,0.0,-25000.0,0.0,0.08502215677405532,0.0,0.0,,0.0,,0.0,0.0,0.0,0.0,0.0,,,0.08502215677405532,,0.0,0.0,0.0,0.0,0.0,0.0,0.0,0.0,0.0,0.0,0.0,0.0,Shell Companies,Financial Services,DPCS
