Quarters,Year,Quarter,FillingDate,Date,NetIncome,Revenue,OperatingIncome,EPSDiluted,GrossProfit,GrossProfitRatio,TotalAssets,CommonStockEquity,CurrentAssets,CurrentLiability,TotalLiability,Inventory,RetainedEarnings,MarketCap,EnterpriseValue,bookValuePerShare,currentRatio,debtToAssets,debtToEquity,roic,shareholdersEquityPerShare,roe,priceToSalesRatio,peRatio,pbRatio,payoutRatio,inventoryTurnover,dividendYield,assetTurnover,quickRatio,returnOnAssets,priceToFreeCashFlowsRatio,grossProfitMargin,epsdilutedGrowth,fiveYNetIncomeGrowthPerShare,fiveYRevenueGrowthPerShare,fiveYShareholdersEquityGrowthPerShare,grossProfitGrowth,netIncomeGrowth,operatingIncomeGrowth,threeYNetIncomeGrowthPerShare,threeYRevenueGrowthPerShare,threeYShareholdersEquityGrowthPerShare,Industry,Sector,Symbol
2023Q1,2023,Q1,2023-05-08,2023-03-31,247700000.0,1262300000.0,273500000.0,0.31,954500000.0,0.7561593916,6832300000.0,11400000.0,4358700000.0,3261800000.0,6820900000.0,302700000.0,-1298700000.0,52051471999.99999,50738171999.99999,0.014555669050051073,1.3362867128579312,0.14503168771863062,86.92105263157895,0.2529061208002083,0.014555669050051073,21.728070175438596,41.23542105680107,52.534792087202256,4565.918596491228,0.0,1.0168483647175421,0.0,0.18475476779415423,1.215985038935557,0.0362542628397465,80.42563658838071,0.756159391586786,-0.22500000000000006,5.374748627425945,2.387038043269563,-0.9824009682790658,-0.031652632646849956,-0.21064372211599744,-0.23560648406931248,1.5939943132709988,1.3830787586287245,-0.9768488053334075,Software—Infrastructure,Technology,FTNT
2022Q4,2022,Q4,2023-02-24,2022-12-31,313800000.0,1283000000.0,357800000.0,0.4,985700000.0,0.7682774747,6228000000.0,-281600000.0,3810400000.0,3078400000.0,6509600000.0,264600000.0,-1546400000.0,38178201000.0,37485701000.0,-0.36060955307977977,1.237785862785863,0.1590237636480411,-3.5170454545454546,0.4921837736631014,-0.36060955307977977,-1.1143465909090908,29.756976617303195,30.416030114722755,-135.57599786931817,0.0,1.1235827664399094,0.0,0.20600513808606294,1.1280860187110187,0.050385356454720615,76.78640587288817,0.7682774746687451,0.37931034482758635,12.900194365007914,2.3818253671715026,-1.524752040203254,0.13756491633006349,0.3549222797927461,0.34764595103578155,1.9911567048704484,1.2930533295583087,-1.2339229077584621,Software—Infrastructure,Technology,FTNT
2022Q3,2022,Q3,2022-11-07,2022-09-30,231600000.0,1149500000.0,265500000.0,0.29,866500000.0,0.7538060026,5335900000.0,-634700000.0,2982200000.0,2779600000.0,5958700000.0,215800000.0,-1860200000.0,38626006000.0,38651906000.0,-0.8073009412363267,1.0728881853504102,0.1855169699582076,-1.5596344729793603,0.6703758206638826,-0.8073009412363267,-0.3648968016385694,33.602441061331014,41.694738773747844,-60.85710729478494,0.0,1.3113994439295644,0.0,0.21542757547930058,0.9690602964455317,0.043404111771210105,97.73786943319838,0.7538060026098303,0.38095238095238093,8.715267909201483,2.4288348162373192,-1.7852622899213546,0.11189529064545105,0.33487031700288183,0.35944700460829493,2.1617679405840984,1.2872791962726904,-1.5760190404606078,Software—Infrastructure,Technology,FTNT
2022Q2,2022,Q2,2022-08-05,2022-06-30,173500000.0,1030100000.0,195300000.0,0.21,779300000.0,0.7565284924,5294500000.0,-392900000.0,2952900000.0,2634900000.0,5674100000.0,195200000.0,-1607600000.0,45003732000.0,45283132000.0,-0.49396530047774706,1.1206876921325288,0.18687317027103598,-2.5181980147620258,0.32313700501429626,-0.49396530047774706,-0.44158819037923136,43.68870206776041,64.84687608069164,-114.54245864087554,0.0,1.2848360655737705,0.0,0.19456039286051563,1.0149910812554557,0.032769855510435354,158.74332275132275,0.7565284923793807,0.16666666666666666,7.321593218445388,2.130902346025779,-1.4706988635729523,0.11169757489300998,0.1818801089918256,0.2933774834437086,1.5668441198514569,1.123699073968977,-1.3765368569533214,Software—Infrastructure,Technology,FTNT
2022Q1,2022,Q1,2022-05-06,2022-03-31,146800000.0,954800000.0,151000000.0,0.18,701000000.0,0.7341851697,5651100000.0,217700000.0,3208300000.0,2510500000.0,5417900000.0,184600000.0,-1003400000.0,54917618000.0,54983018000.0,0.27093963907902924,1.2779525990838478,0.17499247934030543,4.54248966467616,0.13245343353684033,0.27093963907902924,0.6743224621038126,57.51740469208211,93.5245538147139,252.26282958199357,0.0,1.3748645720476707,0.0,0.16895825591477764,1.167894841665007,0.025977243368547717,200.79567824497258,0.7341851696690407,-0.25,13.873219995634711,2.044041344708837,-0.7368436442274874,-0.046647626818985446,-0.27897838899803534,-0.27123552123552125,1.6441884781292733,1.1397467333062792,-0.7820908866305133,Software—Infrastructure,Technology,FTNT
2021Q4,2021,Q4,2022-02-25,2021-12-31,203600000.0,963600000.0,207200000.0,0.24,735300000.0,0.7630759651,5919100000.0,781700000.0,3600600000.0,2318100000.0,5120700000.0,175800000.0,-467900000.0,58582200000.0,58251500000.0,0.9591411042944785,1.5532548207583796,0.1669848456691051,1.2644236919534348,0.11496626453469873,0.9591411042944785,0.2604579762057055,60.79514321295143,71.93295677799607,74.94204937955737,0.0,1.2986348122866893,0.0,0.16279501951310166,1.449204089556102,0.03439712118396378,271.8431554524362,0.7630759651307597,0.23711340206185558,7.660521231050365,1.842981619102323,-0.0010542667958372198,0.12088414634146341,0.24831391784181484,0.24519230769230768,0.16562535697726763,0.9868762478672816,-0.19106293718184938,Software—Infrastructure,Technology,FTNT
2021Q3,2021,Q3,2021-11-08,2021-09-30,163100000.0,867200000.0,166400000.0,0.194,656000000.0,0.7564575645756457,5970600000.0,1118100000.0,3963500000.0,2198000000.0,4835000000.0,177900000.0,-138600000.0,47748540000.0,46902040000.0,1.3677064220183486,1.8032302092811647,0.16842528389106623,0.8993828816742688,0.08300404295533746,1.3677064220183486,0.14587246221268224,55.06058579335793,73.18905579399141,42.70507110276362,0.0,1.1871838111298483,0.0,0.145245033999933,1.6951319381255687,0.0273171875523398,144.78029108550638,0.7564575645756457,0.18292682926829268,26.485445690338658,1.9034461177099327,0.4401339386587489,0.06805600781504396,0.18618181818181817,0.128135593220339,1.8855977368988641,0.9841706232023789,0.3023584032005135,Software—Infrastructure,Technology,FTNT
2021Q2,2021,Q2,2021-08-02,2021-06-30,137500000.0,801100000.0,147500000.0,0.164,614200000.0,0.7666957932842342,5558900000.0,1050200000.0,3908200000.0,1998500000.0,4508700000.0,149800000.0,-195700000.0,38896427000.0,38004627000.0,1.2862216778934477,1.9555666750062546,0.1776430588785551,0.940297086269282,0.06864145343042273,1.2862216778934477,0.13092744239192536,48.55377231306953,70.72077636363636,37.03716149304894,0.0,1.2476635514018692,0.0,0.14411124503049164,1.85028771578684,0.02473510946410261,98.54681276919179,0.7666957932842342,0.28125,105.38661760060425,1.710892331423453,0.375338326275282,0.1092649449160195,0.2826492537313433,0.21299342105263158,1.8795668445810236,0.874235630434991,0.3897524666292955,Software—Infrastructure,Technology,FTNT
2021Q1,2021,Q1,2021-05-03,2021-03-31,107200000.0,710300000.0,121600000.0,0.128,553700000.0,0.7795297761509221,5282200000.0,980800000.0,3781200000.0,1879700000.0,4301400000.0,149600000.0,-244900000.0,30060460000.0,29187260000.0,1.203435582822086,2.011597595360962,0.18685396236416646,1.0063213703099512,0.055480846315801656,1.203435582822086,0.10929853181076672,42.32079403069126,70.10368470149254,30.64891924959217,0.0,1.0467914438502675,0.0,0.13447048578243914,1.9014736394105443,0.02029457423043429,113.95170583775588,0.7795297761509221,-0.28089887640449435,33.940015422407576,1.6299048861584797,0.3919935949328003,-0.046987951807228916,-0.26925698704839807,-0.282172373081464,1.6512269938650306,0.8315314359518428,0.45505513510644413,Software—Infrastructure,Technology,FTNT
2020Q4,2020,Q4,2020-12-31,2020-12-31,146700000.0,748000000.0,169400000.0,0.178,581000000.0,0.7767379679144385,4044500000.0,856000000.0,2740400000.0,1829500000.0,3188500000.0,139800000.0,-352100000.0,24136125000.0,23074325000.0,1.0535384615384615,1.4978955998906804,0.0,0.0,0.1690828112497891,1.0535384615384615,0.1713785046728972,32.26754679144385,41.131774028629856,28.196407710280372,0.0,1.1945636623748213,0.0,0.18494251452589938,1.3978136102760317,0.03627147978736556,91.35550719152157,0.7767379679144385,0.18666666666666665,62.216945419221666,1.6673657914377038,0.19827958347034258,0.13498730220746238,0.18881685575364668,0.33490937746256894,6.346915028964681,0.8949518192311015,0.5330887726166129,Software—Infrastructure,Technology,FTNT
2020Q3,2020,Q3,2020-09-30,2020-09-30,123400000.0,651100000.0,126900000.0,0.15,511900000.0,0.7862079557671633,3586200000.0,713200000.0,2384600000.0,1645600000.0,2873000000.0,134500000.0,-466900000.0,19097001000.0,18214701000.0,0.8799506477483036,1.449076324744774,0.0,0.0,0.17100169828232373,0.8799506477483036,0.17302299495232754,29.330365535248042,38.68922406807132,26.776501682557488,0.0,1.0349442379182157,0.0,0.18155707991746137,1.338903743315508,0.034409681557079914,102.83791599353796,0.7862079557671633,0.10294117647058812,14.99565381198795,1.6510414013391856,-0.050512777540082314,0.06557035803497085,0.1008028545941124,0.08740359897172237,4.021244929559212,0.8839323494913682,-0.14407128076624745,Software—Infrastructure,Technology,FTNT
2020Q2,2020,Q2,2020-06-30,2020-06-30,112100000.0,615500000.0,116700000.0,0.136,480400000.0,0.7805036555645817,3330600000.0,543900000.0,2208700000.0,1611900000.0,2786700000.0,126000000.0,-613100000.0,22182832000.0,21266432000.0,0.6731435643564356,1.3702462931943669,0.0,0.0,0.1977988830667402,0.6731435643564356,0.20610406324692038,36.04034443541836,49.471079393398746,40.78476190476191,0.0,1.0722222222222222,0.0,0.18480153726055365,1.2566536385631863,0.033657599231369725,102.65077279037483,0.7805036555645817,0.13333333333333347,147.8363914516452,1.6991980181503354,-0.23825804152561708,0.07184292726461401,0.07788461538461539,0.006902502157031924,4.292816553992916,0.8415877524276586,-0.35856241226342045,Software—Infrastructure,Technology,FTNT
2020Q1,2020,Q1,2020-03-31,2020-03-31,104000000.0,576900000.0,115900000.0,0.12,448200000.0,0.7769110764430577,3206200000.0,536300000.0,2035300000.0,1543000000.0,2669900000.0,105000000.0,-589200000.0,17259602000.0,16633502000.0,0.6287221570926143,1.3190537913156188,0.0,0.0,0.19193407465168,0.6287221570926143,0.19392131269811672,29.917840180273878,41.48942788461539,32.18273727391386,0.0,1.2257142857142858,0.0,0.17993263052835132,1.2158133506156836,0.032437153016031436,59.14873886223441,0.7769110764430577,-0.09090909090909098,64.68073466197733,1.6698244008409238,-0.265896669262565,-0.05423085039037771,-0.09722222222222222,-0.021114864864864864,8.925425535417702,0.7325091037413866,-0.3893391449980286,Software—Infrastructure,Technology,FTNT
2019Q4,2019,Q4,2019-12-31,2019-12-31,115200000.0,614400000.0,118400000.0,0.132,473900000.0,0.7713216145833334,3885500000.0,1321900000.0,2769000000.0,1473600000.0,2563600000.0,117900000.0,140300000.0,18309340000.0,17086840000.0,1.5415743440233236,1.879071661237785,0.0,0.0,0.0808006178430314,1.5415743440233236,0.08714728799455329,29.800358072916666,39.73381076388889,13.850775399046826,0.0,1.191687871077184,0.0,0.15812636726290052,1.7711047774158524,0.02964869386179385,127.85851955307263,0.7713216145833334,0.4347826086956523,15.311273209038289,1.6462877600186416,0.8864596584804165,0.11927255550307038,0.44360902255639095,0.184,3.6573858153290724,0.7228677735736139,0.6055501182089943,Software—Infrastructure,Technology,FTNT
2019Q3,2019,Q3,2019-09-30,2019-09-30,79800000.0,547500000.0,100000000.0,0.092,423400000.0,0.7733333333333333,3545600000.0,1200400000.0,2466200000.0,1341900000.0,2345200000.0,99200000.0,46500000.0,13148988000.0,11973488000.0,1.401517805020432,1.8378418660108802,0.0,0.0,0.06307195514208735,1.401517805020432,0.06647784071976008,24.016416438356163,41.19357142857143,10.953838720426525,0.0,1.251008064516129,0.0,0.15441674187725632,1.7321708025933378,0.022506768953068593,64.55075110456553,0.7733333333333333,0.09523809523809515,17.86988638915084,1.7158687617405337,0.7733498524244781,0.0762582613116421,0.09766162310866575,0.32978723404255317,11.835479812848032,0.749601003548212,0.4757358188505761,Software—Infrastructure,Technology,FTNT
2019Q2,2019,Q2,2019-06-30,2019-06-30,72700000.0,521700000.0,75200000.0,0.084,393400000.0,0.7540732221583285,3369400000.0,1122300000.0,2360700000.0,1293700000.0,2247100000.0,85700000.0,-9000000.0,13207209000.0,12185109000.0,1.311864406779661,1.8247661745381465,0.0,0.0,0.05677485068022358,1.311864406779661,0.06477768867504233,25.31571592869465,45.416812242090785,11.767984496124031,0.0,1.49708284714119,0.0,0.1548346886686057,1.726288938702945,0.021576541817534278,74.28126546681665,0.7540732221583285,0.23529411764705882,10.40054875775511,1.702328335798129,0.7117610667188319,0.09399332591768632,0.23639455782312926,0.48616600790513836,53.67599083401688,0.6849326626157912,0.4027577271714447,Software—Infrastructure,Technology,FTNT
2019Q1,2019,Q1,2019-03-31,2019-03-31,58800000.0,472600000.0,50600000.0,0.068,359600000.0,0.7608971646212441,3205700000.0,1058100000.0,2313300000.0,1254300000.0,2147600000.0,88400000.0,-50000000.0,14504444000.0,13287544000.0,1.2433607520564043,1.844295623056685,0.0,0.0,0.046631975741743034,1.2433607520564043,0.055571307059824215,30.690740584003386,61.66855442176871,13.708008694830356,0.0,1.2782805429864252,0.0,0.1474248993979474,1.7402535278641473,0.018342327728733194,75.89975928833071,0.7608971646212441,-0.673076923076923,5.684401121577028,1.6689503341940521,0.6547498900758862,-0.049933949801849405,-0.6779846659364732,-0.40540540540540543,18.303517142613345,0.6757915385660278,0.43817436326312764,Software—Infrastructure,Technology,FTNT
2018Q4,2018,Q4,2018-12-31,2018-12-31,182600000.0,507000000.0,85100000.0,0.208,378500000.0,0.7465483234714004,3078000000.0,1010200000.0,2220900000.0,1256400000.0,2067800000.0,90000000.0,-57500000.0,12001272000.0,10888872000.0,1.1856807511737089,1.7676695319961795,0.0,0.0,0.16701802311321373,1.1856807511737089,0.18075628588398338,23.67114792899408,16.431095290251918,11.880095030686993,0.0,1.4277777777777778,0.0,0.16471734892787523,1.666746259153136,0.05932423651721897,71.18192170818506,0.7465483234714004,2.1515151515151514,13.5615268257347,1.7393203738926368,0.6525465952983674,0.10575518550978674,2.110732538330494,0.35509554140127386,73.6651358426804,0.7241407379151431,0.3485763344325388,Software—Infrastructure,Technology,FTNT
2018Q3,2018,Q3,2018-09-30,2018-09-30,58700000.0,453900000.0,62800000.0,0.066,342300000.0,0.7541308658294779,2763500000.0,891600000.0,2078100000.0,1111900000.0,1871900000.0,80800000.0,-156000000.0,15670841999.999998,14501541999.999998,1.0501766784452298,1.8689630362442666,0.0,0.0,0.05856295522452553,1.0501766784452298,0.0658366980708838,34.52487772637144,66.74123509369676,17.57609017496635,0.0,1.381188118811881,0.0,0.16424823593269405,1.7614893425667777,0.021241179663470236,98.86966561514194,0.7541308658294779,0.1785714285714286,4.106241591794457,1.8149589798422407,0.42577903584779647,0.04296160877513711,0.19066937119675456,0.23865877712031558,6.2639068580823745,0.7643076877257052,0.13316507017829587,Software—Infrastructure,Technology,FTNT
2018Q2,2018,Q2,2018-06-30,2018-06-30,49300000.0,441300000.0,50700000.0,0.056,328200000.0,0.7437117607070021,2575700000.0,780200000.0,1884800000.0,1085200000.0,1795500000.0,78200000.0,-214700000.0,10525698000.0,9553598000.0,0.9255041518386714,1.7368227054920753,0.0,0.0,0.062207350368215265,0.9255041518386714,0.06318892591643169,23.851570360299117,53.3757505070994,13.491025378108178,0.0,1.4462915601023019,0.0,0.1713320650696898,1.628547733136749,0.01914042784485771,80.53326702371844,0.7437117607070021,0.16666666666666666,4.283698803204578,1.8805343499841698,0.323732751424746,0.0874751491053678,0.18509615384615385,0.5648148148148148,61.73851354589789,0.8549166635561793,0.04731796087477823,Software—Infrastructure,Technology,FTNT
2018Q1,2018,Q1,2018-03-31,2018-03-31,41600000.0,399000000.0,32400000.0,0.048,301800000.0,0.7563909774436091,2400700000.0,693500000.0,1735800000.0,1029700000.0,1707200000.0,80000000.0,-262600000.0,8985366000.0,8149766000.0,0.827072152653548,1.685733708847237,0.0,0.0,0.05295729712845438,0.827072152653548,0.05998558038932949,22.519714285714286,53.99859375,12.956547945205477,0.0,1.215,0.0,0.16620152455533801,1.5703602991162475,0.017328279251884866,70.14337236533957,0.7563909774436091,2.411764705882353,2.266220751448781,1.8252833316957173,0.21772557073436385,-0.030358330468531626,2.4364144884499845,-0.23219109910422295,25.7266149870801,0.8784559658417467,-0.034300898777275955,Software—Infrastructure,Technology,FTNT
2017Q4,2017,Q4,2017-12-31,2017-12-31,-28961000.0,416668000.0,42198000.0,-0.034,311249000.0,0.7469952096153293,2257916000.0,589377000.0,1716820000.0,1027223000.0,1668539000.0,77291000.0,-319580000.0,7494145700.0,6683141700.0,0.6871999067218563,1.6713216117629766,0.0,0.0,-0.045998916111678376,0.6871999067218563,-0.04913832742030992,17.9858921251452,-64.6917034978074,12.715368431411472,0.0,1.3639233545949723,0.0,0.18453653723167734,1.5570737804741521,-0.012826429326866012,52.089341840954745,0.7469952096153293,-2.1333333333333333,-2.2563362510320992,1.57169636780348,0.07621874716035289,0.10935316928516438,-2.088350244269072,0.2523148148148148,-5.099897256103022,0.7943206109886672,-0.1590578123148414,Software—Infrastructure,Technology,FTNT
2017Q3,2017,Q3,2017-09-30,2017-09-30,26610000.0,374217000.0,33696000.0,0.03,280568000.0,0.7497468046614665,2395279000.0,902225000.0,1650651000.0,910639000.0,1493054000.0,73595000.0,-9587000.0,6290600960.0,5384806960.0,1.0280653376557525,1.812629373439969,0.0,0.0,0.026218051298479362,1.0280653376557525,0.02949375155864668,16.81003524692892,59.09997143930853,6.97231949901632,0.0,1.2724913377267477,0.0,0.15623106953302726,1.6842612714807954,0.011109353023176005,44.74429874101999,0.7497468046614665,0.15384615384615385,0.3988053663591354,1.4838305519945518,0.7055065262136979,0.047610868615509845,0.155298918942387,0.1823157894736842,5.1410763331780425,0.8116796088044762,0.3008179477163129,Software—Infrastructure,Technology,FTNT
2017Q2,2017,Q2,2017-06-30,2017-06-30,23033000.0,363469000.0,28500000.0,0.026,267817000.0,0.7368358787131778,2360691000.0,922139000.0,1604634000.0,885519000.0,1438552000.0,86439000.0,42345000.0,6579743040.0,5726606040.0,1.0494295582704094,1.8120830834798576,0.0,0.0,0.021633355357342635,1.0494295582704094,0.024977796189077785,18.102625093199144,71.41647896496332,7.135305024513658,0.0,1.1065838336861833,0.0,0.15396720705928899,1.6733689508638436,0.009756888978693102,112.64947251279769,0.7368358787131778,1.1666666666666665,0.47949010823377075,1.525465163758519,0.9367185552717775,0.071216581604083,1.149202202108799,4.2680221811460255,2.516565971653014,0.8329962260175072,0.36932799672561356,Software—Infrastructure,Technology,FTNT
2017Q1,2017,Q1,2017-03-31,2017-03-31,10717000.0,340576000.0,5410000.0,0.012,250012000.0,0.7340857840834352,2267383000.0,898249000.0,1616082000.0,856585000.0,1369134000.0,104978000.0,48337000.0,6691653150.0,5868404150.0,1.029576649530916,1.8866568991985617,0.0,0.0,0.007964789842629848,1.029576649530916,0.011930990182009665,19.648046691487362,156.09902841280208,7.4496639016575585,0.0,0.8626950408657051,0.0,0.15020664792847085,1.714696148076373,0.004726594492417029,57.57598022766578,0.7340857840834352,-0.5714285714285714,-0.323923521255551,1.5971479134535194,1.0162360710335754,-0.08063205351200085,-0.5741476595406501,-0.8802911955391322,0.18836515791845523,0.8760841632046462,0.3702313225009177,Software—Infrastructure,Technology,FTNT
2016Q4,2016,Q4,2016-12-31,2016-12-31,25166000.0,362830000.0,45193000.0,0.028,271939000.0,0.7494942535071522,2139941000.0,837681000.0,1538716000.0,829440000.0,1302260000.0,106887000.0,37620000.0,5255608680.0,4546605680.0,0.9601533621030552,1.855126350308642,0.0,0.0,0.031206679526811644,0.9601533621030552,0.030042462464828498,14.48504445608136,52.209416275927836,6.2739977151206725,0.0,0.8503466277470599,0.0,0.16955140352000359,1.6861050829475308,0.011760137312196925,62.437435312566826,0.7494942535071522,2.5,0.364182849212187,1.6841166661329239,1.090021682773147,0.17292438547835426,3.0003179144810046,7.234876093294461,0.9598456549620995,0.9144304520353324,0.3382170267477205,Software—Infrastructure,Technology,FTNT
2016Q3,2016,Q3,2016-09-30,2016-09-30,6291000.0,316646000.0,5488000.0,0.008,231847000.0,0.7321962064892656,2010160000.0,823088000.0,1394873000.0,750360000.0,1187072000.0,93731000.0,43093000.0,6401261550.0,5753748550.0,0.9497077912712377,1.8589383762460685,0.0,0.0,0.006366020169812993,0.9497077912712377,0.0076431681667087845,20.21582950676781,254.38171793037674,7.777128994712595,0.0,0.9047060204201385,0.0,0.15752278425597963,1.6917346340423263,0.003129601623751343,91.1613886554921,0.7321962064892656,5.0,-0.6895360946317595,1.404809916533369,1.2968148249768239,0.021856598850534183,5.532420749279539,2.356736711990111,-0.46391412577601954,0.923699867978991,0.28937681322397135,Software—Infrastructure,Technology,FTNT
2016Q2,2016,Q2,2016-06-30,2016-06-30,-1388000.0,311391000.0,-4045000.0,-0.002,226888000.0,0.7286273527494372,1960178000.0,804626000.0,1353884000.0,731964000.0,1155552000.0,81247000.0,58808000.0,5435849250.0,4839469250.0,0.9352038355368298,1.849659272860414,0.0,0.0,-0.0018909827364996326,0.9352038355368298,-0.0017250250426906414,17.456667822769443,-979.0794758645532,6.755746458603127,0.0,1.0400753258581856,0.0,0.1588585322353378,1.6929070282145025,-0.000708098958359904,101.6084573255075,0.7286273527494372,0.5,-1.0847401487789936,1.6746063844054948,1.4763613387883707,0.09699410618536265,0.5952172645086031,0.2868476727785614,-1.1457539696196868,0.9915214082284816,0.337606043040137,Software—Infrastructure,Technology,FTNT
2016Q1,2016,Q1,2016-03-31,2016-03-31,-3429000.0,284576000.0,-5672000.0,-0.004,206827000.0,0.726790031485438,1811521000.0,742403000.0,1285701000.0,687342000.0,1069118000.0,78239000.0,23089000.0,5260549350.0,4692541350.0,0.8645410346734985,1.8705404296551063,0.0,0.0,-0.005001479522660679,0.8645410346734985,-0.004618785215038193,18.48556923282357,-383.53378171478573,7.085840641807752,0.0,0.993737138767111,0.0,0.15709229978564973,1.7061870218901216,-0.001892884487676378,74.47510936504565,0.726790031485438,-1.0,-1.220872630511143,1.6703790570474675,1.517463420789955,-0.03600975050453734,-0.3531965272296764,-1.440817595399083,-1.2628867203951724,0.9675978643585208,0.2728922398044508,Software—Infrastructure,Technology,FTNT
2015Q4,2015,Q4,2015-12-31,2015-12-31,-2534000.0,296529000.0,12867000.0,-0.002,214553000.0,0.7235481183965143,1790510000.0,755377000.0,1270543000.0,678670000.0,1035133000.0,83868000.0,68481000.0,5355972270.0,4812695270.0,0.8792092230156374,1.87210720968954,0.0,0.0,-0.0033111267249033576,0.8792092230156374,-0.00335461630417659,18.062220794593447,-528.4108395816891,7.090462471057498,0.0,0.9774407402108075,0.0,0.16561147382589317,1.69583744677089,-0.0014152392335144736,88.95043047182502,0.7235481183965143,-1.2,-1.1373272589373802,1.7712553384653922,1.8425447592434296,0.1390158573423158,-1.310197086546701,7.992934782608696,-1.1097330671446313,0.8269862822423599,0.37692313289078944,Software—Infrastructure,Technology,FTNT
2015Q3,2015,Q3,2015-09-30,2015-09-30,8169000.0,260068000.0,-1840000.0,0.01,188367000.0,0.7242990294845963,1707173000.0,795386000.0,1251740000.0,603134000.0,911787000.0,80650000.0,124166000.0,7291607040.0,6750895040.0,0.9267640753169276,2.0753928646038857,0.0,0.0,0.016291114173408932,0.9267640753169276,0.010270485022366499,28.037309626713014,223.14870363569594,9.167381673803664,0.0,0.8890390576565406,0.0,0.15233839804167473,1.7944088709971582,0.0047851037944016215,140.92785156551992,0.7242990294845963,10.123470522803116,-0.5121939159368483,1.5618257015371064,2.2247373039833573,0.10617369499726932,9.31439393939394,-1.6233062330623307,-0.5608967013272644,0.7651058656397195,0.5374530400155243,Software—Infrastructure,Technology,FTNT
2015Q2,2015,Q2,2015-06-30,2015-06-30,792000.0,239785000.0,2952000.0,0.000899,170287000.0,0.7101653564651668,1604876000.0,750827000.0,1195510000.0,565299000.0,854049000.0,68845000.0,115997000.0,7023206900.0,6541813900.0,0.8836897546048373,2.1148277283349164,0.0,0.0,0.0008932525616899399,0.8836897546048373,0.001054836866548486,29.289600683946034,2216.921369949495,9.353961565047607,0.0,1.0094850751688575,0.0,0.14941029711952825,1.8572047712803312,0.0004934960707244671,95.49666730120744,0.7101653564651668,-0.5505,-0.907049768988056,1.5324441021459376,2.432206229609668,0.14069156775006028,-0.49230769230769234,2.287305122494432,-0.9473873986062572,0.7230546567856007,0.6308463310938646,Software—Infrastructure,Technology,FTNT
2015Q1,2015,Q1,2015-03-31,2015-03-31,1560000.0,212886000.0,898000.0,0.002,149284000.0,0.7012391608654397,1498303000.0,719747000.0,1111803000.0,518633000.0,778556000.0,72060000.0,115205000.0,5874291150.0,5487939150.0,0.8564491274832369,2.143718197646505,0.0,0.0,0.0011846321318556311,0.8564491274832369,0.002167428276880626,27.593600095825934,941.3928125,8.161605605858725,0.0,0.8826255897862892,0.0,0.14208474520841244,1.8622243474672842,0.001041177919286019,98.41002395630905,0.7012391608654397,-0.75,-0.7043443417364141,1.4383214676479197,2.8077315813701205,-0.05722315197827529,-0.7710259797446058,-0.9549106246234184,-0.897833865888378,0.6853476964267463,0.6771977342567762,Software—Infrastructure,Technology,FTNT
2014Q4,2014,Q4,2014-12-31,2014-12-31,6813000.0,223969000.0,19916000.0,0.008,158345000.0,0.706995164509374,1424774000.0,675966000.0,1046865000.0,496456000.0,748808000.0,69477000.0,113645000.0,5072359740.0,4789105740.0,0.8171785371043103,2.1086762975973703,0.0,0.0,0.009977709389818647,0.8171785371043103,0.010078909294254444,22.64759739071032,186.12798106560987,7.503868153131962,0.0,0.94454279833614,0.0,0.1571961588294003,1.822439450827465,0.004781811010026853,169.25355333844973,0.706995164509374,1.0,-0.874073567546247,1.5723695110283262,2.8538505111339028,0.16035115745659995,0.6797337278106509,0.2889780596725131,-0.610482531313652,0.7474963133108721,0.778800063256493,Software—Infrastructure,Technology,FTNT
2014Q3,2014,Q3,2014-09-30,2014-09-30,4056000.0,193348000.0,15451000.0,0.004,136463000.0,0.7057895607919399,1312601000.0,649226000.0,896440000.0,434496000.0,663375000.0,51344000.0,111497000.0,4150887910.0,3892791910.0,0.7903222272268008,2.0631720430107525,0.0,0.0,0.0061152476390343505,0.7903222272268008,0.00624743925844005,21.468481235906243,255.84861378205127,6.3935946958378125,0.0,1.1079191336865066,0.0,0.14730142670925894,1.7882166924436589,0.0030900479277404178,81.8102390713075,0.7057895607919399,-0.5,-0.635192770332452,1.082950876778503,117.48328698712902,0.08011651007986323,-0.33300444005920077,0.38673487704182374,-0.7888194391958213,0.5492125034101493,0.911349811686222,Software—Infrastructure,Technology,FTNT
2014Q2,2014,Q2,2014-06-30,2014-06-30,6081000.0,184098000.0,11142000.0,0.008,126341000.0,0.6862703560060402,1265112000.0,625219000.0,806949000.0,426088000.0,639893000.0,46824000.0,116822000.0,4100235930.0,3896288930.0,0.7663828978738791,1.893855259946302,0.0,0.0,0.009116617365322637,0.7663828978738791,0.009726191942343403,22.27202864778542,168.56750246669955,6.55807953693026,0.0,1.2334913719460106,0.0,0.14551913190294613,1.6098693227690055,0.0048066890520364995,120.26268346336599,0.6862703560060402,-0.2,-0.6648637850648441,-0.2431631449062846,21.191524831421678,0.06882053364465425,-0.2754676516144406,-0.13055013655872025,-0.6084599614278172,0.6676477084693511,1.029334041293857,Software—Infrastructure,Technology,FTNT
2014Q1,2014,Q1,2014-03-31,2014-03-31,8393000.0,168949000.0,12815000.0,0.01,118206000.0,0.6996549254508757,1200031000.0,610094000.0,781460000.0,394866000.0,589937000.0,43294000.0,123680000.0,3577473729.9999995,3404505729.9999995,0.7513889316526162,1.9790511211398296,0.0,0.0,0.012813040800112157,0.7513889316526162,0.013756896478247614,21.17487366009861,106.56123346836648,5.863807429674771,0.0,1.1720561740656903,0.0,0.14078719633076145,1.703210709455866,0.006993985988695292,72.14976060826072,0.6996549254508757,-0.2857142857142857,-0.42591705482071396,-0.19524490240409895,0.0,-0.042657099122885164,-0.3015146471371505,-0.47997402913606296,-0.4282399755982954,0.6766886109611319,1.1879749767300312,Software—Infrastructure,Technology,FTNT
2013Q4,2013,Q4,2013-12-31,2013-12-31,12016000.0,177350000.0,24643000.0,0.014,123473000.0,0.6962108824358613,1168464000.0,585760000.0,735546000.0,413061000.0,582704000.0,48672000.0,121863000.0,3123565530.0,3007692530.0,0.7174870315590914,1.7807200389288749,0.0,0.0,0.019791507925706865,0.7174870315590914,0.020513520895930074,17.612436030448265,64.98763169940081,5.3325005633706635,0.0,1.10694033530572,0.0,0.15178045707869475,1.5054459268727864,0.010283585972695778,79.03758932186234,0.6962108824358613,0.0,-0.6116163136160222,-0.229133355304029,29.759855003783812,0.11468912782457186,0.08949134101006438,0.34815908966573667,-0.3147075821779975,0.7442407502789844,1.3196856311266727,Software—Infrastructure,Technology,FTNT
2013Q3,2013,Q3,2013-09-30,2013-09-30,11029000.0,154699000.0,18279000.0,0.014,110769000.0,0.716029192173188,1128142000.0,599953000.0,705967000.0,367326000.0,528189000.0,46876000.0,142858000.0,3300475559.9999995,3155929559.9999995,0.7365634169398303,1.9219086043460032,0.0,0.0,0.018252298041456304,0.7365634169398303,0.018383106676689673,21.33482155670043,74.81357240003626,5.5012235291764515,0.0,0.9371533407287311,0.0,0.13712724107426194,1.6901063360611555,0.00977625157116746,148.5095194384449,0.716029192173188,0.4,-0.3703013351052119,-0.268421307630044,0.0,0.06796182028538372,0.228310502283105,0.32677651157726645,-0.3060692691989517,0.6056535147409225,1.5629214496073958,Software—Infrastructure,Technology,FTNT
2013Q2,2013,Q2,2013-06-30,2013-06-30,8979000.0,147428000.0,13777000.0,0.01,103720000.0,0.703529858642863,1085746000.0,567185000.0,672400000.0,360481000.0,518561000.0,33317000.0,131829000.0,2803628160.0,2680160160.0,0.6991623882105679,1.8652855490303233,0.0,0.0,0.014526516496777461,0.6991623882105679,0.0158308135793436,19.016931383454974,78.06070163715336,4.943057661962146,0.0,1.3118828225830657,0.0,0.13578498101765973,1.6966331096507168,0.00826989001110757,79.68021826862957,0.703529858642863,-0.2857142857142857,-0.5023614549792229,-0.39050119421200513,19.420498111210428,0.07268439995035783,-0.26696056820964975,-0.10486648041062958,0.10368882569542673,0.6307643630845374,1.7155112886854196,Software—Infrastructure,Technology,FTNT
2013Q1,2013,Q1,2013-03-31,2013-03-31,12249000.0,135820000.0,15391000.0,0.014,96692000.0,0.7119128257988514,1032729000.0,547709000.0,613660000.0,331728000.0,485020000.0,23933000.0,122850000.0,3706260360.0,3608876360.0,0.6791942064210513,1.8498890657406069,0.0,0.0,0.02027719195812276,0.6791942064210513,0.022364065589574024,27.288030923280814,75.64414156257654,6.7668421734899376,0.0,1.6348974219696653,0.0,0.13151562510590872,1.6963867988231323,0.011860807627170343,101.32762008912705,0.7119128257988514,-0.4615384615384615,-0.1564047757328507,-0.3485997921851922,0.0,-0.11873860736419978,-0.43046449993025526,-0.5607591324200913,1.419271552193032,0.6211752839649479,2.0196647374407797,Software—Infrastructure,Technology,FTNT
2012Q4,2012,Q4,2012-12-31,2012-12-31,21507000.0,151162000.0,35040000.0,0.026,109720000.0,0.7258437967213982,975497000.0,510934000.0,569274000.0,319304000.0,464563000.0,21060000.0,110601000.0,3363914680.0,3240939680.0,0.6385318119899521,1.7828589682559568,0.0,0.0,0.04066601095773604,0.6385318119899521,0.04209349935608121,22.253705825538166,39.10255591202864,6.583853648416429,0.0,1.9678062678062678,0.0,0.15495895938173054,1.6327261794402825,0.022047223107810685,69.3690775988287,0.7258437967213982,0.29999999999999993,-0.2907419297281992,-0.3296307546869905,26.595002446566067,0.11436116189315458,0.2499709403696385,0.359720605355064,-0.5890547339823652,0.7947902755951157,2.0113445694898613,Software—Infrastructure,Technology,FTNT
2012Q3,2012,Q3,2012-09-30,2012-09-30,17206000.0,136268000.0,25770000.0,0.02,98460000.0,0.722546746117944,913268000.0,478469000.0,514652000.0,298694000.0,434799000.0,26182000.0,89094000.0,3714773400.0,3639307400.0,0.6027917934375217,1.7230074926178631,0.0,0.0,0.034615924739172486,0.6027917934375217,0.03596053244828819,27.26079050107142,53.97497094036964,7.763874775586297,0.0,1.4440455274616149,0.0,0.14920921350578362,1.5550663890135055,0.018840033812637692,152.60756716785804,0.722546746117944,0.25,0.008085028273817359,-0.3387159711513736,0.0,0.07214025153808461,0.23340501792114696,0.23007159904534608,0.6015873960469487,0.519282233874904,89.36915652234121,Software—Infrastructure,Technology,FTNT
2012Q2,2012,Q2,2012-06-30,2012-06-30,13950000.0,128962000.0,20950000.0,0.016,91835000.0,0.7121089933468774,851245000.0,426644000.0,544511000.0,294977000.0,424601000.0,20828000.0,71888000.0,3656546280.0,3575320280.0,0.5418596085703037,1.8459439210514719,0.0,0.0,0.03081990406143008,0.5418596085703037,0.03269704953075632,28.35367224453715,65.52950322580645,8.5704856508002,0.0,1.7825523333973496,0.0,0.15149809984199614,1.6848093241167956,0.016387761455280207,86.94883435582823,0.7121089933468774,-0.11111111111111102,-0.20342244753734903,-0.45068373185036387,15.2761167713221,0.0653217948123057,-0.015734142383405068,0.11942292278920652,-0.20342244753734903,-0.45068373185036387,15.2761167713221,Software—Infrastructure,Technology,FTNT
2012Q1,2012,Q1,2012-03-31,2012-03-31,14173000.0,117247000.0,18715000.0,0.018,86204000.0,0.7352341637739132,788444000.0,398327000.0,551500000.0,270961000.0,390117000.0,17959000.0,57938000.0,4313676500.0,4238893500.0,0.5106429075059291,2.035348260450766,0.0,0.0,0.033752566403778266,0.5106429075059291,0.0355813188661577,36.79135926718807,76.08968637550272,10.82948557341079,0.0,1.7285483601536833,0.0,0.1487068200151184,1.892630304730201,0.017975912049555835,91.98781293982172,0.7352341637739132,-0.10000000000000009,0.009087272305693402,-0.41867450596979644,0.0,-0.024576808183217162,-0.14071783678913544,-0.2943061840120664,0.009087272305693402,-0.41867450596979644,0.0,Software—Infrastructure,Technology,FTNT
2011Q4,2011,Q4,2011-12-31,2011-12-31,16494000.0,120861000.0,26520000.0,0.02,88376000.0,0.731220162004286,734747000.0,358354000.0,523570000.0,266864000.0,376393000.0,16249000.0,43765000.0,3402578100.0,3330588100.0,0.4593987564899686,1.9619356676059716,0.0,0.0,0.04459607003440102,0.4593987564899686,0.04602711285488651,28.15282100925857,51.57296744270644,9.495019170987348,0.0,1.999199950766201,0.0,0.16449335621649358,1.8203841657173692,0.0224485435122566,156.6564502762431,0.731220162004286,-0.09090909090909084,-0.4420307507476896,-0.45018389189824287,19.414606877088815,0.03621888447242839,-0.07942177819947537,0.013761467889908258,-0.4420307507476896,-0.45018389189824287,19.414606877088815,Software—Infrastructure,Technology,FTNT
2011Q3,2011,Q3,2011-09-30,2011-09-30,17917000.0,116426000.0,26160000.0,0.022,85287000.0,0.7325425592221668,670987000.0,316867000.0,503926000.0,251667000.0,354120000.0,12968000.0,27271000.0,2574852000.0,2508222000.0,0.4134890549049033,2.002352314765146,0.0,0.0,0.05453461927657899,0.4134890549049033,0.056544228335547723,22.115781698246096,35.92749902327399,8.125970833188687,0.0,2.401218383713757,0.0,0.17351453902981728,1.8476836454521253,0.026702454742044184,74.19467496542185,0.7325425592221668,0.22222222222222224,0.08731660405869661,-0.41478208973910846,0.0,0.11537304649185902,0.23616668966468884,0.39304542307897117,0.08731660405869661,-0.41478208973910846,0.0,Software—Infrastructure,Technology,FTNT
2011Q2,2011,Q2,2011-06-30,2011-06-30,14494000.0,103023000.0,18779000.0,0.018,76465000.0,0.7422129039146599,635235000.0,287520000.0,454412000.0,246289000.0,347715000.0,13650000.0,9354000.0,4155366430.0,4077347430.0,0.37765241319524256,1.845035710080434,0.0,0.0,0.04870887669885162,0.37765241319524256,0.05041040623260991,40.33435669704823,71.67390696150132,14.452443064830273,0.0,1.9456410256410257,0.0,0.16218092516942548,1.681894035056377,0.02281675285524255,124.74082702929876,0.7422129039146599,0.05882352941176455,-0.14405633672283708,-0.546165025592619,10.949828081801666,0.09470293486041517,0.06675498638404358,0.0764689022642591,-0.14405633672283708,-0.546165025592619,10.949828081801666,Software—Infrastructure,Technology,FTNT
2011Q1,2011,Q1,2011-03-31,2011-03-31,13587000.0,93266000.0,17445000.0,0.017,69850000.0,0.7489331589217936,587753000.0,258092000.0,404141000.0,235924000.0,329661000.0,12125000.0,-5140000.0,3318049100.0,3249068100.0,0.34341751603374404,1.7130135128261643,0.0,0.0,0.05061869047004477,0.34341751603374404,0.05264401841203912,35.57619175262153,61.05190807389416,12.856071090928817,0.0,1.9312164948453607,0.0,0.15868230362073865,1.5806954782048457,0.023116853508191367,84.0395395370042,0.7489331589217936,-0.14999999999999997,0.004062754789497892,-0.5200330625884138,0.0,0.006832333948339484,-0.15823059290006816,-0.1571649434727993,0.004062754789497892,-0.5200330625884138,0.0,Software—Infrastructure,Technology,FTNT
2010Q4,2010,Q4,2010-12-31,2010-12-31,16141000.0,93599000.0,20698000.0,0.02,69376000.0,0.7412045000480775,545422000.0,232454000.0,420158000.0,218382000.0,312968000.0,13517000.0,-18727000.0,2431231900.0,2364372900.0,0.3093035633499215,1.9239589343444057,0.0,0.0,0.06817262035663885,0.3093035633499215,0.06943739406506233,25.974977296765992,37.65615358404064,10.458980701558158,0.0,1.7920396537693275,0.0,0.17160840596822277,1.7668397578555008,0.02959359908474539,79.5872692156606,0.7412045000480775,0.11111111111111122,-0.4332584510152038,-0.5580503181268561,13.398169225118291,0.09205389749401839,0.15153028465434829,0.13982047469574316,-0.4332584510152038,-0.5580503181268561,13.398169225118291,Software—Infrastructure,Technology,FTNT
2010Q3,2010,Q3,2010-09-30,2010-09-30,14017000.0,84971000.0,18159000.0,0.018,63528000.0,0.7476433136011109,488447000.0,206451000.0,382605000.0,202232000.0,281996000.0,11284000.0,-34868000.0,1795900000.0,1718761000.0,0.28739211537390724,1.8919112702242968,0.0,0.0,0.06747885325632516,0.28739211537390724,0.06789504531341578,21.135446211060245,32.03074837697082,8.69891644990821,0.0,1.900301311591634,0.0,0.17396155570614621,1.7398433482337117,0.028697074605842598,56.97290781041812,0.7476433136011109,1.0,-0.09256264790595604,-0.544373250110564,0.0,0.13107573977139195,1.0406172659775805,0.8567484662576688,-0.09256264790595604,-0.544373250110564,0.0,Software—Infrastructure,Technology,FTNT
2010Q2,2010,Q2,2010-06-30,2010-06-30,6869000.0,76331000.0,9780000.0,0.009,56166000.0,0.7358216190014542,447597000.0,176354000.0,345407000.0,197122000.0,271243000.0,12121000.0,-48885000.0,1126057800.0,1009622800.0,0.25746988831301554,1.7522498757114884,0.0,0.0,0.03710614151983915,0.25746988831301554,0.038950066343831156,14.75229985196054,40.98332362789343,6.385212697188609,0.0,1.6636416137282402,0.0,0.1705351018885292,1.583552317853918,0.015346394189415925,67.28758888556916,0.7358216190014542,0.49999999999999983,-0.5491133610896002,-0.6262496166919249,7.783436396660241,0.11396271320904403,0.6284969179706021,0.4588305489260143,-0.5491133610896002,-0.6262496166919249,7.783436396660241,Software—Infrastructure,Technology,FTNT
2010Q1,2010,Q1,2010-03-31,2010-03-31,4218000.0,69795000.0,6704000.0,0.006,50420000.0,0.722401318145999,404209000.0,151106000.0,326553000.0,183870000.0,253103000.0,9867000.0,-55754000.0,1181041980.0,1006786980.0,0.22492371354996205,1.7759993473649862,0.0,0.0,0.027839431573052,0.22492371354996205,0.027914179450187284,16.921584354180098,70.0001173541963,7.815983349436819,0.0,1.9636160940508767,0.0,0.1726705738862816,1.6287322564855604,0.010435195653733588,56.77540524949524,0.722401318145999,-0.8983050847457628,-0.6513019700072762,-0.598192611090355,0.0,0.012388811918960706,-0.9040054619936276,-0.10061711832573116,-0.6513019700072762,-0.598192611090355,0.0,Software—Infrastructure,Technology,FTNT
2009Q4,2009,Q4,2009-12-31,2009-12-31,43940000.0,70712000.0,7454000.0,0.059,49803000.0,0.7043076139834823,387213000.0,142452000.0,342217000.0,180565000.0,244761000.0,10649000.0,-59972000.0,1180370170.0,967912170.0,0.21204209523525996,1.895256555810927,0.0,0.0,0.29447001963963243,0.21204209523525996,0.30845477774969815,16.69264297431836,6.71580661128812,8.286090542779322,0.0,1.9634707484270824,0.0,0.1826178356615093,1.7437764793841553,0.11347759501876228,74.33529630329366,0.7043076139834823,4.8999999999999995,0.7259185807030671,-0.6264915993648735,9.49952632650803,0.028328962854370136,4.569780707313981,-0.22964034725093013,0.7259185807030671,-0.6264915993648735,9.49952632650803,Software—Infrastructure,Technology,FTNT
2009Q3,2009,Q3,2009-09-30,2009-09-30,7889000.0,65864000.0,9676000.0,0.01,48431000.0,0.7353182315073484,230478000.0,3888000.0,213855000.0,168333000.0,226590000.0,10800000.0,-103912000.0,968746560.0,894513560.0,0.006670326653856712,1.2704282582737787,0.0,0.0,1.9555001188660996,0.006670326653856712,2.0290637860082303,14.7082861654318,30.69928254531626,249.1632098765432,0.0,1.6141666666666667,0.0,0.2857713100599623,1.1673290442159292,0.03422886349239407,66.25720265371726,0.7353182315073484,0.3993006993006994,-0.37057132769527207,-0.5647391813685384,0.0,0.0916242167425506,0.7239947552447552,0.9449246231155779,-0.37057132769527207,-0.5647391813685384,0.0,Software—Infrastructure,Technology,FTNT
2009Q2,2009,Q2,2009-06-30,2009-06-30,4576000.0,61345000.0,4975000.0,0.0071464267866066964,44366000.0,0.7232211264161709,210568000.0,-7809000.0,194829000.0,163198000.0,218377000.0,9805000.0,-111801000.0,341939880.0,290120880.0,-0.03795567220764071,1.193819777203152,0.0,0.0,-0.5576325278652151,-0.03795567220764071,-0.5859905237546421,5.574046458554079,18.681156031468532,-43.78792162888974,0.0,1.731667516573177,0.0,0.29133106644884316,1.102740229659677,0.021731697123969454,24.53644374282434,0.7232211264161709,-0.6029762896329612,0.0,0.0,0.0,0.12205361659079413,0.21250662427133016,0.5407246825642614,0.0,0.0,0.0,Software—Infrastructure,Technology,FTNT
2009Q1,2009,Q1,2009-03-31,2009-03-31,3774000.0,54194000.0,3229000.0,0.018,39540000.0,0.7296010628482857,,,,,,,,348355200.0,,,0.0,0.0,0.0,0.0,,0.0,6.427929291065432,23.075993640699522,0.0,0.0,0.0,0.0,0.0,0.0,0.0,26.908326896338636,0.7296010628482857,-0.5263157894736842,0.0,0.0,0.0,-0.04057070756090459,-0.5248646607075412,-0.48525426430734897,0.0,0.0,0.0,Software—Infrastructure,Technology,FTNT
2008Q4,2008,Q4,2008-12-31,2008-12-31,7943000.0,59066000.0,6273000.0,0.038,41212000.0,0.6977279653269224,199105000.0,-5229000.0,184991000.0,150268000.0,204334000.0,11419000.0,-120151000.0,348355200.0,291784200.0,-0.024947519083969465,1.2310738147842522,0.0,0.0,-1.113966068355053,-0.024947519083969465,-1.5190284949321093,5.897727965326922,10.964220067984387,-66.61985083189903,0.0,1.5635344601103425,0.0,0.2966575425026996,1.132862618787766,0.0398935235177419,20.822187686790198,0.6977279653269224,0.7272727272727273,0.0,0.0,0.0,0.06838803339036657,0.7623696472154426,0.948136645962733,0.0,0.0,0.0,Software—Infrastructure,Technology,FTNT
2008Q3,2008,Q3,2008-09-30,2008-09-30,4507000.0,54414000.0,3220000.0,0.022,38574000.0,0.7088984452530599,,,,,,,,348355200.0,,,0.0,0.0,0.0,0.0,,0.0,6.4019406770316465,19.323008653206124,0.0,0.0,0.0,0.0,0.0,0.0,0.0,99.27477913935594,0.7088984452530599,0.0,0.0,0.0,0.0,0.0,0.0,0.0,0.0,0.0,0.0,Software—Infrastructure,Technology,FTNT
