Quarters,Year,Quarter,FillingDate,Date,NetIncome,Revenue,OperatingIncome,EPSDiluted,GrossProfit,GrossProfitRatio,TotalAssets,CommonStockEquity,CurrentAssets,CurrentLiability,TotalLiability,Inventory,RetainedEarnings,MarketCap,EnterpriseValue,bookValuePerShare,currentRatio,debtToAssets,debtToEquity,roic,shareholdersEquityPerShare,roe,priceToSalesRatio,peRatio,pbRatio,payoutRatio,inventoryTurnover,dividendYield,assetTurnover,quickRatio,returnOnAssets,priceToFreeCashFlowsRatio,grossProfitMargin,epsdilutedGrowth,fiveYNetIncomeGrowthPerShare,fiveYRevenueGrowthPerShare,fiveYShareholdersEquityGrowthPerShare,grossProfitGrowth,netIncomeGrowth,operatingIncomeGrowth,threeYNetIncomeGrowthPerShare,threeYRevenueGrowthPerShare,threeYShareholdersEquityGrowthPerShare,Industry,Sector,Symbol
2023Q1,2023,Q1,2023-05-10,2023-03-31,-11942000.0,46524000.0,-8160000.0,-0.48,30079000.0,0.6465265239,209359000.0,-15996000.0,142041000.0,41471000.0,225355000.0,46141000.0,-293536000.0,1671695374.62,1810911374.62,-0.6481857020429398,3.4250681198910082,0.8733562923017401,-11.430670167541885,-0.05150532842962,-0.6481857020429398,0.7465616404101025,35.93189267087954,-34.9961349568749,-104.50708768567142,0.0,0.35640753343013803,0.0,0.2222211607812418,2.023004026910371,-0.05704077684742476,-67.15793727382291,0.6465265239446307,0.12727272727272737,-0.13766406809483037,0.9534227158984327,-0.1359453688364503,0.06795668382744541,0.1194514083468515,0.3799392097264438,0.3880920865776432,0.7293201553446409,-1.1611823525624536,Medical Devices,Healthcare,ESTA
2022Q4,2022,Q4,2023-03-01,2022-12-31,-13562000.0,43813000.0,-13160000.0,-0.55,28165000.0,0.6428457307,211061000.0,-8185000.0,149904000.0,38959000.0,219246000.0,36583000.0,-281594000.0,1615694358.8500001,1728000358.8500001,-0.3325785270318486,3.8477373649220974,0.849749598457318,-21.911912034208918,-0.08032507187165493,-0.3325785270318486,1.6569334147831398,36.87705381621893,-29.783482503502437,-197.39698947464876,0.0,0.4277396604980455,0.0,0.20758453717171813,2.6124387176262225,-0.06425630504925116,-66.0977891854852,0.6428457307191929,0.2763157894736842,-0.18601216137458282,1.313949882227636,-0.018494306116439093,0.081605222734255,0.27117368873602754,-0.2513074070552439,-1.0452345683617792,0.5138776577940761,-1.1731217398499798,Medical Devices,Healthcare,ESTA
2022Q3,2022,Q3,2022-11-09,2022-09-30,-18608000.0,38245000.0,-10517000.0,-0.76,26040000.0,0.6808733168,187653000.0,1519000.0,138165000.0,32376000.0,186134000.0,31557000.0,-268032000.0,1338572741.95,1424738741.95,0.06197092425411016,4.267512972572276,0.810400046895067,100.11454904542462,-0.06926777167815787,0.06197092425411016,-12.250164581961817,34.999940958295205,-17.983834129809757,881.2197116194866,0.0,0.3867604651899737,0.0,0.20380702679946497,2.9835371880405237,-0.09916175067811332,-49.965387904068685,0.6808733167734344,0.5,-0.0918545870448696,2.270533738936289,0.0,-0.051504334523202445,0.49851775993100844,-0.010666922929079376,-0.2253921331496024,0.4078252218600657,-0.9708270530078296,Medical Devices,Healthcare,ESTA
2022Q2,2022,Q2,2022-08-09,2022-06-30,-37106000.0,41190000.0,-10406000.0,-1.52,27454000.0,0.6665210002,199883000.0,15867000.0,156428000.0,34752000.0,184016000.0,26532000.0,-249424000.0,1326700539.8600001,1382649539.8600001,0.650370927030038,4.501266114180479,0.7384519944167338,9.30257767693956,-0.06396368742485141,0.650370927030038,-2.338564315875717,32.209287202233554,-8.938584998787258,83.61382365034348,0.0,0.5177144580129655,0.0,0.2060705512724944,3.5469037753222836,-0.1856385985801694,-53.88929444169138,0.6665210002427774,-5.333333333333334,-0.9311247100628471,2.0044182806949413,0.0,0.10097850497273018,-5.254171582673184,-0.8665470852017937,-2.440380679409142,0.5921470762448094,-0.7527431739190455,Medical Devices,Healthcare,ESTA
2022Q1,2022,Q1,2022-05-10,2022-03-31,-5933000.0,38452000.0,-5575000.0,-0.24,24936000.0,0.6484968272,141556000.0,47835000.0,110016000.0,36510000.0,93721000.0,28538000.0,-212318000.0,1638308585.84,1647943585.84,1.9676394776062185,3.0133114215283485,0.3863912515188335,1.1434305424898088,-0.057285654899821306,1.9676394776062185,-0.12403052158461378,42.606589666077184,-69.03373444463172,34.24916036040556,0.0,0.47361412853038054,0.0,0.27163807962926334,2.0362914270062995,-0.04191274124728023,-154.86422023253616,0.6484968272131488,0.48936170212765956,0.25053205058353456,2.5094370495395504,0.0,0.02930735573350945,0.4766693128693658,0.8260801746997348,0.5359574906459467,0.5601885340403504,-0.3392087271894327,Medical Devices,Healthcare,ESTA
2021Q4,2021,Q4,2022-03-01,2021-12-31,-11337000.0,35313000.0,-32055000.0,-0.47,24226000.0,0.6860363039,139529000.0,50739000.0,113271000.0,31889000.0,88790000.0,28407000.0,-206385000.0,1628347594.14,1630638594.14,2.1060914895208467,3.552039888362758,0.399243168086921,1.097893139399673,-0.2547221102306562,2.1060914895208467,-0.22343759238455627,46.111845330048425,-35.90781498941519,32.09262291610005,0.0,0.3902911254268314,0.0,0.2530871718424127,2.4413434099532756,-0.08125192612288484,-218.51148606280194,0.6860363039107411,0.2295081967213115,-0.012799216593370407,0.9052210843674701,7.449731464568839,0.2347604485219164,0.22761956669846029,-2.544338788146838,0.0920136741929058,0.8135074830126805,-0.38510639558596266,Medical Devices,Healthcare,ESTA
2021Q3,2021,Q3,2021-11-09,2021-09-30,-14678000.0,29039000.0,-9044000.0,-0.61,19620000.0,0.6756431006577361,148359000.0,61560000.0,124705000.0,30450000.0,86799000.0,26652000.0,-192194000.0,1724472862.68,1713594862.68,2.5552531996078622,4.0954022988505745,0.36226315895901157,0.8730506822612085,-0.07718190303091765,2.5552531996078622,-0.2384340480831709,59.38471926306003,-29.371727460825728,28.01287951072125,0.0,0.35340687378057933,0.0,0.1957346706300258,2.9335632183908045,-0.0989356897795213,-127.38017895405525,0.6756431006577361,-1.7727272727272727,0.12373166339484906,1.5265666264572153,0.0,-0.08608160983789827,-1.7579857196542654,-0.9516616314199395,-9.935024163380186,0.41755282288537987,-0.3642984951248472,Medical Devices,Healthcare,ESTA
2021Q2,2021,Q2,2021-07-30,2021-06-30,-5322000.0,31994000.0,-4634000.0,-0.22,21468000.0,0.6710008126523723,152120000.0,68829000.0,128181000.0,27270000.0,83291000.0,23946000.0,-177516000.0,2091706184.0400002,2068252184.0400002,2.8739814921755,4.7004400440044005,0.35072311333158035,0.77513838643595,-0.04023918713270316,2.8739814921755,-0.07732205901582181,65.37807664062012,-98.25752461668546,30.389896468639673,0.0,0.4395723711684624,0.0,0.2103207993689193,3.6633296662999633,-0.03498553773336839,-1197.313213531769,0.6710008126523723,0.24137931034482754,0.717845318301893,1.377296517436681,0.0,0.06859133897461424,0.23402417962003455,-1.2108778625954197,0.36352010141570695,0.4960199180046864,17.60863500453293,Medical Devices,Healthcare,ESTA
2021Q1,2021,Q1,2021-05-06,2021-03-31,-6948000.0,30336000.0,-2096000.0,-0.29,20090000.0,0.6622494725738397,152349000.0,72551000.0,128298000.0,24833000.0,79798000.0,22377000.0,-172194000.0,1489910876.6100001,1464986876.6100001,3.04488953079004,5.166431764184754,0.3480561080151494,0.7308789678984439,-0.016734370678050656,3.04488953079004,-0.09576711554630536,49.11362330597311,-53.60934357405009,20.53604880167055,0.0,0.4578808598114135,0.0,0.19912175334265403,4.0964442475737926,-0.045605812968906916,-194.70868748170415,0.6622494725738397,-0.2132278968816441,0.1044972669750154,1.8249139785858415,0.0,0.37189292543021035,-0.2310418143160879,0.7385555694149931,0.3144535739062943,0.3192211000158907,6.336168555119415,Medical Devices,Healthcare,ESTA
2020Q4,2020,Q4,2021-03-15,2020-12-31,-5644000.0,26963000.0,-8017000.0,-0.2390317604346109,14644000.0,0.5431146385787932,156388000.0,74961000.0,132299000.0,25900000.0,81427000.0,23210000.0,-165246000.0,888752857.0,855009857.0,3.174709389429282,5.108069498069498,0.3247052203493874,0.6774189245074105,-0.05724332354187318,3.174709389429282,-0.07529248542575473,32.96194255090309,-39.367153481573354,11.856203319059244,0.0,0.5307626023265833,0.0,0.17241092666956545,4.001930501930502,-0.03608972555439036,384.74149653679655,0.5431146385787932,-0.32795422463672735,0.48554725305140295,0.4842677513404905,10.722285637516459,-0.03314406443945596,-0.32893807393454205,-2.094172134311077,0.48554725305140295,0.4842677513404905,10.722285637516459,Medical Devices,Healthcare,ESTA
2020Q3,2020,Q3,2020-11-09,2020-09-30,-4247000.0,22758000.0,-2591000.0,-0.18,15146000.0,0.6655242112663678,154684000.0,79957000.0,134018000.0,20141000.0,74727000.0,28400000.0,-159602000.0,437528970.25,405524970.25,3.3862973899840862,6.653989374906907,0.319535310697939,0.618169766249359,-0.020908547369327016,3.3862973899840862,-0.053116049876808784,19.225282109587837,-25.75517837591241,5.472053356804283,0.0,0.2680281690140845,0.0,0.14712575314835408,4.9742813167171445,-0.027455974761449148,-108.16538201483313,0.6655242112663678,0.6,0.7413063479224987,1.0203028053888943,0.0,1.0937240807298867,0.5944035908700219,0.7301884827658024,0.7413063479224987,1.0203028053888943,0.0,Medical Devices,Healthcare,ESTA
2020Q2,2020,Q2,2020-08-07,2020-06-30,-10471000.0,10474000.0,-9603000.0,-0.45,7234000.0,0.6906625930876455,156812000.0,81786000.0,136422000.0,20552000.0,75026000.0,29057000.0,-155355000.0,438644339.08,401319339.08,3.4829184920162994,6.637894122226547,0.3128395786036783,0.5998214853397892,-0.07471137843907912,3.4829184920162994,-0.12802924705939892,41.87935259499714,-10.47283781587241,5.363318160565378,0.0,0.11150497298413463,0.0,0.06679335765120016,5.0371739976644605,-0.06677422646226054,-63.28730905785601,0.6906625930876455,0.43037974683544306,0.4338227875136169,-0.20625825979317786,0.0,-0.5326269543868717,0.4103834675375866,-0.2463335496430889,0.4338227875136169,-0.20625825979317786,0.0,Medical Devices,Healthcare,ESTA
2020Q1,2020,Q1,2020-05-08,2020-03-31,-17759000.0,24481000.0,-7705000.0,-0.79,15478000.0,0.6322454148114864,168423000.0,90307000.0,147896000.0,22460000.0,78116000.0,25512000.0,-144884000.0,324494474.25,279611474.25,4.021443363607601,6.584861976847729,0.28923009327704646,0.5394155491822339,-0.056079879388174464,4.021443363607601,-0.19665142237035887,13.254951768718598,-4.568028524269384,3.5932372269037836,0.0,0.352892756349953,0.0,0.14535425684140527,5.129608192341942,-0.10544284331712414,-41.86485282544188,0.6322454148114864,-1.932047177825774,-1.428611327999208,1.4188473928604148,0.0,-0.053854147564032034,-2.1963642908567316,-0.7491486946651532,-1.428611327999208,1.4188473928604148,0.0,Medical Devices,Healthcare,ESTA
2019Q4,2019,Q4,2020-03-16,2019-12-31,-5556000.0,24249000.0,-4405000.0,-0.2694363194339238,16359000.0,0.6746257577632068,116531000.0,39614000.0,95839000.0,23242000.0,76917000.0,28660000.0,-127125000.0,570372102.48,581117102.48,1.9210673790596575,4.123526374666552,0.41534012408715276,1.2217902761649921,-0.052283367976738,1.9210673790596575,-0.140253445751502,23.521469028825933,-25.664691436285096,14.398245632352198,0.0,0.27529658060013956,0.0,0.20809055101217702,2.599690215988297,-0.04767830019479795,-105.91868198328692,0.6746257577632068,0.5654252912356067,0.4201094682628157,0.5284919955813161,6.88311038809467,0.14896755162241887,0.5650880626223092,0.49743297204791787,0.4201094682628157,0.5284919955813161,6.88311038809467,Medical Devices,Healthcare,ESTA
2019Q3,2019,Q3,2019-11-12,2019-09-30,-12775000.0,22854000.0,-8765000.0,-0.62,14238000.0,0.622998162247309,118256000.0,43804000.0,97936000.0,20346000.0,74452000.0,26387000.0,-121569000.0,389939857.48,395507857.48,2.1242599957673862,4.813526000196599,0.4069730077120823,1.0986896173865401,-0.09732079218262427,2.1242599957673862,-0.29164003287371015,17.062214819287654,-7.630916976125245,8.901923511094877,0.0,0.3265244249062038,0.0,0.1932586930050061,3.1741374225892067,-0.10802834528480584,-33.50862399931254,0.622998162247309,-0.40909090909090906,0.10897535775874762,1.3231106306045226,0.0,0.09422071933599754,-0.4131637168141593,0.06586379622721944,0.10897535775874762,1.3231106306045226,0.0,Medical Devices,Healthcare,ESTA
2019Q2,2019,Q2,2019-08-13,2019-06-30,-9040000.0,21684000.0,-9383000.0,-0.44,13012000.0,0.6000737871241468,104801000.0,53787000.0,84177000.0,21386000.0,51014000.0,26540000.0,-108794000.0,439236851.64,431776851.64,2.6303456909096607,3.9360796782942113,0.23291762483182413,0.45382713295034116,-0.11991075163310315,2.6303456909096607,-0.16807035157194117,20.256265063641393,-12.147036826327435,8.166226999832674,0.0,0.32675207234363224,0.0,0.20690642264863884,2.4867670438604694,-0.08625871890535396,-38.96016069185737,0.6000737871241468,0.16981132075471703,0.43868865395602025,0.887023080669829,0.0,0.1564166370423036,0.16133222005751924,-0.11862184072484502,0.43868865395602025,0.887023080669829,0.0,Medical Devices,Healthcare,ESTA
2019Q1,2019,Q1,2019-05-15,2019-03-31,-10779000.0,20778000.0,-8388000.0,-0.53,11252000.0,0.5415343151410146,108956000.0,61030000.0,91716000.0,16558000.0,47926000.0,23752000.0,-99754000.0,518335519.59,498390519.59,2.977701974236413,5.539074767483996,0.21283820991960056,0.37997706046206786,-0.10000451497879055,2.977701974236413,-0.17661805669342945,24.946362479064394,-12.02188328207626,8.493126652302147,0.0,0.4010609632873021,0.0,0.19070083336392674,3.8199057857229133,-0.09892984323947282,-59.67482380727607,0.5415343151410146,-0.019230769230769246,-0.6150846836418583,1.24936728669023,0.0,0.13967385799655627,-0.025204489252425338,0.02702702702702703,-0.6150846836418583,1.24936728669023,0.0,Medical Devices,Healthcare,ESTA
2018Q4,2018,Q4,2019-03-20,2018-12-31,-10514000.0,16397000.0,-8621000.0,-0.52,9873000.0,0.6021223394523388,116573000.0,69485000.0,99435000.0,16447000.0,47088000.0,24845000.0,-88975000.0,556264385.0400001,525947385.0400001,3.425131558373982,6.045783425548732,0.19148516380293892,0.3212491904727639,-0.09528098403070748,3.425131558373982,-0.15131323307188602,33.924765813258524,-13.226754447403463,8.00553191393826,0.0,0.2625880458844838,0.0,0.14065864308201728,4.273545327415334,-0.09019241162190215,-62.13855954423593,0.6021223394523388,-9.666666666666668,-0.11543443750995891,0.05057249678530737,11.489182873702369,-0.02373183031741323,-9.050535987748852,-0.4259014224280516,-0.11543443750995891,0.05057249678530737,11.489182873702369,Medical Devices,Healthcare,ESTA
2018Q3,2018,Q3,2018-11-13,2018-09-30,1306000.0,16286000.0,-6046000.0,0.06,10113000.0,0.620962790126489,121472000.0,76987000.0,104787000.0,14851000.0,44485000.0,15365000.0,-78461000.0,461012589.65,416921589.65,4.019580227530994,7.055888492357417,0.17688026870389884,0.2790860794679621,-0.06643346132392755,4.019580227530994,0.01696390299660982,28.307293973351342,88.24896432810107,5.988187481652747,0.0,0.40175724048161404,0.0,0.13407204952581664,5.644401050434314,0.010751448893572182,-41.67157097080358,0.620962790126489,1.1714285714285715,1.098071177042419,0.7823438997599228,0.0,0.230741146403797,1.2436567164179104,0.04290011081209435,1.098071177042419,0.7823438997599228,0.0,Medical Devices,Healthcare,ESTA
2018Q2,2018,Q2,2018-08-14,2018-06-30,-5360000.0,13709000.0,-6317000.0,-0.35,8217000.0,0.5993872638412722,63322000.0,2371000.0,45342000.0,18772000.0,60952000.0,13223000.0,-79767000.0,379959500.25,394067500.25,0.15444343400122681,2.415405923716173,0.4066517166229746,10.860396457191058,-0.23119260081420148,0.15444343400122681,-2.2606495149725854,27.716062458968562,-17.72199161613806,160.25284700548292,0.0,0.41533691295470015,0.0,0.2164966362401693,1.4833795013850415,-0.08464672625627744,-40.86904380445305,0.5993872638412722,0.17715790339833787,0.5566950624431395,0.5890807928596268,0.0,0.03815540113708149,0.17917304747320062,-1.1934027777777778,0.5566950624431395,0.5890807928596268,0.0,Medical Devices,Healthcare,ESTA
2018Q1,2018,Q1,2018-03-31,2018-03-31,-6530000.0,14816000.0,-2880000.0,-0.425355,7915000.0,0.5342197624190065,59016000.0,-8760000.0,41576000.0,20898000.0,67776000.0,12652000.0,-74407000.0,379959500.25,398248500.25,-0.570613446584035,1.9894726768111781,0.42195336857801274,-2.8426940639269405,-0.1786901981113933,-0.570613446584035,0.7454337899543378,25.645214649703025,-14.546688370980092,-43.37437217465753,0.0,0.5454473601011698,0.0,0.25105056255930597,1.1988228538616135,-0.11064795987528805,-59.883293971631204,0.5342197624190065,0.08453567935721296,-0.30626125225045003,1.1413499060557886,0.0,0.20600335212555235,0.08453666059161644,0.3722755013077594,-0.30626125225045003,1.1413499060557886,0.0,Medical Devices,Healthcare,ESTA
2017Q4,2017,Q4,2017-12-31,2017-12-31,-7133000.0,11811000.0,-4588000.0,-0.4646330724296714,6563000.0,0.5556684446702227,57095000.0,-5013000.0,39382000.0,57435000.0,62108000.0,13173000.0,-67877000.0,379959500.25,393183500.25,-0.326539407274631,0.6856794637416209,0.42189333566862247,-4.805106722521444,-0.2428736480098081,-0.326539407274631,1.4229004588071015,32.16996869443739,-13.316959913430535,-75.79483348294434,0.0,0.39839064753662795,0.0,0.20686575006568,0.417376164359711,-0.12493213065942727,-49.377452923976605,0.5556684446702227,0.3317410854627768,0.0,0.0,0.0,0.8210321864594895,0.33174067828368,0.23161949422207334,0.0,0.0,0.0,Medical Devices,Healthcare,ESTA
2017Q3,2017,Q3,2017-09-30,2017-09-30,-10674000.0,7324000.0,-5971000.0,-0.695289,3604000.0,0.4920808301474604,,,,,,,,379959500.25,,,0.0,0.0,0.0,0.0,,0.0,51.87868654423812,-8.899182599072512,0.0,0.0,0.0,0.0,0.0,0.0,0.0,-40.40832715622673,0.4920808301474604,0.11719422542185651,0.0,0.0,0.0,-0.1263030303030303,0.11719460755934166,-0.08920102152499088,0.0,0.0,0.0,Medical Devices,Healthcare,ESTA
2017Q2,2017,Q2,2017-06-30,2017-06-30,-12091000.0,8627000.0,-5482000.0,-0.78759,4125000.0,0.4781499942042425,,,,,,,,379959500.25,,,0.0,0.0,0.0,0.0,,0.0,44.0430625072447,-7.856246386775288,0.0,0.0,0.0,0.0,0.0,0.0,0.0,-45.32500301204819,0.4781499942042425,-1.4186876395384904,0.0,0.0,0.0,0.20967741935483872,-1.4186837367473495,-0.3906646372399797,0.0,0.0,0.0,Medical Devices,Healthcare,ESTA
2017Q1,2017,Q1,2017-03-31,2017-03-31,-4999000.0,6919000.0,-3942000.0,-0.325627,3410000.0,0.492845786963434,,,,,,,,379959500.25,,,0.0,0.0,0.0,0.0,,0.0,54.9153779809221,-19.001775367573515,0.0,0.0,0.0,0.0,0.0,0.0,0.0,-51.13855992597578,0.492845786963434,0.0,0.0,0.0,0.0,0.0,0.0,0.0,0.0,0.0,0.0,Medical Devices,Healthcare,ESTA
