Quarters,Year,Quarter,FillingDate,Date,NetIncome,Revenue,OperatingIncome,EPSDiluted,GrossProfit,GrossProfitRatio,TotalAssets,CommonStockEquity,CurrentAssets,CurrentLiability,TotalLiability,Inventory,RetainedEarnings,MarketCap,EnterpriseValue,bookValuePerShare,currentRatio,debtToAssets,debtToEquity,roic,shareholdersEquityPerShare,roe,priceToSalesRatio,peRatio,pbRatio,payoutRatio,inventoryTurnover,dividendYield,assetTurnover,quickRatio,returnOnAssets,priceToFreeCashFlowsRatio,grossProfitMargin,epsdilutedGrowth,fiveYNetIncomeGrowthPerShare,fiveYRevenueGrowthPerShare,fiveYShareholdersEquityGrowthPerShare,grossProfitGrowth,netIncomeGrowth,operatingIncomeGrowth,threeYNetIncomeGrowthPerShare,threeYRevenueGrowthPerShare,threeYShareholdersEquityGrowthPerShare,Industry,Sector,Symbol
2023Q1,2023,Q1,2023-03-30,2023-03-31,-6981000.0,641000.0,-6796000.0,-0.17,319000.0,0.4976599064,49475000.0,22089000.0,31409000.0,5356000.0,20980000.0,591000.0,-239978000.0,26138070.63,15089070.629999999,0.5324061671188468,5.864264376400299,0.24155634158665992,0.541038525963149,-0.18923501667221374,0.5324061671188468,-0.3160396577482005,40.777021263650546,-0.9360432112161582,1.1833071044411245,0.0,0.544839255499154,0.0,0.012956038403233956,5.753920836445109,-0.14110156644770086,-3.958514407087687,0.49765990639625585,-0.8338727076591155,0.19553547937695265,0.08700752435633058,-0.7869392961185327,0.0777027027027027,-0.8270086364825961,-0.7969328397673189,0.3041978664712488,4.3053432569594365,-0.6881993234352733,Biotechnology,Healthcare,EVGN
2022Q4,2022,Q4,2022-12-31,2022-12-31,-3821000.0,660000.0,-3782000.0,-0.0927,296000.0,0.4484848485,56126000.0,27930000.0,37751000.0,5625000.0,21336000.0,566000.0,-233707000.0,28864106.599999998,11814106.599999998,0.6773464452213462,6.711288888888889,0.21255746000071268,0.4271392767633369,-0.09182914637290739,0.6773464452213462,-0.1368063014679556,43.733494848484845,-1.8885178356451189,1.0334445614035088,0.0,0.6431095406360424,0.0,0.011759255959804725,6.610666666666667,-0.06807896518547554,-11.752486400651465,0.4484848484848485,0.4547058823529412,0.613894746699461,-0.4344823909036729,-0.7468094940717313,-0.14450867052023122,0.4665642887058495,0.4670987741299141,0.6073496744491393,2.5536574825618095,-0.652110291916784,Biotechnology,Healthcare,EVGN
2022Q3,2022,Q3,2022-09-30,2022-09-30,-7163000.0,466000.0,-7097000.0,-0.17,346000.0,0.7424892704,59388000.0,30577000.0,40772000.0,5583000.0,21090000.0,165000.0,-230709000.0,34209233.519999996,14276233.519999996,0.7418730964890674,7.302883754253985,0.20083181787566512,0.39006442751087417,-0.15984239360654712,0.7418730964890674,-0.2342610458841613,73.41037236051501,-1.1939562166689934,1.1187897282270989,0.0,0.7272727272727273,0.0,0.007846703037650704,7.273329751029912,-0.12061359197144204,-4.698425150391429,0.7424892703862661,0.2916666666666666,0.13104016251574882,-0.6203016563578115,-0.751538534980263,5.92,0.2656346114414599,0.11365055576370675,-0.05787992132550882,2.001916658431939,-0.6593613823624692,Biotechnology,Healthcare,EVGN
2022Q2,2022,Q2,2022-06-30,2022-06-30,-9754000.0,312000.0,-8007000.0,-0.24,50000.0,0.1602564103,56662000.0,36949000.0,37705000.0,5541000.0,11265000.0,162000.0,-224165000.0,31725553.86,4979553.859999999,0.8967764637159277,6.80472838837755,0.037432494440718646,0.057403447995886224,-0.19514738592536496,0.8967764637159277,-0.26398549351809253,101.6844675,-0.813142143223293,0.8586309199166419,0.0,1.617283950617284,0.0,0.005506335815890721,6.775491788485833,-0.1721435882955067,-4.556305308056872,0.16025641025641027,-0.09090909090909087,-0.31519987416366085,-0.8306163700908763,-0.7021483605103082,-0.32432432432432434,-0.07116187129365253,0.0059590316573556795,-0.48924491237011186,0.01574472942077735,-0.45769119495750626,Biotechnology,Healthcare,EVGN
2022Q1,2022,Q1,2022-03-31,2022-03-31,-9106000.0,237000.0,-8055000.0,-0.22,74000.0,0.3122362869,66881000.0,45531000.0,47628000.0,6282000.0,12150000.0,172000.0,-215344000.0,53544435.1,20035435.1,1.1054426083580067,7.581661891117479,0.03743963158445597,0.05499549757308208,-0.15941687710174998,1.1054426083580067,-0.19999560738837277,225.9258864978903,-1.4700317126070723,1.175999540972085,0.0,0.9476744186046512,0.0,0.0035436073025223907,7.554282075772047,-0.13615227045050163,-6.570675555282857,0.31223628691983124,-0.09999999999999995,-0.16359822713051636,-0.796407626278069,-0.6614838978942124,0.6818181818181818,-0.1264225630875804,0.010442260442260442,-0.5351454282069724,-0.5741586666385623,-0.38809944221405235,Biotechnology,Healthcare,EVGN
2021Q4,2021,Q4,2021-12-31,2021-12-31,-8084000.0,311000.0,-8140000.0,-0.2,44000.0,0.1414790997,76304000.0,53653000.0,56890000.0,6882000.0,12884000.0,92000.0,-207069000.0,67517524.08,37861524.08,1.3032308456059722,8.266492298750363,0.034978507024533444,0.04974558738560751,-0.13788481153365267,1.3032308456059722,-0.1506719102380109,217.09814816720257,-2.087998641761504,1.2584109757143123,0.0,2.902173913043478,0.0,0.0040758020549381425,7.957715780296425,-0.10594464248270077,-8.093685456725005,0.1414790996784566,-0.05263157894736847,0.24476815004403799,-0.836432646748435,-0.618536721634655,-0.12,-0.06228646517739816,0.04862085086489014,0.12823289164237658,-0.6936176778420715,-0.32943491384537676,Biotechnology,Healthcare,EVGN
2021Q3,2021,Q3,2021-09-30,2021-09-30,-7610000.0,151000.0,-8556000.0,-0.19,50000.0,0.33112582781456956,83389000.0,60692000.0,63600000.0,6541000.0,12629000.0,0.0,-199698000.0,107836388.88000001,72918388.88000001,1.4858331372566638,9.723283901544107,0.03255825108827303,0.044734067092862324,-0.12952137136772157,1.4858331372566638,-0.12538720094905423,714.1482707284769,-3.5425883337713535,1.7767809411454558,0.0,0.0,0.0,0.001810790392018132,9.723283901544107,-0.0912590389619734,-18.00273604006678,0.33112582781456956,-0.2666666666666667,0.06847770921017515,-0.9384603459794564,-0.5927107767880953,6.142857142857143,-0.22544283413848631,-0.14907332796132153,0.0008037593035603998,-0.7405825575406411,-0.3105367750828819,Biotechnology,Healthcare,EVGN
2021Q2,2021,Q2,2021-06-30,2021-06-30,-6210000.0,135000.0,-7446000.0,-0.15,7000.0,0.05185185185185185,87537000.0,66401000.0,67867000.0,5326000.0,10894000.0,0.0,-192088000.0,138785525.46,98417525.46000001,1.6362759678814707,12.742583552384529,0.027268469332967775,0.03594825379135856,-0.10466090254922743,1.6362759678814707,-0.09352268791132663,1028.0409293333335,-5.587178963768116,2.0901119781328594,0.0,0.0,0.0,0.001542205010452723,12.742583552384529,-0.07094143048082525,-21.825055112439063,0.05185185185185185,0.11764705882352951,0.1498393114560313,-0.9543782806731947,-0.5846925635269129,-0.8870967741935484,0.05937594668282339,-0.18964690845182935,0.1735893421402279,-0.7739387158808504,-0.29709710521939087,Biotechnology,Healthcare,EVGN
2021Q1,2021,Q1,2021-03-31,2021-03-31,-6602000.0,333000.0,-6259000.0,-0.17,62000.0,0.18618618618618618,92778000.0,71536000.0,72893000.0,5342000.0,10674000.0,0.0,-185878000.0,196356499.92,160064499.92,1.836157398134987,13.645263946087608,0.025329280648429583,0.032850592708566315,-0.08219267137491647,1.836157398134987,-0.09228919704764035,589.6591589189189,-7.435493029385035,2.744862725341087,0.0,0.0,0.0,0.003589212959968958,13.645263946087608,-0.07115911099614132,-40.303058275862064,0.18618618618618618,0.31999999999999995,-0.303519191863233,-0.8900277320903673,-0.5300081027715399,11.4,0.18714602314700812,0.12790859690678558,0.18981721834174717,-0.3986366087732235,-0.26519824178431217,Biotechnology,Healthcare,EVGN
2020Q4,2020,Q4,2020-12-31,2020-12-31,-8122000.0,351000.0,-7177000.0,-0.25,5000.0,0.014245014245014245,71915000.0,46045000.0,51823000.0,9676000.0,15033000.0,0.0,-179276000.0,160321756.4,116532756.4,1.3498573422565123,5.355828854898719,0.03392894389209483,0.052991638614398956,-0.14133596219987452,1.3498573422565123,-0.17639265935497883,456.75714074074074,-4.934799199704507,3.4818494168747964,0.0,0.0,0.0,0.004880762010707085,5.194398511781728,-0.1129388861850796,-22.98849389159736,0.014245014245014245,-0.47058823529411753,-0.0822951079075927,-0.8960866122981069,-0.676395316110612,-0.979253112033195,-0.6970330129544505,-0.2924545290833784,0.007896152958352444,-0.6364410930282685,-0.4954265046667084,Biotechnology,Healthcare,EVGN
2020Q3,2020,Q3,2020-09-30,2020-09-30,-4786000.0,316000.0,-5553000.0,-0.17,241000.0,0.7626582278481012,65985000.0,44930000.0,45392000.0,4639000.0,9915000.0,0.0,-171154000.0,106829715.96,67796715.96,1.6654804180759895,9.78486742832507,0.03729635523224975,0.054774093033607835,-0.11138971355211426,1.6654804180759895,-0.10652125528600044,338.06872139240505,-5.580323650229837,2.377692320498553,0.0,0.0,0.0,0.004788967189512768,9.78486742832507,-0.07253163597787377,-23.44813783143108,0.7626582278481012,-0.06250000000000006,-0.36468513392730534,-0.9079076224986244,-0.5991515085788102,0.30978260869565216,-0.12930627654554036,-0.06257175660160735,0.112954676061464,-0.606623662945278,-0.44221227782056055,Biotechnology,Healthcare,EVGN
2020Q2,2020,Q2,2020-08-05,2020-06-30,-4238000.0,298000.0,-5226000.0,-0.16,184000.0,0.6174496644295302,61106000.0,39762000.0,39844000.0,4821000.0,10132000.0,0.0,-166370000.0,25746570.7109,-2711429.289099999,1.5438977037501742,8.264675378552168,0.04281085327136452,0.0657914591821337,-0.1161729321158121,1.5438977037501742,-0.10658417584628539,86.39788829161074,-1.5187925148006136,0.6475169938861225,0.0,0.0,0.0,0.004876771511799168,8.264675378552168,-0.06935489150001636,-8.881190310762332,0.6174496644295302,0.3333333333333333,0.17722467827407606,-0.892176432510548,-0.6537373528117078,4.111111111111111,0.3195247270391779,0.2379702537182852,0.08580519808230665,-0.7411775800487115,-0.48721617830948394,Biotechnology,Healthcare,EVGN
2020Q1,2020,Q1,2020-04-27,2020-03-31,-6228000.0,75000.0,-6858000.0,-0.24,36000.0,0.48,64645000.0,43976000.0,42875000.0,4488000.0,9708000.0,0.0,-162130000.0,30390070.459999997,1091070.4599999972,1.707520884767307,9.55325311942959,0.041952200479542116,0.06167000181917409,-0.13894147079043975,1.707520884767307,-0.1416227032927051,405.2009394666666,-1.2198968553307643,0.6910603615608514,0.0,0.0,0.0,0.0011601825353855673,9.55325311942959,-0.09634155773841752,-5.269649810993584,0.48,0.0,-0.8601824949143551,-0.9717270822536512,-0.6061461927348425,0.02857142857142857,-0.024679170779861797,0.0033425374218863536,-0.2727564244000648,-0.8969624052130832,-0.47711142142943624,Biotechnology,Healthcare,EVGN
2019Q4,2019,Q4,2020-01-28,2019-12-31,-6078000.0,116000.0,-6881000.0,-0.24,35000.0,0.3017241379310345,71364000.0,50144000.0,49027000.0,5729000.0,11147000.0,0.0,-155902000.0,39146531.44,7369531.439999998,1.9470149000766745,8.5576889509513,0.04163163499803823,0.05924936183790683,-0.12312817185519856,1.9470149000766745,-0.12121091257179324,337.4700986206896,-1.610173224744982,0.7806822638800256,0.0,0.0,0.0,0.001625469424359621,8.352766625938209,-0.08516899276946359,-7.469286670482732,0.3017241379310345,-0.4999999999999999,-0.2421024064897911,-0.9685898091679037,-0.5742368580512893,1.1875,-0.4365398251004491,-0.40056991654793406,0.0923097968108749,-0.9024747243050649,-0.4300973696919539,Biotechnology,Healthcare,EVGN
2019Q3,2019,Q3,2019-11-06,2019-09-30,-4231000.0,97000.0,-4913000.0,-0.16,16000.0,0.16494845360824742,76443000.0,56090000.0,53828000.0,4729000.0,10309000.0,0.0,-149824000.0,40691789.260000005,27457789.260000005,2.177888994601561,11.382533305138507,0.04229295030284003,0.057639507933678016,-0.078485630086654,2.177888994601561,-0.07543234088072741,419.50298206185573,-2.404383671708816,0.7254731549295775,0.0,0.0,0.0,0.0012689193255105112,11.382533305138507,-0.05534842954881415,-10.463304001028543,0.16494845360824742,0.0,0.033627850386553804,-0.9707376627986203,-0.5549175217595362,-0.8241758241758241,-0.03346360527601368,-0.04465234956410802,0.17858367479415188,-0.9373008653500942,-0.4030078515473305,Biotechnology,Healthcare,EVGN
2019Q2,2019,Q2,2019-07-31,2019-06-30,-4094000.0,192000.0,-4703000.0,-0.16,91000.0,0.4739583333333333,53454000.0,42588000.0,47795000.0,4713000.0,10596000.0,0.0,-145593000.0,42237047.08,31494047.08,1.653626965628299,10.141099087629959,0.06274553821977776,0.07875457875457875,-0.09542632242652879,1.653626965628299,-0.09613036536113459,219.98462020833333,-2.579204145090376,0.9917593472339625,0.0,0.0,0.0,0.0035918733864631273,10.141099087629959,-0.07658921689677106,-10.575124456685026,0.4739583333333333,-0.06666666666666674,-0.2227981951784494,-0.9524692952095641,-0.6668238651470522,-0.6714801444043321,-0.10380156376381774,-0.007282073249089741,0.11686799151432531,-0.8977631460534544,-0.5802886619015563,Biotechnology,Healthcare,EVGN
2019Q1,2019,Q1,2019-04-03,2019-03-31,-3709000.0,348000.0,-4669000.0,-0.15,277000.0,0.7959770114942529,57635000.0,46527000.0,51841000.0,5247000.0,10880000.0,0.0,-141499000.0,46357734.6,42896734.6,1.8065723168448355,9.880121974461597,0.054255226858679624,0.06720828766092807,-0.08850701589530606,1.8065723168448355,-0.0797171534807746,133.21188103448276,-3.1246787948234025,0.996361996260236,0.0,0.0,0.0,0.00603799774442613,9.880121974461597,-0.06435325756918539,-8.520076199228084,0.7959770114942529,0.3478260869565218,-0.5320723608143917,-0.9129014827037691,-0.6375761524203901,33.625,0.36062747802103085,0.11353711790393013,-0.10780619398907149,-0.8261465802330827,-0.5375808459902529,Biotechnology,Healthcare,EVGN
2018Q4,2018,Q4,2019-01-31,2018-12-31,-5801000.0,635000.0,-5267000.0,-0.23,8000.0,0.012598425196850394,58694000.0,50053000.0,55488000.0,5431000.0,8388000.0,0.0,-137790000.0,50993508.06,45183508.06,1.9434815091244773,10.216902964463266,0.0,0.0,-0.10515629705442114,1.9434815091244773,-0.11589714902203664,80.30473710236221,-2.197617137562489,1.0187902435418457,0.0,0.0,0.0,0.010818823048352471,10.135150064444854,-0.09883463386376802,-16.637359889070147,0.012598425196850394,-0.21052631578947373,-0.12621983042286108,-0.8821950054554232,-0.6715086725942139,-0.9120879120879121,-0.20803831736776343,-0.03213795806388399,-0.02383619824905404,-0.7510093626471674,-0.5340843067507024,Biotechnology,Healthcare,EVGN
2018Q3,2018,Q3,2018-11-14,2018-09-30,-4802000.0,367000.0,-5103000.0,-0.19,91000.0,0.24795640326975477,63666000.0,55502000.0,60013000.0,5062000.0,7891000.0,0.0,-131989000.0,74947579.6997,69237579.6997,2.1550578530642865,11.855590675622283,0.0,0.0,-0.09228670076207102,2.1550578530642865,-0.08651940470613671,204.21683841880107,-3.901893986864848,1.3503581798800044,0.0,0.0,0.0,0.005764458266578708,11.855590675622283,-0.07542487355888543,-18.293282816621918,0.24795640326975477,0.0,-0.5537859942526067,-0.935520267285068,-0.11034054509415027,-0.20175438596491227,-0.006919689662403019,-0.0920179756045367,-0.43426404085366216,-0.8879659967204584,-0.48131981622206427,Biotechnology,Healthcare,EVGN
2018Q2,2018,Q2,2018-07-25,2018-06-30,-4769000.0,379000.0,-4673000.0,-0.19,114000.0,0.3007915567282322,68090000.0,59953000.0,64083000.0,4946000.0,8137000.0,0.0,-127187000.0,73657289.42,58926289.42,2.327883381945933,12.956530529720986,0.0,0.0,-0.07815744214100317,2.327883381945933,-0.07954564408786884,194.34641007915567,-3.86125442545607,1.2285838810401482,0.0,0.0,0.0,0.0055661624320751946,12.956530529720986,-0.07003965339991187,-20.13044258540585,0.3007915567282322,0.09523809523809519,-0.8517298297833561,-0.9358944445070101,-0.07424075742821203,0.3902439024390244,0.11455625696249536,0.05519611807521229,0.07413508510832195,-0.8628686843003278,-0.47790643109301123,Biotechnology,Healthcare,EVGN
2018Q1,2018,Q1,2018-05-08,2018-03-31,-5386000.0,366000.0,-4946000.0,-0.21,82000.0,0.22404371584699453,72049000.0,64347000.0,67655000.0,4652000.0,7702000.0,0.0,-122418000.0,81758386.77499999,76405386.77499999,2.4988473116799703,14.543207222699914,0.0,0.0,-0.07690733764601429,2.4988473116799703,-0.08370242590952182,223.38357042349725,-3.794949256173412,1.2705858357809998,0.0,0.0,0.0,0.005079876195367042,14.543207222699914,-0.07475468084220462,-16.41734674196787,0.22404371584699453,0.125,-7.044599306350019,-0.9430362686283676,-0.0475580430170911,-0.18,0.1346401028277635,0.1782688154178435,-0.6089198659896279,-0.8620087440434404,-0.4236202108804195,Biotechnology,Healthcare,EVGN
2017Q4,2017,Q4,2018-01-22,2017-12-31,-6224000.0,734000.0,-6019000.0,-0.24,100000.0,0.1362397820163488,77602000.0,69378000.0,72791000.0,4664000.0,8224000.0,0.0,-117032000.0,79615332.31,76180332.31,2.6752442503244764,15.606989708404802,0.0,0.0,-0.08675660872322638,2.6752442503244764,-0.0897114359018709,108.4677551907357,-3.1979166255623395,1.1475587694946523,0.0,0.0,0.0,0.009458519110332207,15.520368782161235,-0.0802041184505554,-21.436546125471192,0.1362397820163488,-0.1999999999999999,-4.343790813784296,-0.8999376808153543,-0.05575486081120283,-0.504950495049505,-0.23885350318471338,-0.09396583060705198,-0.26315793454407005,-0.8026214252505085,-0.41499143254963444,Biotechnology,Healthcare,EVGN
2017Q3,2017,Q3,2017-10-30,2017-09-30,-5024000.0,748000.0,-5502000.0,-0.2,202000.0,0.2700534759358289,83105000.0,75005000.0,77842000.0,4661000.0,8100000.0,0.0,-110808000.0,111532800.00000001,109075800.00000001,2.9858678343949046,16.700708002574554,0.0,0.0,-0.07335510965935604,2.9858678343949046,-0.06698220118658756,149.10802139037435,-5.55,1.487004866342244,0.0,0.0,0.0,0.00900066181336863,16.690624329543017,-0.06045364298177005,-31.303059219758634,0.2700534759358289,-0.11111111111111122,-2.3333332681017613,-0.8721445046233336,0.062046465027507186,0.2625,-0.05924520345772718,-0.06483452680472228,-0.17647059105049065,-0.7686503010077546,-0.3897955962286773,Biotechnology,Healthcare,EVGN
2017Q2,2017,Q2,2017-07-11,2017-06-30,-4743000.0,1178000.0,-5167000.0,-0.18,160000.0,0.13582342954159593,87446000.0,79335000.0,81821000.0,4633000.0,8111000.0,0.0,-105784000.0,133330999.99999999,127572999.99999999,3.0108159392789373,17.66047917116339,0.0,0.0,-0.06517010465953939,3.0108159392789373,-0.059784458309699376,113.18421052631578,-7.027777777777778,1.680607550261549,0.0,0.0,0.0,0.013471170779681175,17.65033455644291,-0.054239187612926835,-31.90500119645848,0.13582342954159593,0.05263157894736847,-1.8124999999999998,-0.7964402913110437,0.15856584582657457,1.162162162162162,0.021456571074891687,0.017493820117893136,-0.38461539329363825,-0.7149720849503437,-0.3933746617264057,Biotechnology,Healthcare,EVGN
2017Q1,2017,Q1,2017-04-28,2017-03-31,-4847000.0,721000.0,-5259000.0,-0.19,74000.0,0.10263522884882108,91900000.0,83306000.0,85879000.0,5668000.0,8594000.0,0.0,-101041000.0,136412435.6798,133122435.6798,3.265553991321073,15.151552575864503,0.0,0.0,-0.06323307274792331,3.265553991321073,-0.05818308405156891,189.19893991650486,-7.035920965535382,1.637486323671764,0.0,0.0,0.0,0.007845484221980413,15.143260409315456,-0.052742110990206745,-26.9430052695635,0.10263522884882108,0.2692307692307693,-6.307692398152705,-0.8867282058292344,0.24467414218925454,0.5102040816326531,0.27035977720909227,0.1451560468140442,-1.0212766103868143,-0.8178215221858487,-0.34488388260009756,Biotechnology,Healthcare,EVGN
2016Q4,2016,Q4,2017-01-18,2016-12-31,-6643000.0,1180000.0,-6152000.0,-0.26,49000.0,0.04152542372881356,95986000.0,87289000.0,89490000.0,5225000.0,8697000.0,0.0,-96194000.0,130304999.99999999,127068999.99999999,3.416399217221135,17.12727272727273,0.0,0.0,-0.07063802715074495,3.416399217221135,-0.0761035181981693,110.4279661016949,-4.903846153846153,1.492799780041013,0.0,0.0,0.0,0.01229345946283833,17.020478468899523,-0.06920800950138561,-30.1004851004851,0.04152542372881356,-0.3,-4.789106640522876,-0.8367234015624708,0.20584068314442744,-0.5847457627118644,-0.29898318341806807,-0.18948182521268367,-0.3,-0.779336358552808,-0.4225530273665288,Biotechnology,Healthcare,EVGN
2016Q3,2016,Q3,2016-10-25,2016-09-30,-5114000.0,1536000.0,-5172000.0,-0.2,118000.0,0.07682291666666667,101785000.0,93282000.0,94942000.0,5572000.0,8503000.0,0.0,-89551000.0,163136600.0,157697600.0,3.648103245991396,17.039124192390524,0.0,0.0,-0.05567339616660695,3.648103245991396,-0.054823009798246176,106.20872395833334,-7.975,1.748854012564053,0.0,0.0,0.0,0.015090632214962912,17.030689160086144,-0.05024315960112001,-48.33677037037037,0.07682291666666667,-0.11111111111111122,-2.3333332681017613,-0.7420723364314058,0.2975976738922562,-0.49356223175965663,-0.1458660094107103,0.0017371163867979154,-0.6666666376685517,-0.7281887976525396,0.5060243235020704,Biotechnology,Healthcare,EVGN
2016Q2,2016,Q2,2016-07-21,2016-06-30,-4463000.0,1808000.0,-5181000.0,-0.18,233000.0,0.1288716814159292,105934000.0,97688000.0,98564000.0,5445000.0,8246000.0,0.0,-84437000.0,154717330.56,149184330.56,3.939914926101993,18.10174471992654,0.0,0.0,-0.05303619687167308,3.939914926101993,-0.04568626648104168,85.57374477876107,-8.66666651131526,1.5837905429530752,0.0,0.0,0.0,0.017067230539770044,18.0931129476584,-0.04213000547510714,-65.55819091525424,0.1288716814159292,-0.3846153846153845,-1.8125000504145201,-0.6679746814997533,0.5160843309263512,-0.5349301397205589,-0.3235468564650059,-0.13023560209424084,-0.8000000322652928,-0.6823490125370614,0.5668365030968622,Biotechnology,Healthcare,EVGN
2016Q1,2016,Q1,2016-04-25,2016-03-31,-3372000.0,2016000.0,-4584000.0,-0.13,501000.0,0.24851190476190477,109031000.0,101336000.0,101299000.0,4564000.0,7695000.0,0.0,-79974000.0,168859387.62,164874387.62,3.9067852211129557,22.195223488168274,0.0,0.0,-0.04523565169337649,3.9067852211129557,-0.03327544011999684,83.759616875,-12.519230991992881,1.6663316848898713,0.0,0.0,0.0,0.01849015417633517,22.18492550394391,-0.03092698406875109,-69.2898595075913,0.24851190476190477,0.40909090909090906,-3.999999911032031,-0.6885041717724236,0.4890810431338912,0.0962800875273523,0.38377192982456143,0.1462097224809089,-3.999999911032031,-0.6885041717724236,0.4890810431338912,Biotechnology,Healthcare,EVGN
2015Q4,2015,Q4,2016-01-28,2015-12-31,-5472000.0,2463000.0,-5369000.0,-0.22,457000.0,0.1855460820138043,112595000.0,103752000.0,104376000.0,5639000.0,8843000.0,0.0,-76602000.0,200225452.35000002,190004452.35000002,4.1713158352117965,18.50966483419046,0.0,0.0,-0.05174840003084278,4.1713158352117965,-0.0527411519777932,81.29332210718637,-9.147727172423245,1.9298466762086515,0.0,0.0,0.0,0.021874861228296107,18.423479340308564,-0.04859896087748124,-39.81416829389541,0.1855460820138043,-0.6923076923076923,-3.8984749033845505,-0.6499147203612575,0.4722934928062258,-0.4440389294403893,-0.6179775280898876,-0.4196192490745637,-3.8984749033845505,-0.6499147203612575,0.4722934928062258,Biotechnology,Healthcare,EVGN
2015Q3,2015,Q3,2015-11-18,2015-09-30,-3382000.0,3309000.0,-3782000.0,-0.13,822000.0,0.2484134179510426,116366000.0,108091000.0,108398000.0,4743000.0,8275000.0,0.0,-71130000.0,214626926.25,202779926.25,4.154887579022951,22.854311617119965,0.0,0.0,-0.03498903701510764,4.154887579022951,-0.03128845139743364,64.86156731640979,-15.865384849940865,1.9856132911158193,0.0,0.0,0.0,0.028436141140883074,22.844402277039848,-0.02906347214822199,-67.85549359785014,0.2484134179510426,0.35000000000000003,-1.1666665922338177,-0.45386005000426044,0.47785632540640116,0.13535911602209943,0.31676767676767675,0.1852649719948298,-1.1666665922338177,-0.45386005000426044,0.47785632540640116,Biotechnology,Healthcare,EVGN
2015Q2,2015,Q2,2015-07-29,2015-06-30,-4950000.0,2656000.0,-4642000.0,-0.2,724000.0,0.27259036144578314,119863000.0,110354000.0,111823000.0,5491000.0,9509000.0,0.0,-67748000.0,218790000.0,210841000.0,4.458747474747475,20.36477872882899,0.0,0.0,-0.042064628377766096,4.458747474747475,-0.044855646374395125,82.3757530120482,-11.049999999999999,1.9826195697482645,0.0,0.0,0.0,0.022158631103843553,20.36477872882899,-0.041297147576816864,-70.69143780290791,0.27259036144578314,-0.5384615384615385,-2.125,-0.5113701240444573,0.7157317629469777,-0.1687715269804822,-0.4520387210325609,-0.12451550387596899,-2.125,-0.5113701240444573,0.7157317629469777,Biotechnology,Healthcare,EVGN
2015Q1,2015,Q1,2015-04-30,2015-03-31,-3409000.0,2701000.0,-4128000.0,-0.13,871000.0,0.3224731580895964,123444000.0,113688000.0,114735000.0,5797000.0,9756000.0,0.0,-62798000.0,231287539.14000002,221221539.14000002,4.335417998429398,19.79213386234259,0.0,0.0,-0.03630990078108508,4.335417998429398,-0.029985574554922245,85.63033659385414,-16.961538511293636,2.0344059103863206,0.0,0.0,0.0,0.0218803668060011,19.619630843539763,-0.02761576099283886,-74.0120125248,0.3224731580895964,0.3157894736842105,-3.999999985332942,-0.5871931813595144,0.6524555075703868,-0.3065286624203822,0.2931785195936139,0.10202305851642375,-3.999999985332942,-0.5871931813595144,0.6524555075703868,Biotechnology,Healthcare,EVGN
2014Q4,2014,Q4,2014-12-31,2014-12-31,-4823000.0,3640000.0,-4597000.0,-0.19,1256000.0,0.34505494505494505,127586000.0,116082000.0,118371000.0,7919000.0,11504000.0,0.0,-59389000.0,233788583.31000003,228575583.31000003,4.573000122004974,14.947720671801996,0.0,0.0,-0.039601316310883684,4.573000122004974,-0.04154821591633501,64.22763277747254,-12.118421278768402,2.0139951354215126,0.0,0.0,0.0,0.028529775994231343,14.770046723071095,-0.037801953192356526,-82.49420723712069,0.34505494505494505,-0.11764705882352934,-3.230500927592327,-0.4930436633680099,0.6140706166135091,0.5187424425634825,-0.1541038525963149,-0.06758012076172783,-3.230500927592327,-0.4930436633680099,0.6140706166135091,Biotechnology,Healthcare,EVGN
2014Q3,2014,Q3,2014-11-10,2014-09-30,-4179000.0,3164000.0,-4306000.0,-0.17,827000.0,0.261378002528445,129763000.0,120287000.0,111235000.0,6237000.0,9476000.0,0.0,-54566000.0,323503765.48,308541765.48,4.89322564036079,17.834696168029502,0.0,0.0,-0.03579771712653903,4.89322564036079,-0.03474190893446507,102.24518504424779,-19.352941222780572,2.6894324863035908,0.0,0.0,0.0,0.02438291346531754,17.834696168029502,-0.0322048657937933,-94.34347199766697,0.261378002528445,-0.30769230769230776,-1.8333332711065657,-0.4473496359251718,0.7404765656616185,-0.41964912280701755,-0.30962080852397367,-0.15504291845493562,-1.8333332711065657,-0.4473496359251718,0.7404765656616185,Biotechnology,Healthcare,EVGN
2014Q2,2014,Q2,2014-07-07,2014-06-30,-3191000.0,3850000.0,-3728000.0,-0.13,1425000.0,0.37012987012987014,131856000.0,121828000.0,114155000.0,6503000.0,10028000.0,0.0,-50387000.0,402066002.52,393350002.52,4.9632215295316735,17.55420575119176,0.0,0.0,-0.030600518764159305,4.9632215295316735,-0.026192665068785502,104.43272792727272,-31.500000197430268,3.3002758193518726,0.0,0.0,0.0,0.02919851959713627,17.55420575119176,-0.024200643125834243,-150.5865177977528,0.37012987012987014,-0.3829787234042554,-1.0312499872688814,-0.285825359759962,0.9098540280624571,0.10123647604327667,-0.3654257595207531,-0.42019047619047617,-1.0312499872688814,-0.285825359759962,0.9098540280624571,Biotechnology,Healthcare,EVGN
2014Q1,2014,Q1,2014-04-03,2014-03-31,-2337000.0,3857000.0,-2625000.0,-0.094,1294000.0,0.3354939071817475,133964000.0,123928000.0,116505000.0,6537000.0,10036000.0,0.0,-47196000.0,473615423.1,458757423.1,4.984694933597064,17.822395594309317,0.0,0.0,-0.021181653863533666,4.984694933597064,-0.01885772383964883,122.79373168265492,-50.66489335686778,3.821698269156285,0.0,0.0,0.0,0.028791317070257682,17.822395594309317,-0.017444985219909826,-134.32088006239366,0.3354939071817475,0.53,-2.6153846339488505,-0.3782372345523743,0.8999290494168506,-0.17579617834394903,0.445814560113825,0.3508902077151335,-2.6153846339488505,-0.3782372345523743,0.8999290494168506,Biotechnology,Healthcare,EVGN
2013Q4,2013,Q4,2013-12-31,2013-12-31,-4217000.0,4413000.0,-4044000.0,-0.2,1570000.0,0.35576705189213687,137311000.0,124747000.0,129552000.0,8574000.0,12564000.0,0.0,-44859000.0,414320249.99999994,318866249.99999994,5.916386056438226,15.109867039888034,0.0,0.0,-0.032417613249216416,5.916386056438226,-0.03380442014637627,93.88630183548605,-24.562499999999996,3.321284279381468,0.0,0.0,0.0,0.03213872158821944,15.024376020527175,-0.03071130499377326,-534.6067741935483,0.35576705189213687,-0.6666666666666669,-3.4531589542483663,-0.2600656938011979,1.0882275607838763,-0.049061175045427015,-0.8342757720748152,-0.5996835443037974,-3.4531589542483663,-0.2600656938011979,1.0882275607838763,Biotechnology,Healthcare,EVGN
2013Q3,2013,Q3,2013-09-30,2013-09-30,-2299000.0,4234000.0,-2528000.0,-0.12,1651000.0,0.38993859234766176,59665000.0,46408000.0,51919000.0,8492000.0,13257000.0,0.0,-40642000.0,291206661.59999996,274551661.59999996,2.422340190036367,6.113871879415921,0.0,0.0,-0.05447336666092053,2.422340190036367,-0.049538872608171004,68.7781439773264,-31.66666611570248,6.274923754525082,0.0,0.0,0.0,0.07096287605799044,6.113871879415921,-0.03853180256431744,-140.34055980722889,0.38993859234766176,-0.1999999999999999,-0.9999999956587947,-0.051077875595129774,-0.1383952744701654,-0.11236559139784946,-0.2222222222222222,-0.6132737715379707,-0.9999999956587947,-0.051077875595129774,-0.1383952744701654,Biotechnology,Healthcare,EVGN
2013Q2,2013,Q2,2013-06-30,2013-06-30,-1881000.0,4318000.0,-1567000.0,-0.1,1860000.0,0.43075497915701716,62004000.0,47299000.0,53967000.0,9046000.0,14705000.0,0.0,-38343000.0,233244000.0,216360000.0,2.514566719829878,5.96584125580367,0.0,0.0,-0.033129664474936045,2.514566719829878,-0.039768282627539696,54.01667438628995,-31.0,4.931267045814922,0.0,0.0,0.0,0.06964066834397781,5.96584125580367,-0.030336752467582738,-212.61987237921605,0.43075497915701716,-2.8461538461538467,-0.5625,0.045251963962445255,-0.03239149207348625,-0.22045264040234702,-2.9106029106029108,-1.6924398625429553,-0.5625,0.045251963962445255,-0.03239149207348625,Biotechnology,Healthcare,EVGN
2013Q1,2013,Q1,2013-03-31,2013-03-31,-481000.0,4616000.0,-582000.0,-0.026,2386000.0,0.516897746967071,63179000.0,48537000.0,55414000.0,8193000.0,14642000.0,0.0,-36462000.0,186850000.0,167481000.0,2.6236216216216217,6.76357866471378,0.0,0.0,-0.011990852339452376,2.6236216216216217,-0.009909965593258751,40.47876949740035,-97.11538461538461,3.849640480458207,0.0,0.0,0.0,0.07306225169755773,6.76357866471378,-0.0076132892258503615,-63.64100817438692,0.516897746967071,0.4210893359477124,0.0,0.0,0.0,0.1000461041954818,0.3712418300653595,0.3673913043478261,0.0,0.0,0.0,Biotechnology,Healthcare,EVGN
2012Q4,2012,Q4,2012-12-31,2012-12-31,-765000.0,4818000.0,-920000.0,-0.0449119382565937,2169000.0,0.450186799501868,64855000.0,48259000.0,57322000.0,9499000.0,16596000.0,0.0,-35981000.0,160113330.20000002,135851330.20000002,2.8332094487907917,6.034529950521107,0.0,0.0,-0.01906380157069148,2.8332094487907917,-0.01585196543649889,33.23232258198423,-52.3246177124183,3.3177921258210903,0.0,0.0,0.0,0.07428879808804256,5.966101694915254,-0.011795543905635648,-899.513091011236,0.450186799501868,0.25146769572343824,0.0,0.0,0.0,0.40206851971557855,0.25146771037182,0.155188246097337,0.0,0.0,0.0,Biotechnology,Healthcare,EVGN
2012Q3,2012,Q3,2012-09-30,2012-09-30,-1022000.0,3967000.0,-1089000.0,-0.06,1547000.0,0.3899672296445677,63549000.0,47888000.0,55814000.0,7760000.0,15661000.0,0.0,-35216000.0,127749997.5,104136997.5,2.811428626446744,7.192525773195876,0.0,0.0,-0.023240853658536585,2.811428626446744,-0.021341463414634148,32.20317557348122,-31.24999938845401,2.667682874624123,0.0,0.0,0.0,0.06242427103494941,7.192525773195876,-0.01608207839619821,108.72340212765957,0.3899672296445677,0.06250000000000006,0.0,0.0,0.0,-0.08080808080808081,0.1418975650713686,-0.09337349397590361,0.0,0.0,0.0,Biotechnology,Healthcare,EVGN
2012Q2,2012,Q2,2012-06-30,2012-06-30,-1191000.0,4087000.0,-996000.0,-0.064,1683000.0,0.41179349155860046,65376000.0,48361000.0,57393000.0,8032000.0,17015000.0,0.0,-34194000.0,158179687.5,136021687.5,2.5987439126784215,7.145542828685259,0.0,0.0,-0.021535358371382304,2.5987439126784215,-0.024627282314261492,38.70312882309763,-33.203125,3.2708109323628545,0.0,0.0,0.0,0.06251529613313754,7.145542828685259,-0.01821769456681351,-39.0953256302521,0.41179349155860046,0.0,0.0,0.0,0.0,0.0,0.0,0.0,0.0,0.0,0.0,Biotechnology,Healthcare,EVGN
