Quarters,Year,Quarter,FillingDate,Date,NetIncome,Revenue,OperatingIncome,EPSDiluted,GrossProfit,GrossProfitRatio,TotalAssets,CommonStockEquity,CurrentAssets,CurrentLiability,TotalLiability,Inventory,RetainedEarnings,MarketCap,EnterpriseValue,bookValuePerShare,currentRatio,debtToAssets,debtToEquity,roic,shareholdersEquityPerShare,roe,priceToSalesRatio,peRatio,pbRatio,payoutRatio,inventoryTurnover,dividendYield,assetTurnover,quickRatio,returnOnAssets,priceToFreeCashFlowsRatio,grossProfitMargin,epsdilutedGrowth,fiveYNetIncomeGrowthPerShare,fiveYRevenueGrowthPerShare,fiveYShareholdersEquityGrowthPerShare,grossProfitGrowth,netIncomeGrowth,operatingIncomeGrowth,threeYNetIncomeGrowthPerShare,threeYRevenueGrowthPerShare,threeYShareholdersEquityGrowthPerShare,Industry,Sector,Symbol
2023Q1,2023,Q1,2023-05-15,2023-03-31,-14621000.0,12550000.0,-13621000.0,-0.23,469000.0,0.0373705179,50431000.0,36167000.0,42883000.0,13535000.0,14264000.0,0.0,-294982000.0,3408613.6952,-21219386.3048,0.5644771077196252,3.1683043960103436,0.043742935892605736,0.06099482954074156,-0.3495566928678883,0.5644771077196252,-0.40426355517460666,0.271602684876494,-0.05828284137883866,0.09424651464594795,0.0,0.0,0.0,0.24885487101187762,2.8047284817140747,-0.2899208819971843,-0.2976435290953545,0.037370517928286856,0.5208333333333333,0.35255010661300046,-0.7797590963379448,2.193093072801692,-0.5994876174210076,0.23051418346402822,0.2827277514481306,0.35255010661300046,-0.7797590963379448,2.193093072801692,,,FAZEW
2022Q4,2022,Q4,2023-04-04,2022-12-31,-19001000.0,21400000.0,-18990000.0,-0.48,1171000.0,0.0547196262,67238000.0,46751000.0,58723000.0,19379000.0,20487000.0,0.0,-280942000.0,5027898.038799999,-29607101.9612,1.1725180293049502,3.030238918416843,0.03825217882744877,0.05501486599217129,-0.3645689423694334,1.1725180293049502,-0.40642980898804304,0.23494850648598128,-0.06615307140150517,0.10754632069474448,0.0,0.0,0.0,0.3182724054849936,2.680994891377264,-0.2825931764775871,-0.8052367134529147,0.054719626168224296,0.8935698447893569,0.0,0.0,0.0,-0.6693958215697347,0.9228639513500128,-0.27749747729566093,0.0,0.0,0.0,,,FAZEW
2022Q3,2022,Q3,2022-11-14,2022-09-30,-246331000.0,14012000.0,-14865000.0,-4.51,3542000.0,0.2527833286,82402000.0,60861000.0,76251000.0,21410000.0,21541000.0,0.0,-261870000.0,30024795.900000002,-13847204.099999998,1.1148635318450242,3.5614666043904717,-0.25982379068469214,-0.351785215491037,-0.7107051151198346,1.1148635318450242,-4.047435960631603,2.142791600057094,-0.030472003016266732,0.4933339232020506,0.0,0.0,0.0,0.17004441639766024,3.065063054647361,-2.989381325695978,-574.2209456570051,0.2527833285755067,-14.666666666666666,-2.8400705441268426,-0.8824699501242176,1.2099993105808422,4.093179634966378,-43.26055025473231,-11.98139900445376,-2.8400705441268426,-0.8824699501242176,1.2099993105808422,,,FAZEW
2022Q2,2022,Q2,2022-08-15,2022-06-30,5828864.0,0.0,-1145100.0,0.33,-1145100.0,0.0,173144437.0,166320193.0,383170.0,4631452.0,6824244.0,0.0,-6180290.0,6573123.0,6531287.0,9.359605683736635,0.08273215397676582,0.0,0.0,-0.018015863831920536,9.359605683736635,0.03504603917817724,0.0,0.28192127145186435,0.039520895697854316,0.0,0.0,0.0,0.0,0.009033020314147702,0.03366474892866469,3.666952854345534,0.0,1.9428571428571428,4.198338953922872,0.0,0.0006228376604374893,-1.3187030336765935,1.9306614684229526,0.8508984375,4.198338953922872,0.0,0.0006228376604374893,,,FAZEW
2022Q1,2022,Q1,2022-05-16,2022-03-31,-6263141.0,15804000.0,-7680000.0,-0.35,3593000.0,0.227347507,173093750.0,-8407356.0,561149.0,3664331.0,9001106.0,0.0,-8407839.0,15994777.0,15909573.0,-0.473120765334834,0.15313818538772836,0.0,0.0,0.5995902460029237,-0.473120765334834,0.7449596519999867,1.0120714376107314,-0.6384487032944013,-1.90247409530416,0.0,0.0,0.0,0.09130312330745621,0.02325226623904882,-0.036183519046759344,-1.3581367920523053,0.22734750696026323,0.4776119402985075,0.0,0.0,0.0,0.0,0.47755314190114656,-3.398046076404597,0.0,0.0,0.0,,,FAZEW
2021Q4,2021,Q4,2022-03-07,2021-12-31,-11988092.0,0.0,-1746230.0,-0.67,0.0,0.0,173171973.0,-10740428.0,655773.0,2813168.0,11412401.0,0.0,-10740911.0,25766500.0,25723176.0,-0.6044135059088351,0.2331083675059577,0.0,0.0,0.2838263385129841,-0.6044135059088351,1.1161652030999136,0.0,-0.537335299061769,-2.3990198528401288,0.0,0.0,0.0,0.0,0.015400431115383084,-0.06922651392324322,-25.04811992067504,0.0,0.42982120214114905,0.0,0.0,0.0,0.0,0.42588334410711703,0.9090089872272948,0.0,0.0,0.0,,,FAZEW
2021Q3,2021,Q3,2021-11-22,2021-09-30,-20880934.0,38808000.0,-19191236.0,-1.17507,0.0,0.0,29499000.0,-94339000.0,27430000.0,24325000.0,123838000.0,11000.0,-98833000.0,13725565.77,65763565.769999996,-5.308891389983118,1.1276464542651592,2.337570765110682,-0.7309384241935997,0.7560665012015916,-5.308891389983118,0.22133936123978418,0.35367877164502165,-0.16433131978195994,-0.1454919574089189,0.0,0.0,0.0,1.315570019322689,0.9966289825282632,-0.7078522661785145,-0.665561811875034,0.0,-10.457390795631825,0.0,0.0,0.0,0.0,-10.457516354214563,-55.335454705571536,0.0,0.0,0.0,,,FAZEW
2021Q2,2021,Q2,2021-08-11,2021-06-30,-1822466.0,0.0,-340660.0,-0.10256,0.0,0.0,173526677.0,166216667.0,1016341.0,248810.0,7310010.0,0.0,-2411514.0,21324000.0,21206831.0,9.353779797411368,4.084807684578594,0.0,0.0,-0.0020494936286984985,9.353779797411368,-0.010964399857686956,0.0,-2.9251574514970375,0.1282903837796242,0.0,0.0,0.0,0.0,0.47091756762188014,-0.01050251195670623,-97.93331496279967,0.0,0.0,0.0,0.0,0.0,0.0,0.0,0.0,0.0,0.0,0.0,,,FAZEW
2020Q4,2020,Q4,2020-12-31,2020-12-31,-10194000.0,12286000.0,-7297000.0,0.0,2794000.0,0.22741331596939607,10524000.0,-72456000.0,9335000.0,18292000.0,82980000.0,59000.0,-75542000.0,0.0,29462000.0,0.0,0.510332385742401,3.2205435195743064,-0.46777354532405874,0.189222830174001,0.0,0.1406922822126532,0.0,0.0,0.0,0.0,160.88135593220338,,1.1674268339034588,0.4343975508418981,-0.9686431014823261,0.0,0.22741331596939607,0.0,0.0,0.0,0.0,0.0,0.0,0.0,0.0,0.0,0.0,,,FAZEW
