Quarters,Year,Quarter,FillingDate,Date,NetIncome,Revenue,OperatingIncome,EPSDiluted,GrossProfit,GrossProfitRatio,TotalAssets,CommonStockEquity,CurrentAssets,CurrentLiability,TotalLiability,Inventory,RetainedEarnings,MarketCap,EnterpriseValue,bookValuePerShare,currentRatio,debtToAssets,debtToEquity,roic,shareholdersEquityPerShare,roe,priceToSalesRatio,peRatio,pbRatio,payoutRatio,inventoryTurnover,dividendYield,assetTurnover,quickRatio,returnOnAssets,priceToFreeCashFlowsRatio,grossProfitMargin,epsdilutedGrowth,fiveYNetIncomeGrowthPerShare,fiveYRevenueGrowthPerShare,fiveYShareholdersEquityGrowthPerShare,grossProfitGrowth,netIncomeGrowth,operatingIncomeGrowth,threeYNetIncomeGrowthPerShare,threeYRevenueGrowthPerShare,threeYShareholdersEquityGrowthPerShare,Industry,Sector,Symbol
2023Q1,2023,Q1,2023-05-10,2023-03-31,9518000000.0,1256000000.0,139000000.0,653.64,672000000.0,0.5350318471,214658000000.0,19216000000.0,1683000000.0,1009000000.0,195442000000.0,0.0,14885000000.0,14135924958.300001,20109924958.300003,1322.8062298831537,1.66798810703667,0.21473227179979315,2.398730224812656,0.002138643689773135,1322.8062298831537,0.49531640299750207,11.254717323487261,0.37129451981246064,0.735633064024771,0.0027316663164530363,0.0,0.0018392853723189816,0.005851167904294273,50.886025768087215,0.04434029945308351,-20.368767951440923,0.535031847133758,31.26111111111111,77.51172710144554,1.7233643950283228,3.7114179880691394,-0.44232365145228214,36.03501945525292,-0.9137717121588089,119.0312654091731,1.3097748403277931,2.500653707247879,Banks—Regional,Financial Services,FCNCA
2022Q4,2022,Q4,2023-02-24,2022-12-31,257000000.0,1205000000.0,1612000000.0,-21.6,1205000000.0,1.0,109298000000.0,9662000000.0,518000000.0,3548000000.0,99636000000.0,0.0,5392000000.0,7444368895.8,8110368895.8,984.2707182517429,0.1459977452085682,0.05680799282695017,0.6426205754502173,0.06658981404924139,984.2707182517429,0.026599047816187125,6.177899498589212,7.2416039842412445,0.7704790825708963,0.09727626459143969,0.0,0.00335824303576689,0.0110249043898333,4.907271702367531,0.002351369649947849,11.65002957089202,1.0,-2.122077922077922,4.779410307388369,2.8142981957199216,2.5456697759384115,6.710900473933649,-0.18412698412698414,2.1794871794871793,1.7518773014180609,2.0095013458673803,1.9389606137833408,Banks—Regional,Financial Services,FCNCA
2022Q3,2022,Q3,2022-11-04,2022-09-30,315000000.0,294000000.0,507000000.0,19.25,-211000000.0,-0.7176870748,109310000000.0,9833000000.0,573000000.0,3128000000.0,99477000000.0,0.0,5160000000.0,12529201021.679998,13641201021.679998,625.828349024973,0.1831841432225064,0.07103650169243436,0.789687786026645,0.022232978730512994,625.828349024973,0.032034984236753786,42.61633000571428,9.943810334666667,1.2741992292972644,0.06349206349206349,0.0,0.0015962709805192562,0.0026895983899002836,5.7304987212276215,0.0028817125606074466,34.706928037894734,-0.717687074829932,0.2954239569313594,2.590442251679412,-0.39314943247783435,1.2682061735409202,-0.4161073825503356,0.23529411764705882,0.3448275862068966,0.7770985558016148,-0.512451039006256,0.9397465569150835,Banks—Regional,Financial Services,FCNCA
2022Q2,2022,Q2,2022-08-05,2022-06-30,255000000.0,341000000.0,377000000.0,14.86,-149000000.0,-0.4369501466,107673000000.0,10642000000.0,677000000.0,0.0,97031000000.0,0.0,4865000000.0,10475917707.14,7229917707.139999,664.1448467333803,0.0,0.03541277757655122,0.3582973125352377,0.019734836548913184,664.1448467333803,0.023961661341853034,30.721166296598238,10.270507556019608,0.9843936954651381,0.09411764705882353,0.0,0.0022909687409669592,0.0031669963686346623,0.0,0.0023682817419408767,14.838410350056657,-0.436950146627566,-0.13453698311007584,0.41938030675010124,-0.2894131224087041,1.462041800049084,-1.454268292682927,-0.05904059040590406,0.35125448028673834,0.504820215948767,-0.43265900685272957,1.096977797471567,Banks—Regional,Financial Services,FCNCA
2022Q1,2022,Q1,2022-05-10,2022-03-31,271000000.0,328000000.0,279000000.0,17.17,328000000.0,1.0,108597000000.0,10570000000.0,623000000.0,0.0,98027000000.0,0.0,4634000000.0,10502604236.800001,3370604236.800001,669.8711901709806,0.0,0.024641564684107296,0.2531693472090823,0.025369168050732298,669.8711901709806,0.025638599810785243,32.020134868292686,9.68874929594096,0.9936238634626301,0.05166051660516605,0.0,0.0013330027185967362,0.0030203412617291455,0.0,0.0024954648839286536,66.05411469685535,1.0,0.3670382165605096,2.050434239734086,-0.27272815151082813,1.5947156031373266,-0.28010183925200827,1.1982122288736392,0.658581823369953,0.7765415168466933,-0.4258554109426942,1.1900581523076879,Banks—Regional,Financial Services,FCNCA
2021Q4,2021,Q4,2022-02-25,2021-12-31,123282000.0,455620000.0,168216000.0,12.56,455620000.0,1.0,58308140000.0,4737241000.0,18790138000.0,0.0,53570899000.0,0.0,4377712000.0,8146045525.200001,9002609525.2,482.58410283601785,0.0,0.02048389813154733,0.2521252349204949,0.022759955519962287,482.58410283601785,0.026024008489329547,17.8790341187832,16.519129972745414,1.7195759145882594,0.07502311773008224,0.0,0.0011353975338571313,0.007814003327837245,0.0,0.0021143188583961003,45.767386145133386,1.0,0.03204601479046841,1.8627053994896552,1.0001816429128574,0.924040158192123,0.0030623319955352915,-0.006375279069580005,0.0,0.6512164923072087,0.4644727178113862,0.6271462196502554,Banks—Regional,Financial Services,FCNCA
2021Q3,2021,Q3,2021-11-02,2021-09-30,124073000.0,454229000.0,0.0,12.17,454229000.0,1.0,56901977000.0,4581295000.0,34526548000.0,0.0,52320682000.0,0.0,4263679000.0,8276898203.849999,9158677203.849998,466.69783897465516,0.0,0.021426830213649696,0.2661319561390393,0.0,466.69783897465516,0.027082517061223957,18.221862108870194,16.67747657397258,1.806672175411101,0.07456094396041041,0.0,0.0011176892323862212,0.007982657614866351,0.0,0.0021804690547043734,71.90862274528031,1.0,-0.19350563286944997,1.9531503131489683,0.5750205632853725,0.8176679996907636,-0.02550223549502699,-0.187940152367987,0.0,0.289755187833134,0.38076385424929493,0.5967515729068527,Banks—Regional,Financial Services,FCNCA
2021Q2,2021,Q2,2021-08-03,2021-06-30,152788000.0,466116000.0,0.0,15.09,466116000.0,1.0,55175318000.0,4476490000.0,34774112000.0,0.0,50698828000.0,0.0,4148857000.0,8174513099.7,9003637099.7,456.02132348858873,0.0,0.02219267680523382,0.273537526052778,0.0,456.02132348858873,0.0341312054757187,17.537508044564014,13.37558103335995,1.8260988184269373,0.09073356546325628,0.0,0.0016958808226154492,0.008447907812692624,0.0,0.002769136736103632,-11.18771030343425,1.0,0.0385409497591191,1.6968757449982148,0.5448897758411042,0.8041946065011489,0.007539535004366359,0.03714464145103044,0.0,1.0038014292943185,0.43598202137744746,0.5889706778042453,Banks—Regional,Financial Services,FCNCA
2021Q1,2021,Q1,2021-05-04,2021-03-31,147316000.0,462628000.0,0.0,14.53,462628000.0,1.0,53908606000.0,4321400000.0,34457023000.0,0.0,49587206000.0,0.0,4005318000.0,8204256806.849999,9024087806.849998,440.22226059336384,0.0,0.02282244137420285,0.2847054195399639,0.0,440.22226059336384,0.034089878280186975,17.734025625016212,13.922888224717614,1.898518259557088,0.06278340438241603,0.0,0.001127341600555179,0.008581709569711373,0.0,0.0027326991167235895,100.87366358690306,1.0,0.06916850625459893,2.4613924657398454,0.6831112167329172,0.7855120737587068,-0.022289850478152903,0.06685785463920513,0.0,0.7982622988497093,0.4844388798654275,0.567932649887234,Banks—Regional,Financial Services,FCNCA
2020Q4,2020,Q4,2021-02-24,2020-12-31,138084000.0,473175000.0,0.0,13.59,473175000.0,1.0,49957680000.0,4229268000.0,34035083000.0,0.0,45728412000.0,0.0,3867252000.0,5637266899.349999,6523381899.349999,430.83674726134467,0.0,0.02498440680191714,0.29512506655998155,0.0,430.83674726134467,0.03264962163665202,11.913704019337453,10.206227548720344,1.3329178712131744,0.06201297760783291,0.0,0.001518998506348413,0.009471516691727879,0.0,0.002764019466076087,63.437728856216864,1.0,-0.031361368496079796,2.9521438426788573,0.7551135546008614,0.8016460459862039,0.023514830068526338,-0.03223907375739396,0.0,2.105229933406286,0.49778468776744716,0.5520169449330878,Banks—Regional,Financial Services,FCNCA
2020Q3,2020,Q3,2020-11-03,2020-09-30,142684000.0,462304000.0,0.0,14.03,462304000.0,1.0,48666873000.0,4074414000.0,34008616000.0,0.0,44592459000.0,0.0,3738417000.0,3135720592.62,4035317592.62,414.20836345459406,0.0,0.02572624709214418,0.307287379240303,0.0,414.20836345459406,0.03501951446269329,6.782810861727348,5.494169971089961,0.76961265905232,0.060567407698130134,0.0,0.002755985345231068,0.009499356985602917,0.0,0.002931850583455403,39.34454124418123,1.0,-0.04816824966078703,2.1133249531744247,0.6168250858283716,0.7379079608922162,-0.0615212845861838,-0.07219122676966694,0.0,1.597748982013218,0.5242162885551299,0.501226284465585,Banks—Regional,Financial Services,FCNCA
2020Q2,2020,Q2,2020-08-05,2020-06-30,153786000.0,492610000.0,0.0,14.74,492610000.0,1.0,47866194000.0,3991444000.0,33585551000.0,0.0,43874750000.0,0.0,3651237000.0,4092937710.3999996,4962423710.4,394.97660684457605,0.0,0.026296617608661345,0.31535429283236843,0.0,394.97660684457605,0.038528913345646336,8.30867767686405,6.6536253469106414,1.0254278177020646,0.05808070955743696,0.0,0.002182295610632951,0.010291396888584875,0.0,0.003212831168486051,86.36711775480059,1.0,1.6996336996336998,3.1052642962250703,0.711390575617149,0.697929773086675,0.2565331510385446,1.6900243138764015,0.0,0.3573041511698543,0.627675435907162,0.4642120930033915,Banks—Regional,Financial Services,FCNCA
2020Q1,2020,Q1,2020-05-05,2020-03-31,57169000.0,392039000.0,0.0,5.46,392039000.0,1.0,41594453000.0,3957520000.0,30395068000.0,0.0,37636933000.0,0.0,3632894000.0,3486187121.53,4434099121.530001,377.8740602489096,0.0,0.0337095910360932,0.35429561947886556,0.0,377.8740602489096,0.014445662940427338,8.892449785684589,15.245094026176774,0.8809019591890882,0.07444594098200073,0.0,0.0012208180030600733,0.009425271201426786,0.0,0.0013744380771157155,-374.0142818935737,1.0,-0.42827225130890056,0.02733629281450562,0.3707332017405789,0.6411579696308334,-0.10241111434190614,-0.4388263933879106,0.0,-0.030471408848575233,0.3096638954925949,0.46367799441925445,Banks—Regional,Financial Services,FCNCA
2019Q4,2019,Q4,2020-02-26,2019-12-31,101874000.0,436769000.0,0.0,9.55,436769000.0,1.0,39824496000.0,3586184000.0,29881579000.0,0.0,36238312000.0,0.0,3658197000.0,5698949385.64,6206145385.64,334.9043582399989,0.0,0.022195258918028742,0.24647787174333496,0.0,334.9043582399989,0.028407354446955316,13.047971320400487,13.985289145513086,1.5891402631989882,0.04317097591141999,0.0,0.0007717211897129523,0.010967345324345096,0.0,0.0025580738046251735,52.02097092349682,1.0,-0.15261756876663699,0.8056026462052478,0.38496660273490524,0.4966311796824498,0.02891678092034281,-0.18356454211045128,0.0,1.168607938125009,0.7577583207551746,0.3352479508142351,Banks—Regional,Financial Services,FCNCA
2019Q3,2019,Q3,2019-11-05,2019-09-30,124779000.0,424494000.0,0.0,11.27,424494000.0,1.0,37748324000.0,3568482000.0,28046175000.0,0.0,34179842000.0,0.0,3560580000.0,5215560856.1,5380503856.1,322.6340816504772,0.0,0.012023739120179216,0.12719021701664743,0.0,322.6340816504772,0.03496696914822605,12.28653610204149,10.449596598987009,1.4615628875527464,0.03603170405276529,0.0,0.0008620357664394964,0.011245373436976963,0.0,0.0033055507312059734,35.9572341491496,1.0,0.0672348484848484,3.1162397668577992,0.5153985652788174,0.43231096589669155,0.0026785714285714286,0.04540922762422608,0.0,1.6359002438083754,0.30635775058730075,0.25657673306161827,Banks—Regional,Financial Services,FCNCA
2019Q2,2019,Q2,2019-08-06,2019-06-30,119359000.0,423360000.0,0.0,10.56,423360000.0,1.0,37655094000.0,3574613000.0,27739617000.0,0.0,34080481000.0,0.0,3440284000.0,5115163729.2,5200870729.2,316.71524969609766,0.0,0.009822150490448916,0.10346686480466556,0.0,316.71524969609766,0.03339074747392235,12.082302837301587,10.713820761735604,1.4309699341439197,0.03832974471971112,0.0,0.0008943995231049075,0.011243100335906744,0.0,0.0031697968938810776,104.9781170052949,1.0,0.09203722854188216,2.8314031465651275,0.5614017760918766,0.41752431810186436,0.015139816710866427,0.07183972557224831,0.0,0.8323957483771921,0.22040990315160003,0.2530465481898959,Banks—Regional,Financial Services,FCNCA
2019Q1,2019,Q1,2019-05-08,2019-03-31,111359000.0,417046000.0,0.0,9.67,417046000.0,1.0,35961670000.0,3523309000.0,26153558000.0,0.0,32438361000.0,0.0,3325335000.0,4863440367.679999,4935949367.679999,305.869133869861,0.0,0.009485321454760026,0.09681467052705284,0.0,305.869133869861,0.031606367763940095,11.66164012526196,10.918381917222675,1.380361577051573,0.04191847987140689,0.0,0.0009598143797590695,0.0115969586506967,0.0,0.0030966025771328193,41.86629795017475,1.0,0.26902887139107606,3.157662025001756,0.5679207888190935,0.3978027453121129,0.11857760516688302,0.24461010584198586,0.0,1.2297883203653763,0.29301108492513,0.24058476910876084,Banks—Regional,Financial Services,FCNCA
2018Q4,2018,Q4,2019-02-20,2018-12-31,89473000.0,372836000.0,0.0,7.62,372836000.0,1.0,35408629000.0,3488954000.0,26264037000.0,28351000.0,31919675000.0,0.0,3218551000.0,4435552855.6,4456330855.6,296.58312019416803,926.3883813622094,0.009834269494026443,0.09980584438774487,0.0,296.58312019416803,0.025644648797318623,11.89679337724898,12.393551282509808,1.2713130799660872,0.046572709085422416,0.0,0.0009394544796685389,0.010529523749705193,204.29117138725266,0.0025268699333148427,56.85221363514016,1.0,-0.2224489795918368,1.687117184751143,0.24041616613682681,0.3737419359040826,-0.07067474264064408,-0.23734635776266216,0.0,1.1369041245323022,0.1539976480997146,0.24023266167671092,Banks—Regional,Financial Services,FCNCA
2018Q3,2018,Q3,2018-11-01,2018-09-30,117318000.0,401190000.0,0.0,9.8,401190000.0,1.0,34954659000.0,3499013000.0,25522666000.0,687749000.0,31455646000.0,0.0,3133746000.0,5402719898.0,6125430898.0,292.27955487467693,37.1104370926021,0.02818611390258449,0.28157540426400246,0.0,292.27955487467693,0.03352888371663666,13.466736204790747,11.512981592764964,1.5440696842223793,0.03583422833665763,0.0,0.0007781265879721532,0.011477439960149518,8.70741651387352,0.0033562907880177,62.120935691207414,1.0,0.2612612612612614,1.3001260881973982,0.2837539685777937,0.4184353900244947,0.01018265323080177,0.25754895970672415,0.0,1.1033570444211935,0.15288147305155367,0.22632715811499285,Banks—Regional,Financial Services,FCNCA
2018Q2,2018,Q2,2018-08-02,2018-06-30,93291000.0,397146000.0,0.0,7.77,397146000.0,1.0,35088566000.0,3446886000.0,25221591000.0,613993000.0,31641680000.0,0.0,3020596000.0,4843796336.5,5438624336.5,286.9916543197336,41.07797808769807,0.024376972259282412,0.2481523903024353,0.0,286.9916543197336,0.02706529893939051,12.196512961228365,12.980341985025351,1.4052673446409312,0.04506329656665702,0.0,0.0008679142779643993,0.011318387875982164,10.369678481676502,0.0026587293422022434,185.87805888560575,1.0,-0.0694610778443114,0.7017097368440917,0.30076872325346354,0.4234585090695821,0.041538707655511174,-0.06924005547186,0.0,1.0953910426306095,0.16090616778719685,0.23372287384256357,Banks—Regional,Financial Services,FCNCA
2018Q1,2018,Q1,2018-05-03,2018-03-31,100231000.0,381307000.0,0.0,8.35,381307000.0,1.0,34436437000.0,3372114000.0,24161545000.0,554758000.0,31064323000.0,0.0,2931509000.0,4963179762.2,5464211762.2,280.7660524353675,43.55330612627488,0.021755183325150626,0.2221665696948561,0.0,280.7660524353675,0.029723490961456225,13.01623039230856,12.379353099839372,1.4718303598870026,0.04194311141263681,0.0,0.0008470376253582476,0.011072777360793743,16.492539089116335,0.002910608899521167,11.427814339165613,1.0,0.8432671081677703,0.4441624493430261,0.16383340389746606,0.40764682173179734,-0.013499773623957054,0.8422445641185877,0.0,0.570624921649743,0.1625638742880838,0.21940480448054644,Banks—Regional,Financial Services,FCNCA
2017Q4,2017,Q4,2018-02-21,2017-12-31,54407000.0,386525000.0,0.0,4.53,386525000.0,1.0,34527512000.0,3334064000.0,24597201000.0,90085000.0,31193448000.0,0.0,2785430000.0,4840193215.0,5479368215.0,277.5979660968968,273.044358106233,0.028247763696382176,0.2925333766838309,0.0,277.5979660968968,0.016318522979762835,12.522328995537158,22.240673144080723,1.451739743148302,0.06622309629275645,0.0,0.0007443917711454417,0.011194695986203698,99.9001609590942,0.0015757579057535335,211.8895598213895,1.0,-0.18872815677425417,1.1163130214003578,0.09937043509683009,0.5129720372538795,0.043722811631693635,-0.18873016819754265,0.0,-0.14025883728647506,0.09274593674640047,0.24053856348838404,Banks—Regional,Financial Services,FCNCA
2017Q3,2017,Q3,2017-11-02,2017-09-30,67064000.0,370333000.0,0.0,5.583825,370333000.0,1.0,34584154000.0,3313831000.0,23799316000.0,679280000.0,31270323000.0,0.0,2735227000.0,4490570325.45,5739587325.45,275.9133434717647,35.03609115534095,0.04468529141987975,0.4663493702605836,0.0,275.9133434717647,0.02023760415060394,12.125763368238855,16.739869100597936,1.3550993775633098,0.0,0.0,0.0,0.010708169990221533,14.445172830055352,0.0019391539836423352,50.44167734288121,1.0,-0.5018889384478145,0.4500877412535282,0.1844723546470913,0.4345696762796078,0.029575056645213305,-0.5019753453141245,0.0,1.0373433778511916,0.21748423011256643,0.22489758512232605,Banks—Regional,Financial Services,FCNCA
2017Q2,2017,Q2,2017-08-03,2017-06-30,134660000.0,359695000.0,0.0,11.21,359695000.0,1.0,34769850000.0,3239851000.0,23929393000.0,784517000.0,31529999000.0,0.0,2671766000.0,4476277943.5,5583979943.5,269.7536844094766,30.502070700826113,0.0478711872498731,0.5137501693750731,0.0,269.7536844094766,0.041563639809361605,12.44464878160664,8.310333327454329,1.381630804472181,0.0,0.0,0.0,0.010345025934825718,12.903035880675626,0.0038728956265270055,136.26831695028767,1.0,0.991119005328597,2.06337287417603,0.12760597757858663,0.4353826161912845,0.04781200295966581,0.9913932062524955,0.0,3.0620353001811926,0.24664170178974903,0.20733816232379626,Banks—Regional,Financial Services,FCNCA
2017Q1,2017,Q1,2017-05-04,2017-03-31,67621000.0,343282000.0,0.0,5.63,343282000.0,1.0,34018405000.0,3100696000.0,22812183000.0,795587000.0,30917709000.0,0.0,2540709000.0,4027929524.85,5048743524.85,258.1674806136846,28.67339838383483,0.044772440095295477,0.4912081029549495,0.0,258.1674806136846,0.02180832948473504,11.733587909794279,14.891562993929401,1.299040449257199,0.0,0.0,0.0,0.010091066879825788,13.121260151309661,0.001987776910763453,32.97797220280007,1.0,0.28246013667425973,0.6319424900002534,0.09768281581052217,0.4037839276573014,0.2317214505868296,0.2833744543556652,0.0,1.4213795872801351,0.23779469649628301,0.17980918370684365,Banks—Regional,Financial Services,FCNCA
2016Q4,2016,Q4,2017-02-22,2016-12-31,52690000.0,278701000.0,0.0,4.39,278701000.0,1.0,32990836000.0,3012427000.0,22749879000.0,10164000.0,29978409000.0,0.0,2476691000.0,4263693775.0,4567058775.0,250.81810313640548,2238.280106257379,0.025555763424728005,0.2798759936755314,0.0,250.81810313640548,0.017490880276932852,15.298451656075866,20.230090031315243,1.4153683309172305,0.06838109698234959,0.0,0.0008450419261172197,0.008447830785494492,934.5487996851633,0.001597110179323737,-365.3550792630677,1.0,0.025700934579439116,0.47534369106606944,-0.32585623938900843,0.3611438018651566,-0.21014983576730253,0.025017508365107775,0.0,0.5499367182575639,-0.09180466660311148,0.16176317228309642,Banks—Regional,Financial Services,FCNCA
2016Q3,2016,Q3,2016-10-31,2016-09-30,51404000.0,352853000.0,0.0,4.28,352853000.0,1.0,32971910000.0,3083748000.0,22225171000.0,730214000.0,29888162000.0,0.0,2427604000.0,3529737925.45,4604512925.45,256.75637083012606,30.436517240151517,0.04763084698459992,0.509276374074665,0.0,256.75637083012606,0.016669325768512863,10.003423310698789,17.166650092648432,1.1446259309937128,0.07009182164812076,0.0,0.0010207556697118412,0.010701624504009626,13.629619536190761,0.0015590240298484377,36.238864966325124,1.0,-0.2582322357019063,-0.45891838740837004,0.0381248928290412,0.4207726725365658,-0.04414477622856895,-0.25841075653528767,0.0,0.004554201563691323,0.12542091124440674,0.24604104846081806,Banks—Regional,Financial Services,FCNCA
2016Q2,2016,Q2,2016-08-04,2016-06-30,69316000.0,369149000.0,0.0,5.77,369149000.0,1.0,32230403000.0,3035704000.0,22055289000.0,728562000.0,29194699000.0,0.0,2379803000.0,3109613958.55,4181110958.55,252.75617266861525,30.272357054032465,0.04899305789009216,0.5201646800873867,0.0,252.75617266861525,0.022833583247905593,8.423736644417296,11.21535416985256,1.0243468923682943,0.10395868197818685,0.0,0.0023173294486239465,0.011453440405321647,12.920170143378327,0.002150640189016563,940.881681860817,1.0,0.32949308755760365,1.824119155586715,0.16907459144810683,0.45534054377321104,0.09768419675406931,0.33115685973267783,0.0,0.26438469004603943,0.2090704008608743,0.25365291739168827,Banks—Regional,Financial Services,FCNCA
2016Q1,2016,Q1,2016-05-05,2016-03-31,52072000.0,336298000.0,0.0,4.34,336298000.0,1.0,32195657000.0,2961194000.0,21285182000.0,689236000.0,29234463000.0,0.0,2314090000.0,3015452383.35,4026017383.35,246.55238520266386,30.882284152307772,0.045606244345316516,0.49585505036144206,0.0,246.55238520266386,0.01758479856436289,8.966608137277058,14.477321705283071,1.0183231437555256,0.0,0.0,0.0,0.010445446104733939,14.638919034989467,0.0016173609999634423,48.982365474643444,1.0,0.21910112359550557,-0.27860666012782614,0.083288831972595,0.4371899229738847,0.01953591589006045,0.21811546739028725,0.0,-0.24972885572138306,0.026455968717883516,0.23611340619898016,Banks—Regional,Financial Services,FCNCA
2015Q4,2015,Q4,2016-02-24,2015-12-31,42748000.0,329854000.0,0.0,3.56,329854000.0,1.0,31475934000.0,2872109000.0,21184666000.0,0.0,28603825000.0,0.0,2265621000.0,3100726258.8500004,3270795258.8500004,239.13506663597107,0.0,0.022371218595133666,0.24517001269798605,0.0,239.13506663597107,0.01488383623323488,9.400299098540568,18.133750461132685,1.0795990886313855,0.16856928979133526,0.0,0.0023239716758075143,0.010479561940878387,0.0,0.0013581169664417265,2295.1341664322727,1.0,-0.23605150214592277,0.23038625767353957,0.01980443121879411,0.435117846215958,-0.05518717006424707,-0.23606990957503843,0.0,0.6628034818832593,-0.061815573382239745,0.30334048924831764,Banks—Regional,Financial Services,FCNCA
2015Q3,2015,Q3,2015-11-04,2015-09-30,55958000.0,349121000.0,0.0,4.66,349121000.0,1.0,31449824000.0,2862528000.0,21031677000.0,759757000.0,28587296000.0,0.0,2226476000.0,2714351530.0,3633082530.0,238.33734166333275,27.682110201024802,0.04658770109492505,0.5118465216759451,0.0,238.33734166333275,0.019548455071880518,7.77481598070583,12.126735810786663,0.9482358006629106,0.06438757639658316,0.0,0.0013273888662460752,0.011100888831683128,12.731073224728434,0.0017792786376165412,28.028370971572546,1.0,0.25606469002695426,0.7515514230193147,0.0832288052921581,0.44689197471901826,0.020523238819058754,0.2568617762005301,0.0,0.20994885221676202,0.11662793466082462,0.23919894113529427,Banks—Regional,Financial Services,FCNCA
2015Q2,2015,Q2,2015-08-05,2015-06-30,44522000.0,342100000.0,0.0,3.71,342100000.0,1.0,30896855000.0,2793890000.0,20482777000.0,723225000.0,28102965000.0,0.0,2174121000.0,3159216931.2000003,3843605931.2000003,232.62246360551538,28.321444916865428,0.03879983901274094,0.4290766637197599,0.0,232.62246360551538,0.01593548779658469,9.23477618006431,17.739639566955663,1.1307592393401316,0.08092628363505683,0.0,0.0011404724900076527,0.011072324351459072,13.32181271388572,0.0014409880876225104,-713.6247868082223,1.0,-0.3013182674199623,0.3529023296859416,0.1547580768653765,0.43404000930982045,0.043025964364549925,-0.3023379716685471,0.0,0.012828509609870848,0.07244750393982254,0.23780418838726478,Banks—Regional,Financial Services,FCNCA
2015Q1,2015,Q1,2015-05-07,2015-03-31,63816000.0,327988000.0,0.0,5.31,327988000.0,1.0,30853649000.0,2765377000.0,19991206000.0,941850000.0,28088272000.0,0.0,2129860000.0,3118982074.45,4033111074.45,230.24843874956755,21.225466900249508,0.04570059120073609,0.5098870786876437,0.0,230.24843874956755,0.023076781212832825,9.50943959672305,12.218652353837596,1.1278686683407,0.05645919518616021,0.0,0.0011551845807370826,0.01063044439249309,10.684395604395604,0.0020683453033383506,62.93980576026637,1.0,0.013358778625954082,-0.48463698677104816,0.2557790637959448,0.4403113106000579,-0.07274418394262112,0.008422483131330689,0.0,0.5401138986684044,0.04877853016488347,0.25197432657479635,Banks—Regional,Financial Services,FCNCA
2014Q4,2014,Q4,2015-02-25,2014-12-31,63283000.0,353719000.0,0.0,5.24,353719000.0,1.0,30075113000.0,2687594000.0,19806295000.0,490258000.0,27387519000.0,0.0,2069647000.0,3036110279.95,3473455279.95,223.7721375757104,40.39973850503205,0.03463085907607396,0.3875313756467681,0.0,223.7721375757104,0.023546339216414382,8.58339608545201,11.994178057100642,1.129675940618263,0.04560466475988812,0.0,0.0009505583572041817,0.01176118606769657,19.496412093224382,0.0021041649951572916,31.058045336859117,1.0,0.9124087591240875,1.8840922341481148,0.3600778280000804,0.4926610485996147,0.4519769141093214,1.4004475970109624,0.0,0.7719524540089977,-0.14439683797489314,0.2143703117220711,Banks—Regional,Financial Services,FCNCA
2014Q3,2014,Q3,2014-11-05,2014-09-30,26363000.0,243612000.0,0.0,2.74,243612000.0,1.0,21942491000.0,2166707000.0,14564285000.0,798169000.0,19775784000.0,0.0,2015180000.0,2083751188.83,2794695188.83,225.25421457518036,18.247119344399493,0.05067505781362745,0.5131921390386425,0.0,225.25421457518036,0.012167311962346546,8.553565459952711,19.76018651926943,0.9617134152564237,0.10947160793536395,0.0,0.0013850022092227107,0.011102294630085528,8.525700697471338,0.0012014588498634909,-41.48171896621743,1.0,-0.007246376811594049,-0.6532217954581343,0.24104615354207595,0.5517457866040933,0.054232300501990655,-0.00704331450094162,0.0,-0.6535096993051869,-0.10507866979845713,0.24645410514017632,Banks—Regional,Financial Services,FCNCA
2014Q2,2014,Q2,2014-08-08,2014-06-30,26550000.0,231080000.0,0.0,2.76,231080000.0,1.0,22062840000.0,2149145000.0,14391243000.0,788540000.0,19913695000.0,0.0,1991703000.0,2356640545.0,2892757545.0,223.42844186277887,18.25049204859614,0.04999669126912039,0.5132594589941581,0.0,223.42844186277887,0.012353749979643067,10.19837521637528,22.190588935969867,1.0965479504640216,0.10870056497175141,0.0,0.0012246246064649626,0.010473719611799751,9.222881527886981,0.0012033808884078386,376.76107833733016,1.0,0.18454935622317584,3.645315997682543,0.31796357018322313,0.6255281296992836,0.04037602650914854,0.18706965930430117,0.0,0.35065503045457647,-0.08623761624168472,0.2864748925490972,Banks—Regional,Financial Services,FCNCA
2014Q1,2014,Q1,2014-05-07,2014-03-31,22366000.0,222112000.0,0.0,2.33,222112000.0,1.0,22154997000.0,2104830000.0,14306129000.0,617794000.0,20050167000.0,0.0,1968039000.0,2315760045.75,2830383045.75,218.8213858469451,23.15679498344108,0.04775870653469283,0.5026980801299867,0.0,218.8213858469451,0.01062603630697016,10.426091547282452,25.8848256924573,1.1002123904305812,0.12899043190557097,0.0,0.001245811285713603,0.010025368091902699,12.028030379058391,0.0010095239462230574,50.61106840086546,1.0,-0.17667844522968199,1.8006731798344064,0.28608603974985913,0.5897222235089846,-0.09626073157830492,-0.17850584000587674,0.0,-0.613110821908218,-0.10664844939575899,0.2755418707951396,Banks—Regional,Financial Services,FCNCA
2013Q4,2013,Q4,2014-02-26,2013-12-31,27226000.0,245770000.0,0.0,2.83,245770000.0,1.0,21199091000.0,2076675000.0,13970763000.0,411907000.0,19122416000.0,0.0,1948558000.0,2141464834.83,2530541834.83,215.8943484527039,33.91727501596234,0.04352431903801913,0.44430447710883986,0.0,215.8943484527039,0.013110380776963174,8.713288175245147,19.663784937467863,1.0311988321860666,0.0,0.0,0.0,0.011593421623596974,16.579023905881666,0.0012843003504254026,57.09050479418821,1.0,-0.3356807511737089,1.283157837928869,0.35342064570388654,0.5555910445366732,-0.02123050087415024,-0.3356595578546679,0.0,-0.021547149595582245,-0.051244294232827385,0.29564365745360854,Banks—Regional,Financial Services,FCNCA
2013Q3,2013,Q3,2013-11-07,2013-09-30,40982000.0,251101000.0,0.0,4.26,251101000.0,1.0,21511352000.0,1982057000.0,14022301000.0,604435000.0,19529295000.0,0.0,1924217000.0,1977654269.6,2523934269.6,206.0577146694215,23.199022227369362,0.05185159909986132,0.56274769090899,0.0,206.0577146694215,0.02067649921268662,7.875931476178907,12.064163959787223,0.9977787064650512,0.07042116050949197,0.0,0.0014593046137349993,0.011672952959906937,11.797701986152358,0.0019051336243300747,18.508696954609263,1.0,-0.0657894736842105,1.2735262056584258,0.3296713159009161,0.42927005505791216,0.026901354882771764,-0.06659682048011661,0.0,0.6017113336429696,-0.02720112165992481,0.25092967641333497,Banks—Regional,Financial Services,FCNCA
2013Q2,2013,Q2,2013-08-07,2013-06-30,43906000.0,244523000.0,0.0,4.56,244523000.0,1.0,21308822000.0,1939330000.0,14105423000.0,581937000.0,19369492000.0,0.0,1886121000.0,1875116358.54,2357721358.54,201.61574959239275,24.238745774886286,0.048113875088918574,0.5286619605740127,0.0,201.61574959239275,0.022639777655169568,7.6684661914830095,10.676879916981733,0.9668887494856472,0.06573133512503986,0.0,0.0015391044864261612,0.011475200271511958,11.707647047704477,0.0020604611554782336,33.4680842904314,1.0,-0.2110726643598617,0.816076934053236,0.2973843482117797,0.4144930572558474,-0.06811105394538768,-0.21011064136007915,0.0,0.6658889361680438,0.030595024134724095,0.24289394472575043,Banks—Regional,Financial Services,FCNCA
2013Q1,2013,Q1,2013-05-09,2013-03-31,55585000.0,262395000.0,0.0,5.78,262395000.0,1.0,21351012000.0,1918581000.0,14138319000.0,573102000.0,19432431000.0,0.0,1845101000.0,1740074386.5,2297211386.5,199.4577390441923,24.669812703497808,0.047648982633703735,0.5302637730697843,0.0,199.4577390441923,0.028971932902494082,6.631507408677757,7.826186860214087,0.9069590423860134,0.05201043446973104,0.0,0.0016614232255984073,0.012289581402511506,11.762970640479356,0.002603389478681385,26.94322633665206,1.0,1.688372093023256,0.8618905527232076,0.38010638830465027,0.4005281195066125,-0.11769749628444037,1.5561022716821484,0.0,-0.43950765882181275,0.25440923827023604,0.24770113140497682,Banks—Regional,Financial Services,FCNCA
2012Q4,2012,Q4,2013-03-01,2012-12-31,21746000.0,297398000.0,0.0,2.15,297398000.0,1.0,21283652000.0,1864007000.0,14623953000.0,454047000.0,19419645000.0,0.0,1792726000.0,1661039337.0,1920277337.0,183.4785833852892,32.20801591024718,0.04223748819046656,0.4822771588304121,0.0,183.4785833852892,0.01166626520179377,5.585240442101157,19.095918065391338,0.8911121776903199,0.28294858824611424,0.0,0.00370430721473034,0.013973071914537975,14.000321552614597,0.001021723151647095,-49.37691251486326,1.0,-0.4415584415584416,-0.14913037299732268,0.5363298270071585,0.3240124029335167,0.11302479808980606,-0.4498026515534865,0.0,0.17164747638268665,0.35188237991415033,0.22388487520613157,Banks—Regional,Financial Services,FCNCA
2012Q3,2012,Q3,2012-11-09,2012-09-30,39524000.0,267198000.0,0.0,3.85,267198000.0,1.0,21173620000.0,1974124000.0,15167416000.0,677773000.0,19199496000.0,0.0,1872088000.0,1688146230.73,1543786230.73,192.33178285722192,22.378312502858627,0.05431017464184207,0.5825079883533152,0.0,192.33178285722192,0.020021032113484258,6.317959830275676,10.677981926993725,0.8551368762701835,0.07782613095840502,0.0,0.0018221170322844926,0.012619382042371593,2.269485506209306,0.0018666623846087726,-10.0782442850917,1.0,0.05191256830601091,0.7763715388094204,0.3703517145081587,0.43187267797291473,-0.020276612595699746,0.05164569087087247,0.0,-0.5127837726593312,0.27563477091832916,0.3249476119308635,Banks—Regional,Financial Services,FCNCA
2012Q2,2012,Q2,2012-08-09,2012-06-30,37583000.0,272728000.0,0.0,3.66,272728000.0,1.0,21240990000.0,1929790000.0,15623881000.0,700299000.0,19311200000.0,0.0,1838160000.0,1711258690.3500001,1500699690.3500001,187.9315531389494,22.310300314579916,0.06332007123961736,0.6969571818695298,0.0,187.9315531389494,0.01947517605542572,6.274598465687426,11.383196460833357,0.8867590205929143,0.0820583774578932,0.0,0.0018021822284328244,0.012839702857541008,2.6695996995569033,0.0017693619741829358,12.962706155029013,1.0,0.06086956521739129,0.2378885239989644,0.43666938968403074,0.4334734122175545,0.018040650254763993,0.05882518664600648,0.0,5.159693363530976,0.45709439352062897,0.36727456691953714,Banks—Regional,Financial Services,FCNCA
2012Q1,2012,Q1,2012-05-10,2012-03-31,35495000.0,267895000.0,0.0,3.45,267895000.0,1.0,21143628000.0,1892123000.0,15711034000.0,677993000.0,19251505000.0,0.0,1804498000.0,1879588892.1399999,1902402892.1399999,183.9082750039219,23.172855766947446,0.06279958198280824,0.7017572324843575,0.0,183.9082750039219,0.018759351268390057,7.016140249500737,13.238406058177208,0.9933756379157169,0.08691364980983238,0.0,0.0016413163606684134,0.01267024750908406,2.5300379207454946,0.0016787563610180807,10.353865051587848,1.0,0.1424597655473873,0.24202532914929922,0.4466248683073225,0.4295937218274665,-0.22942506385622569,0.18186661339193555,0.0,3.1554729470233513,0.45024633374152495,0.33608088957735716,Banks—Regional,Financial Services,FCNCA
2011Q4,2011,Q4,2012-03-07,2011-12-31,30033000.0,347656000.0,0.0,3.0198,347656000.0,1.0,20881493000.0,1861128000.0,15424140000.0,615222000.0,19020365000.0,0.0,1773652000.0,1767399000.0,2479419000.0,184.270099009901,25.070852472765928,0.062391180553995826,0.7000168714886886,0.0,184.270099009901,0.01613698789121436,5.083758082702442,14.712141644191389,0.949638606264588,0.10438517630606332,0.0,0.001773793014480601,0.01664900110351305,2.6128828292876394,0.0014382592279201492,73.366500622665,1.0,-0.6182300884955753,-0.06838170486727838,0.9014512070111976,0.46199363123586884,0.18596043569179546,-0.633453347165436,0.0,1.398593756839424,0.823305927265794,0.32772774206493155,Banks—Regional,Financial Services,FCNCA
2011Q3,2011,Q3,2011-11-09,2011-09-30,81935000.0,293143000.0,0.0,7.91,293143000.0,1.0,21015344000.0,1871930000.0,16060498000.0,600384000.0,19143414000.0,0.0,1750382000.0,1486845740.78,1882729740.78,180.7160116415584,26.750376425754183,0.06401146704998024,0.7186289017217524,0.0,180.7160116415584,0.04377033329237739,5.072083388585093,4.5366624177091595,0.7942849042325301,0.037944712271922865,0.0,0.002091003736789142,0.013948998408020349,2.59375,0.003898817930365546,15.149788989331894,1.0,2.877450980392157,1.5066518013977928,0.5502520049205012,0.4821511504945505,0.06977126091145301,2.846713615023474,0.0,3.2209534552840915,0.44148350004279563,0.25349339297077245,Banks—Regional,Financial Services,FCNCA
2011Q2,2011,Q2,2011-08-09,2011-06-30,21300000.0,274024000.0,0.0,2.04,274024000.0,1.0,21021650000.0,1810189000.0,16051541000.0,655808000.0,19211461000.0,0.0,1685477000.0,1951367287.54,2120465287.54,173.67493384971127,24.475976200351322,0.06890367787495273,0.8001755617783557,0.0,173.67493384971127,0.011766727120759213,7.121154670904738,22.90337191948357,1.0779909100872893,0.1467136150234742,0.0,0.0016014412150669726,0.01303532310736788,2.747569410559188,0.0010132411109499016,18.580734210681673,1.0,-0.6605657237936772,-0.3275826999846128,0.45500136164580923,0.47503980983959626,0.01652638100078273,-0.6601732637725554,0.0,-0.18692528719255852,0.34176982840762504,0.21846625894277025,Banks—Regional,Financial Services,FCNCA
2011Q1,2011,Q1,2011-05-10,2011-03-31,62679000.0,269569000.0,0.0,6.01,269569000.0,1.0,21167495000.0,1789133000.0,16011785000.0,666417000.0,19378362000.0,0.0,1674839000.0,2091872488.44,2567832488.44,171.55170744064839,24.026675489970994,0.0693279011049725,0.8202285688095854,0.0,171.55170744064839,0.035033169697277954,7.760063243325456,8.34359390082803,1.1692101640515267,0.049936980487882705,0.0,0.0014962671086774398,0.01273504493564307,2.4246980494195074,0.0029610967192858673,6.444502087012243,1.0,1.0765454024040937,1.1883331594521223,0.46925589907851817,0.4875343231894501,-0.03752512683921322,1.0833970417151404,0.0,0.9364231388117791,0.3077015085269769,0.20458093715163705,Banks—Regional,Financial Services,FCNCA
2010Q4,2010,Q4,2011-03-01,2010-12-31,30085000.0,280079000.0,0.0,2.89423,280079000.0,1.0,20806659000.0,1732962000.0,15338784000.0,546597000.0,19073697000.0,0.0,1615290000.0,1966120000.0,2464098000.0,166.63096153846155,28.062327455145198,0.06519768502958596,0.7827903900951089,0.0,166.63096153846155,0.01736044991176956,7.019876534834815,16.33804221372777,1.1345430540311905,0.10407179657636696,0.0,0.0015924765528045083,0.013461027068305391,2.711008293130039,0.0014459313241977003,-21.905165114309906,1.0,0.0880563909774435,0.08079465440436846,0.5332092514027645,0.46729502929150885,0.0006073402427217417,0.08430043970302026,0.0,0.14990635630470517,0.413369734159585,0.2024371221919391,Banks—Regional,Financial Services,FCNCA
2010Q3,2010,Q3,2010-11-08,2010-09-30,27746000.0,279909000.0,0.0,2.66,279909000.0,1.0,21049291000.0,1718204000.0,16300329000.0,652716000.0,19331087000.0,0.0,1588336000.0,1932519318.2900002,1861436318.2900002,164.72365997442006,24.97308017575791,0.06992449294372907,0.8566276181408028,0.0,164.72365997442006,0.016148257133611607,6.904098540204139,17.41259387199957,1.1247321728327953,0.11280905355726951,0.0,0.0016196474572733365,0.013297787559685501,3.362546651223503,0.00131814415981992,-39.797345873885384,1.0,-0.029197080291970826,-0.07336009214227042,0.5356779477795627,0.4831508631064061,0.08709279023162604,-0.02992797706454094,0.0,0.22709426411700656,0.41260368747068316,0.22633557818245004,Banks—Regional,Financial Services,FCNCA
2010Q2,2010,Q2,2010-08-06,2010-06-30,28602000.0,257484000.0,0.0,2.74,257484000.0,1.0,21105769000.0,1693309000.0,16371645000.0,541709000.0,19412460000.0,0.0,1561665000.0,2007672478.38,2105558478.38,162.21476534498692,30.222213402398705,0.06920567547195272,0.8625944821648027,0.0,162.21476534498692,0.016891187609585728,7.797270814419537,17.548357443360604,1.1856503912634966,0.10943290678973498,0.0,0.0015590192293344633,0.01219969762769601,3.793540443300739,0.001355174502288924,29.97644611243001,1.0,-0.7342386032977691,-0.04939481380988115,0.43598154084543717,0.4922938357936797,0.13436570698504308,-0.7342167375991971,0.0,-0.07327472108346521,0.33426432065823114,0.23731512514678207,Banks—Regional,Financial Services,FCNCA
2010Q1,2010,Q1,2010-05-10,2010-03-31,107614000.0,226985000.0,0.0,10.31,226985000.0,1.0,21215691000.0,1668593000.0,16880102000.0,594121000.0,19547098000.0,0.0,1539251000.0,2074622494.52,2845770494.52,159.86018929035708,28.411892526943166,0.07147200626178049,0.9087464708290158,0.0,159.86018929035708,0.06449385799892485,9.139910102077229,4.819592465943093,1.2433364484448872,0.029085434980578737,0.0,0.0015087082147560442,0.010698920907171961,2.4113522329626456,0.0050723777981117844,14.090169686835688,1.0,4.643377925689139,3.3036850045536106,0.3596478380877605,0.5128805041696606,0.007921812070106261,4.6638947368421055,0.0,2.7116758921759105,0.20816562946764838,0.2426581836775497,Banks—Regional,Financial Services,FCNCA
2009Q4,2009,Q4,2010-03-01,2009-12-31,19000000.0,225201000.0,0.0,1.82692,225201000.0,1.0,18466063000.0,1559115000.0,14587230000.0,642405000.0,16906948000.0,0.0,1429863000.0,1705704000.0,1941973000.0,149.91490384615383,22.70721740957807,0.07796848738141963,0.9234540107689299,0.0,149.91490384615383,0.012186400618299485,7.574140434545139,22.443473684210527,1.0940206463282054,0.16473684210526315,0.0,0.0018350194406532435,0.012195398661858784,2.262348518457982,0.0010289145011581516,355.5772357723577,1.0,-0.7687443037974683,-0.23300500565154206,0.356052531748469,0.4352394804429673,0.057589533103532486,-0.7696076053742058,0.0,-0.4276246422654014,0.19617247753202877,0.1894205073316757,Banks—Regional,Financial Services,FCNCA
2009Q3,2009,Q3,2009-11-09,2009-09-30,82468000.0,212938000.0,0.0,7.9,212938000.0,1.0,18512878000.0,1514684000.0,14279512000.0,576609000.0,16998194000.0,0.0,1413993000.0,1660121472.3,2393457472.3,145.16180196508623,24.76463600117237,0.07866777926154972,0.961498900100615,0.0,145.16180196508623,0.05444567975894642,7.796266858428274,5.03262317595916,1.0960183591428971,0.03795411553572295,0.0,0.0018854042021777902,0.011502155418514615,1.6753658024762015,0.0044546288264850015,24.69353214089158,1.0,12.389830508474578,3.889020630780175,0.31666718194465915,0.4182248547303686,0.11957138951397506,12.301290322580645,0.0,1.5045707170407263,0.11789040434266768,0.19055157224893757,Banks—Regional,Financial Services,FCNCA
2009Q2,2009,Q2,2009-08-10,2009-06-30,6200000.0,190196000.0,0.0,0.59,190196000.0,1.0,17317880000.0,1434213000.0,12641476000.0,599853000.0,15883667000.0,0.0,1334655000.0,1394564643.45,2092324643.45,137.4497541941106,21.07428986768425,0.0771258375736522,0.9312814763218573,0.0,137.4497541941106,0.004322928323756653,7.332250118036131,56.23244530040323,0.9723553220128393,0.5051612903225806,0.0,0.0022458621869630765,0.010982637597673619,1.0634205380318178,0.0003580114887041601,21.5626539381523,1.0,-0.2891566265060241,-0.6093262207899158,0.21592006368689384,0.3706788328426881,0.015212494528839687,-0.28431259378968027,0.0,-0.8044904137235116,0.008772581175547009,0.16737548012785497,Banks—Regional,Financial Services,FCNCA
2009Q1,2009,Q1,2009-05-08,2009-03-31,8663000.0,187346000.0,0.0,0.83,187346000.0,1.0,17214265000.0,1436277000.0,12971575000.0,641912000.0,15777988000.0,0.0,1331587000.0,1375260905.4,2278429905.4,137.64756044231547,20.20771538777901,0.07987375586468548,0.9573139443157552,0.0,137.64756044231547,0.006031566334349154,7.340754034780567,39.6877786390396,0.9575178780973309,0.3613067066835969,0.0,0.002275931779715375,0.010883183220427941,0.7349901544136891,0.0005032454188430352,-25.5914867303076,1.0,-0.3308502233186605,-0.5000536151462207,0.21667404730382128,0.3719422712281232,-0.04579371183220687,-0.3280850073683394,0.0,-0.6977003873399169,0.02058648885692974,0.19354959339053948,Banks—Regional,Financial Services,FCNCA
2008Q4,2008,Q4,2009-02-27,2008-12-31,12893000.0,196337000.0,0.0,1.24038,196337000.0,1.0,16745662000.0,1443375000.0,12568668000.0,647028000.0,15302287000.0,0.0,1326054000.0,1589120000.0,2375905000.0,138.78605769230768,19.42523043824997,0.08241895722008483,0.9562033428596172,0.0,138.78605769230768,0.00893253658959037,8.093838654965698,30.8136197936865,1.100975145059323,0.22252385015124487,0.0,0.0018054017317760773,0.01172464844925211,0.9170777771595665,0.0007699307438547369,31.858222569715924,1.0,-0.3366951871657754,-0.22209484735127305,0.3051024342253951,0.40228115087364763,-0.041580630201850086,-0.34064641505574306,0.0,-0.5368228193705992,0.07478855891610774,0.22210236745158363,Banks—Regional,Financial Services,FCNCA
2008Q3,2008,Q3,2008-11-06,2008-09-30,19554000.0,204855000.0,0.0,1.87,204855000.0,1.0,16665605000.0,1504334000.0,12792989000.0,1014388000.0,15161271000.0,0.0,1316030000.0,1867767087.0,2807153087.0,144.16989563324498,12.611534245278927,0.09982247869189267,1.105872764957782,0.0,144.16989563324498,0.012998443164882266,9.117507929999269,23.87960375115066,1.241590688636965,0.14677303876444717,0.0,0.0015365941610041875,0.012292083005687461,0.7139437769374244,0.0011733147401489475,24.438896278753305,1.0,-0.2549800796812748,0.0005394985468842879,0.33463704687407647,0.4813816676570114,0.001966222065707033,-0.25440402653854954,0.0,-0.34717724434948083,0.1235150876962058,0.29808738571989457,Banks—Regional,Financial Services,FCNCA
2008Q2,2008,Q2,2008-08-06,2008-06-30,26226000.0,204453000.0,0.0,2.51,204453000.0,1.0,16422674000.0,1487282000.0,12520540000.0,1130788000.0,14935392000.0,0.0,1299346000.0,1455501848.97,2483915848.9700003,142.5356940129013,11.072402607739027,0.1059550350935542,1.1699630601325102,0.0,142.5356940129013,0.017633508641938786,7.119004607269153,13.874607726778772,0.9786320610146563,0.10939525661557234,0.0,0.0019711414327850396,0.012449434239515441,0.6293407782891223,0.0015969384766451554,90.84962542725174,1.0,-0.1903225806451614,0.26637115581358667,0.3093767549455417,0.49208043176197164,-0.008688695483526873,-0.1901806391848078,0.0,-0.12800904375581867,0.1406916021335,0.3112563280146566,Banks—Regional,Financial Services,FCNCA
2008Q1,2008,Q1,2008-05-08,2008-03-31,32385000.0,206245000.0,0.0,3.1,206245000.0,1.0,16746518000.0,1486034000.0,12658755000.0,1270813000.0,15260484000.0,0.0,1275989000.0,1454041025.55,2599608025.55,142.41609023491696,9.961146919334317,0.11227098074955044,1.2652119668863566,0.0,142.41609023491696,0.021792906488007677,7.0500667921646585,11.224648954377026,0.9784709000938067,0.08859039678863671,0.0,0.0019731217686342673,0.012315694522288156,0.5780401994628636,0.0019338348425624956,-141.63656979836352,1.0,0.23053472688083274,0.7766335891610924,0.4245296390864822,0.5162032196759121,0.04077935447407198,0.2378167641325536,0.0,0.29555546665599863,0.23581400922763487,0.3477935147764129,Banks—Regional,Financial Services,FCNCA
2007Q4,2007,Q4,2008-02-28,2007-12-31,26163000.0,198164000.0,0.0,2.51923,198164000.0,1.0,16212107000.0,1441208000.0,12109095000.0,1305287000.0,14770899000.0,0.0,1246473000.0,1516840000.0,2432731000.0,138.5776923076923,9.276959779726605,0.10545692796130694,1.18628192460769,0.0,138.5776923076923,0.018153521212760405,7.654468016390465,14.494132935825402,1.0524781988443028,0.10969690020257615,0.0,0.00189209145328446,0.012223210715300609,0.6081329240236055,0.0016137939380735644,-232.18123373641512,1.0,0.1609354838709677,0.08657208176438949,0.3390272871144811,0.5042689007038927,-0.0002825143779638785,0.15668243512091604,0.0,0.0561521072178266,0.19324867074925786,0.3267004814463642,Banks—Regional,Financial Services,FCNCA
2007Q3,2007,Q3,2007-11-06,2007-09-30,22619000.0,198220000.0,0.0,2.17,198220000.0,1.0,16311870000.0,1401575000.0,12191192000.0,1393049000.0,14910295000.0,0.0,1223180000.0,1867349708.88,2837581708.88,134.3218470580106,8.751445211187834,0.11018448528586851,1.2823537805682892,0.0,134.3218470580106,0.016138273014287496,9.42059181152255,20.63917181219329,1.3323223579758487,0.1268844776515319,0.0,0.0015369376107496062,0.01215188693877526,0.5937213981704879,0.0013866589177083928,23.972344008421487,1.0,-0.2668918918918919,0.026907979808571795,0.31907912648842807,0.48947615814472883,0.02757905650596164,-0.2668308968915108,0.0,0.3409414275551341,0.2256608440253515,0.31231893963936797,Banks—Regional,Financial Services,FCNCA
2007Q2,2007,Q2,2007-08-03,2007-06-30,30851000.0,192900000.0,0.0,2.96,192900000.0,1.0,16008605000.0,1367980000.0,12139153000.0,1360511000.0,14640625000.0,0.0,1203431000.0,2031066276.45,2950962276.45,131.1022245248505,8.922495297722694,0.11030473923243156,1.2908266202722263,0.0,131.1022245248505,0.022552230295764558,10.529114963452566,16.458674568490487,1.4847192769265634,0.09299536481799618,0.0,0.0014125585330551512,0.012049769483349735,0.6217729955876873,0.001927151054073731,-76.38171849309917,1.0,0.06474820143884898,0.33969842540721606,0.27478328807237673,0.48241775497180617,0.027074514815110615,0.06441484957217776,0.0,0.9439801229694041,0.23320669354351214,0.30737988691508195,Banks—Regional,Financial Services,FCNCA
2007Q1,2007,Q1,2007-05-04,2007-03-31,28984000.0,187815000.0,0.0,2.78,187815000.0,1.0,15853778000.0,1342327000.0,11985887000.0,1245025000.0,14511451000.0,0.0,1175449000.0,2097325053.0,2900504053.0,128.64373436729267,9.627025160137347,0.10410017094978875,1.229492515609088,0.0,128.64373436729267,0.021592354173014475,11.16697310119,18.09036928132763,1.56245464257219,0.09898564725365719,0.0,0.0013679329276576376,0.01184670303822849,0.68046987008293,0.0018282077622128934,157.6343519729425,1.0,-0.1291572560308993,0.2550707240490394,0.2474442821857302,0.487838775624791,-0.0024061444324048695,-0.12685645428528391,0.0,0.6726822138522383,0.21971985627858165,0.28220054565437797,Banks—Regional,Financial Services,FCNCA
