Quarters,Year,Quarter,FillingDate,Date,NetIncome,Revenue,OperatingIncome,EPSDiluted,GrossProfit,GrossProfitRatio,TotalAssets,CommonStockEquity,CurrentAssets,CurrentLiability,TotalLiability,Inventory,RetainedEarnings,MarketCap,EnterpriseValue,bookValuePerShare,currentRatio,debtToAssets,debtToEquity,roic,shareholdersEquityPerShare,roe,priceToSalesRatio,peRatio,pbRatio,payoutRatio,inventoryTurnover,dividendYield,assetTurnover,quickRatio,returnOnAssets,priceToFreeCashFlowsRatio,grossProfitMargin,epsdilutedGrowth,fiveYNetIncomeGrowthPerShare,fiveYRevenueGrowthPerShare,fiveYShareholdersEquityGrowthPerShare,grossProfitGrowth,netIncomeGrowth,operatingIncomeGrowth,threeYNetIncomeGrowthPerShare,threeYRevenueGrowthPerShare,threeYShareholdersEquityGrowthPerShare,Industry,Sector,Symbol
2023Q1,2023,Q1,2023-05-04,2023-04-01,3415000.0,511814000.0,62181000.0,0.05,114236000.0,0.2231982712,3752443000.0,861819000.0,936846000.0,230684000.0,2890624000.0,700882000.0,865286000.0,1114727870.0,3431504870.0,12.006561807771075,4.061165923947912,0.6269715489349206,2.7298945602266835,0.0027307166019306614,12.006561807771075,0.003962548980702444,2.1779940955112598,81.60526134699853,1.2934593806820225,3.987408491947291,0.5672538316007545,0.012215537411834872,0.13639487661771277,0.8823282065509528,0.0009100737839322276,16.988141516047428,0.22319827124697644,-0.8529411764705883,-0.8459775361882846,0.09860790207969615,-0.08479423739088807,-0.09392598232839988,-0.8594708036706309,-0.06032671935683738,-0.8915300508367205,0.016270862537402824,-0.03428755699601531,Packaged Foods,Consumer Defensive,BGS
2022Q4,2022,Q4,2023-02-28,2022-12-31,24301000.0,623232000.0,66173000.0,0.34,126078000.0,0.2022970579,3841609000.0,868166000.0,1018817000.0,271534000.0,2973443000.0,726468000.0,876798000.0,799098200.0,3211889200.0,12.113718814533684,3.752078929342182,0.6398967203585789,2.831524155518645,0.014928977316637204,12.113718814533684,0.02799119062483442,1.282184162559047,8.220836591086787,0.9204440164668969,1.4008888523106044,0.6843439766101191,0.04260177284844341,0.16223202309240736,0.7493904999005649,0.00632573486786396,16.14144144144144,0.20229705791743685,1.4096385542168675,-0.8264338554985531,0.22078109824275996,-0.08548071736639842,0.19210294910222103,1.4078512327341692,0.21060719708750297,1.1167962651731604,0.18454871788078817,-0.04519012989259657,Packaged Foods,Consumer Defensive,BGS
2022Q3,2022,Q3,2022-11-09,2022-10-01,-59583000.0,528396000.0,54661000.0,-0.83,105761000.0,0.2001548081,3983574000.0,841574000.0,1149417000.0,351049000.0,3142000000.0,805188000.0,865499000.0,1181838300.0,3613032300.0,11.742346867587553,3.2742352207241723,0.6253826337856407,2.9602364141477753,0.011828774020061175,11.742346867587553,-0.07079947812075943,2.2366526241682374,-4.958789839383717,1.4043189309555666,-0.5713542453384355,0.5248898393915459,0.028805125032756177,0.13264370135963333,0.7052662163971412,-0.014957171625279209,-16.023622484950376,0.200154808136322,-231.55555555555557,-2.6890187777594043,0.20052218287233864,-0.013356140523684303,0.3825509497104462,-233.74609375,1.0289150365613748,-2.7403892650997115,0.18091259399281573,-0.09391737580021042,Packaged Foods,Consumer Defensive,BGS
2022Q2,2022,Q2,2022-08-04,2022-07-02,256000.0,478965000.0,26941000.0,0.0036,76497000.0,0.1597131314,3916922000.0,940181000.0,916760000.0,280064000.0,2976741000.0,667668000.0,929002000.0,1688880640.0,4015028640.0,13.449602311741817,3.273394652650823,0.6048560578944385,2.5199126551164084,-0.0017679265793038876,13.449602311741817,0.0002722879956093561,3.5261044961531636,1649.2975,1.7963356417540879,127.81640625,0.6027965995075397,0.01937437094429598,0.12228096449201695,0.7385133398080439,6.535744137871522e-05,-165.9833552825553,0.15971313143966678,-0.9894117647058823,-0.9889638697023398,0.23737089858756946,0.13519748331046336,-0.24475752310244056,-0.9891782211701048,-0.5216781478588168,-0.9868889627998197,0.20609931453173674,0.01203471446349682,Packaged Foods,Consumer Defensive,BGS
2022Q1,2022,Q1,2022-05-05,2022-04-02,23656000.0,532407000.0,56324000.0,0.34,101288000.0,0.1902454325,3839351000.0,913966000.0,859872000.0,248344000.0,2925385000.0,612768000.0,928746000.0,1842029200.0,4147884200.0,13.317295643304677,3.462423090551815,0.6113858826661068,2.5682848158465412,0.012768419585223942,13.317295643304677,0.0258828008919369,3.4598140144663763,19.466828711531956,2.015424206152089,1.3758877240446399,0.7035599117447386,0.017669643890552877,0.138671093109226,0.8327038301710531,0.006161458017253437,101.75832504695613,0.19024543253563533,5.722222222222223,-0.30066992105090834,0.23405984320633932,0.11920460726305286,-0.006171688727101465,5.91502181591523,1.531301963956676,0.3463826837078796,0.23275643413002017,-0.004192738548105967,Packaged Foods,Consumer Defensive,BGS
2021Q4,2021,Q4,2022-03-01,2022-01-01,-4813000.0,571790000.0,22251000.0,-0.072,101917000.0,0.1782420119,3828545000.0,920254000.0,834456000.0,244287000.0,2908291000.0,609794000.0,934191000.0,2032666580.0,4334762580.0,13.91246636228948,3.4158837760503014,0.6100975697033729,2.5381970629847848,0.007447475984675653,13.91246636228948,-0.005230077782872989,3.5549180293464384,-105.58209952212758,2.208810371919057,-6.404944940785373,0.7705438229959626,0.01516579270959431,0.14934916528341707,0.7501627184418328,-0.0012571355436595364,29.378039890157538,0.1782420119274559,-1.225,-1.3561314280955252,0.38773806884199497,0.1759395686928997,-0.03547059101878579,-1.2319853472791247,-0.5868733754177498,-1.042795008338594,0.24227974451055798,0.01751784983976392,Packaged Foods,Consumer Defensive,BGS
2021Q3,2021,Q3,2021-11-04,2021-09-30,20747000.0,514965000.0,53860000.0,0.32,105665000.0,0.20518870214480595,3946138000.0,830622000.0,932778000.0,299461000.0,3115516000.0,670305000.0,865378000.0,1938217050.0,4375580050.0,12.809345362017117,3.1148563585909352,0.6245156656964354,2.9669633118313747,0.011752445562396614,12.809345362017117,0.02497766733845239,3.763784043575777,23.355389333397603,2.3334525813185785,1.4841663855015184,0.6106175546952507,0.015886765623076116,0.13049847724534722,0.714810943662113,0.005257545478642663,-29.798094396187256,0.20518870214480595,-0.15789473684210525,-0.36071692188685583,0.6159589614452091,0.030638812488202105,-0.05309615556949548,-0.15494277218850555,-0.08889452761566438,-0.3405407338492933,0.23898463382548737,0.014364592256550752,Packaged Foods,Consumer Defensive,BGS
2021Q2,2021,Q2,2021-08-05,2021-06-30,24551000.0,464375000.0,59115000.0,0.38,111590000.0,0.2403014804845222,3761415000.0,841605000.0,750191000.0,218414000.0,2919810000.0,533631000.0,872513000.0,2124670249.6,4451859249.6,12.992436828819425,3.434720301812155,0.6294203112392543,2.813090464053802,0.013319759921618808,12.992436828819425,0.029171642278741215,4.5753329735666215,21.63527198077471,2.524545659305731,1.2527799274978615,0.6611028969456422,0.01447612871022713,0.12345752861622554,0.7883652146840404,0.00652706494763274,66.56860762603002,0.2403014804845222,-0.07317073170731701,-0.21511667271285673,0.46585071229962044,0.30759907524250135,-0.05266821739647181,-0.0865763821712925,-0.04620919989028542,2.13302972043104,0.21701150498747498,0.035800029741744996,Packaged Foods,Consumer Defensive,BGS
2021Q1,2021,Q1,2021-05-11,2021-04-03,26878000.0,505134000.0,61979000.0,0.41,117794000.0,0.2331935684392656,3741204000.0,840614000.0,729396000.0,207573000.0,2900590000.0,497481000.0,875722000.0,1955573240.0,4275932240.0,13.01602588916588,3.513925221488344,0.6317450211215427,2.811619839783777,0.014252790312905609,13.01602588916588,0.03197424739535625,3.8713949961792316,18.18934853783764,2.3263629204367287,1.1355011533596249,0.7786025998982876,0.01560667704780006,0.13501910080284316,0.9338016023278557,0.007184318203444667,137.37781805409202,0.2331935684392656,1.157894736842105,-0.26030556516386216,0.3073748341300877,0.2409044605275357,0.10400479863538806,1.2081827144265527,0.4311543168540882,0.3473160908014118,0.20508129993487742,-0.007847367901449433,Packaged Foods,Consumer Defensive,BGS
2020Q4,2020,Q4,2021-03-02,2021-01-02,12172000.0,510241000.0,43307000.0,0.19,106697000.0,0.20911098872885558,3767570000.0,831877000.0,737301000.0,245652000.0,2935693000.0,492804000.0,866828000.0,1781735690.0,4098632690.0,12.946897421132087,3.001404425773045,0.628808223868435,2.847871740653967,0.00827192321555183,12.946897421132087,0.014631970832226398,3.4919492749504646,36.59496569996714,2.1418258829129786,2.507394019060138,0.8188732234316279,0.017129364456969484,0.13542973322327123,0.8177340302541807,0.0032307296214801585,45.78649560569461,0.20911098872885558,-0.7361111111111112,0.002106130180407995,0.3450616864579862,0.6400412331297181,-0.21561319159572434,-0.7399867558156922,-0.5072927095658506,-0.9030306041546824,0.11479568836192595,-0.02258030558716336,Packaged Foods,Consumer Defensive,BGS
2020Q3,2020,Q3,2020-11-09,2020-10-03,46813000.0,495759000.0,87896000.0,0.72,136026000.0,0.27437928509618587,3278905000.0,843376000.0,752621000.0,294265000.0,2435529000.0,476275000.0,881910000.0,1810277230.0,3594136230.0,13.133220175342977,2.5576300273562946,0.5614148625836979,2.182687200015177,0.02432927784080326,13.133220175342977,0.05550667792301417,3.6515267095504065,9.667598904150557,2.146465194646279,0.6510157434900562,0.7553052333210855,0.016834990516894476,0.15119651225027866,0.8113197288158632,0.014277022359598707,-88.15569661553445,0.27437928509618587,0.0285714285714286,1.1329374677993278,1.0983864727557564,0.6314973465048647,0.014354851939955705,0.04235042639887778,0.03388813738751985,0.48103723377847135,0.2570966427961551,0.10351117943212083,Packaged Foods,Consumer Defensive,BGS
2020Q2,2020,Q2,2020-07-31,2020-06-27,44911000.0,512539000.0,85015000.0,0.7,134101000.0,0.2616405775950708,3251822000.0,817149000.0,717849000.0,229886000.0,2434673000.0,356803000.0,860564000.0,1558359000.0,3295050000.0,12.742070793700297,3.1226303472155763,0.5897896625338042,2.3470517616738196,0.022613180691146793,12.742070793700297,0.054960600820658165,3.040469115520965,8.674706642025338,1.9070683559546668,0.6781634788804525,1.0606357009330079,0.01954427702474205,0.1576159457682493,1.420756374898863,0.013811026556804155,8.427525376798819,0.2616405775950708,0.5909090909090908,1.115242162656922,1.3371303951014804,0.548509945756977,0.27817492088909224,0.5987113769044567,0.4117402856193956,1.1104271569764608,0.44332396782979766,0.07547913773957882,Packaged Foods,Consumer Defensive,BGS
2020Q1,2020,Q1,2020-05-06,2020-03-28,28092000.0,449370000.0,60220000.0,0.44,104916000.0,0.23347352960811804,3318784000.0,796287000.0,771722000.0,209299000.0,2522497000.0,399189000.0,841593000.0,1075989600.0,2969601600.0,12.432853997845333,3.68717480733305,0.6088615589324282,2.5376277648636734,0.017088938081121764,12.432853997845333,0.03527873744014407,2.394440216302824,9.57558735583084,1.3512585286460785,1.0829061654563577,0.8628844983203445,0.02827257809926787,0.1354020026612157,1.6565678765784835,0.008464546050601667,20.91859167525322,0.23347352960811804,1.7500000000000002,0.20506591960643233,0.7372112547355014,0.9701630009437503,0.11143362606862506,1.738278584657374,0.3324482796769554,-0.11010500683826455,0.11612219880267385,0.04487486412552069,Packaged Foods,Consumer Defensive,BGS
2019Q4,2019,Q4,2020-02-26,2019-12-28,10259000.0,470172000.0,45195000.0,0.16,94397000.0,0.20077120713270888,3227590000.0,812542000.0,661793000.0,216908000.0,2415048000.0,472187000.0,843796000.0,1166899900.0,3077177900.0,12.687048169255991,3.0510308517896987,0.5953646528834208,2.364915290532674,0.01005333969407186,12.687048169255991,0.012625808881263984,2.4818574904503032,28.43600497124476,1.4361102564544355,2.965298762062579,0.7958181822032373,0.026069931105487287,0.14567277752130847,0.756804728271894,0.003178532589331359,37.23950534546035,0.20077120713270888,-0.6666666666666666,-0.2494947151908574,0.6554038345796686,1.0143802127342794,-0.13222897380976456,-0.6700012866700978,-0.3146041856232939,-0.2159968169399611,0.17854471619418927,0.07236212211662671,Packaged Foods,Consumer Defensive,BGS
2019Q3,2019,Q3,2019-11-05,2019-09-28,31088000.0,406311000.0,65940000.0,0.48,108781000.0,0.26772841493338845,3572257000.0,843415000.0,1003255000.0,289494000.0,2728842000.0,526074000.0,864588000.0,1248253580.0,3159139580.0,12.959465896344556,3.4655467816258714,0.6096683413315447,2.582230574509583,0.01597886925667226,12.959465896344556,0.03685967169187174,3.072162899847654,10.038065974009264,1.4799992648933205,0.9989063304168811,0.5655668213977502,0.024877957890575408,0.11374069670799161,1.5441079953297823,0.008702621339953984,-48.22491036934013,0.26772841493338845,0.7142857142857141,6.80881679307941,0.6030433741663899,0.968916583700248,0.18411399087811728,0.7033587200701331,0.39084581311959504,-0.04555048366590349,0.2703794844766924,0.04271749760884136,Packaged Foods,Consumer Defensive,BGS
2019Q2,2019,Q2,2019-08-06,2019-06-29,18251000.0,371197000.0,47410000.0,0.28,91867000.0,0.2474885303491138,3171767000.0,868360000.0,597437000.0,198154000.0,2303407000.0,404754000.0,841598000.0,1359092800.0,3187143800.0,13.28966498829219,3.0150135753000193,0.5826285474311322,2.1281058547146343,0.012656285156251768,13.28966498829219,0.021017780643972545,3.6613787288151576,18.61668949646595,1.5651259846146761,1.6994137307544792,0.6901228894587824,0.022821105372642692,0.117031610455623,0.8400536956104848,0.005754205778671636,-31.608279454858366,0.2474885303491138,0.07692307692307698,-0.07134739330627829,0.5023194300171462,0.8986550072475425,0.04300684612677256,0.08695134298135906,0.04678633724139454,-0.42156508595692377,0.16160182371001788,0.3375130376179438,Packaged Foods,Consumer Defensive,BGS
2019Q1,2019,Q1,2019-05-07,2019-03-30,16791000.0,412734000.0,45291000.0,0.26,88079000.0,0.21340379033469498,3074183000.0,877119000.0,572102000.0,266538000.0,2197064000.0,375393000.0,823347000.0,1601634540.0,3267532540.0,13.373366673273667,2.14641814675581,0.5455699937186563,1.9121487506256278,0.013040575721009785,13.373366673273667,0.019143354550522792,3.8805490703455496,23.84662229765946,1.8260173819059902,1.8568280626526115,0.8648403140175762,0.019466363406473487,0.13425811020358905,0.6587390916117026,0.005461938993221939,38.412186780506524,0.21340379033469498,-0.8470588235294118,-0.22737270055929346,0.7039233237843552,0.9059083971649224,0.7639790114555796,-0.8499785568778814,-0.7401027171262158,-0.5449779823781017,0.05187519669061229,0.27497213807394055,Packaged Foods,Consumer Defensive,BGS
2018Q4,2018,Q4,2019-02-26,2018-12-29,111924000.0,458055000.0,174265000.0,1.7,49932000.0,0.10900874349150211,3054799000.0,900049000.0,586096000.0,258462000.0,2154750000.0,401355000.0,806556000.0,1972176920.0,3596409920.0,13.672945751743205,2.2676292839953263,0.5355118290925197,1.8175466002406535,0.054711518883622544,13.672945751743205,0.12435322965749643,4.305546102542271,4.405169847396448,2.191188390854276,0.2798148743790429,1.0168628770041483,0.015879914059637203,0.1499460357293557,0.6374360641022665,0.03663874448040608,36.06629091840094,0.10900874349150211,2.5416666666666665,3.831379442468698,0.7564333931379487,0.9296494563463755,-0.5659558932188214,2.4989371014130297,1.4747223721207645,7.9942373667140565,0.1786200481744701,0.7320130129866956,Packaged Foods,Consumer Defensive,BGS
2018Q3,2018,Q3,2018-11-02,2018-09-29,31988000.0,422602000.0,70418000.0,0.48,115039000.0,0.27221593840067015,3431983000.0,832586000.0,965317000.0,601413000.0,2599397000.0,487432000.0,694632000.0,1809833400.0,3858970400.0,12.627950009100285,1.6050816992648977,0.604696468484838,2.492604968135424,0.017685934291467555,12.627950009100285,0.03842005510541854,4.2825954444134195,14.144627672877329,2.1737494985502996,0.9790546454920596,0.6309864760623021,0.01730435519645068,0.12313639082711074,0.3503632279315545,0.00932055898878287,70.8321944346601,0.27221593840067015,3.0,0.671153760038227,0.8687520885451304,0.9177045390293666,0.4172076922129279,3.010531594784353,0.7921714343886797,0.4195559027171327,0.74220871486197,0.568729272530083,Packaged Foods,Consumer Defensive,BGS
2018Q2,2018,Q2,2018-08-06,2018-06-30,7976000.0,388378000.0,39292000.0,0.12,81173000.0,0.20900514447265292,3355113000.0,827014000.0,687343000.0,184354000.0,2528099000.0,446273000.0,662644000.0,1971375500.8999999,3982409500.8999996,12.543383332455413,3.7283866908230903,0.6181234432342517,2.5076649246566562,0.010048690202999087,12.543383332455413,0.009644334920569663,5.075919596115124,61.79085697404714,2.3837268787469132,3.882397191574724,0.6883790863440091,0.01570781415608694,0.11575705497847613,1.17545049198824,0.002377267174011725,104.72670531767955,0.20900514447265292,-0.6129032258064516,5.462647606165234,0.9355339951974778,0.902774823027914,-0.2146271140524014,-0.6118168102399377,-0.3005927481799249,-0.6346108999359582,0.7225574707784167,0.5243639874730991,Packaged Foods,Consumer Defensive,BGS
2018Q1,2018,Q1,2018-05-08,2018-03-31,20547000.0,431729000.0,56179000.0,0.31,103356000.0,0.23940017927913113,3438763000.0,872648000.0,767830000.0,203227000.0,2566115000.0,455364000.0,654668000.0,1576476600.0,3555229600.0,13.118975314952344,3.7781889217476023,0.6097823548758667,2.40291274374089,0.01431787863805899,13.118975314952344,0.023545576223173603,3.6515420553171087,19.181347641991533,1.8065435318708114,1.5049398939017862,0.7211220034961042,0.019614626693475818,0.12554776237850646,1.4500533885753368,0.005975113725487915,22.923233292619088,0.23940017927913113,-0.841025641025641,-0.17065608537863516,0.99856239085228,0.9008487266442549,0.021395183366109634,-0.8418342211411153,0.4944403064481805,-0.1513352286202822,0.6070129997405199,1.0788887073147329,Packaged Foods,Consumer Defensive,BGS
2017Q4,2017,Q4,2018-03-01,2017-12-30,129908000.0,473684000.0,37592000.0,1.95,101191000.0,0.21362553938912862,3561038000.0,880819000.0,886595000.0,201486000.0,2680219000.0,501849000.0,634121000.0,2337369550.0,4348437550.0,13.245996059972631,4.400280912817764,0.6227324729474946,2.5176273445509234,0.16471314942350201,13.245996059972631,0.14748546523178996,4.934449020866231,4.498124730578563,2.653632074239997,0.23802229269944883,0.7422411920717188,0.013228973569883291,0.133018518757733,1.8100116137101336,0.036480374542478905,177.23457309675462,0.21362553938912862,2.979591836734694,9.658816978990798,1.1387472580880234,0.912733933721361,-0.1790109934688248,2.96908035441491,-0.505179608008319,8.153091396020894,0.6062719947490113,1.1031269058963336,Packaged Foods,Consumer Defensive,BGS
2017Q3,2017,Q3,2017-11-03,2017-09-30,32730000.0,408364000.0,75971000.0,0.49,123255000.0,0.301826311819847,3229471000.0,791389000.0,724516000.0,223712000.0,2438082000.0,487390000.0,504213000.0,2117897600.0,3948214600.0,11.901302333974975,3.2386103561722215,0.573757126167103,2.341366887838977,0.01791033985031414,11.901302333974975,0.041357663551047585,5.186298498398488,16.17703635808127,2.676177707802358,0.9446990528567064,0.5849709678081209,0.014599383841787252,0.1264491924528816,0.9097634458589615,0.010134786780869065,-75.25218874360432,0.301826311819847,0.48484848484848475,0.409514592190594,0.9276270350277112,1.3341060722281102,0.11025537089582489,0.4836136167898101,0.32911702444059554,6.9854884520688385,0.576858917126008,0.8081510241562804,Packaged Foods,Consumer Defensive,BGS
2017Q2,2017,Q2,2017-08-07,2017-07-01,22061000.0,368134000.0,57159000.0,0.33,111015000.0,0.3015613879728577,3129938000.0,787666000.0,631335000.0,169618000.0,2342272000.0,420356000.0,471483000.0,2366759200.0,4136553200.0,11.847808429349298,3.722099069674209,0.5819489076141444,2.3124827020589946,0.013835365825021942,11.847808429349298,0.028008064331836082,6.429069849565647,26.82062463170301,3.004775120419061,1.4011604188386746,0.611669632406817,0.013060475269304964,0.11761702627975379,1.0960393354478888,0.0070483824280225356,3030.421510883483,0.3015613879728577,-0.32653061224489793,0.0016729267814264042,0.8025110278427666,1.3705907582595456,-0.12439070559840992,-0.3266695153216945,-0.167748980780431,0.10324892367274377,0.4643519067885667,0.6926612385723074,Packaged Foods,Consumer Defensive,BGS
2017Q1,2017,Q1,2017-05-09,2017-04-01,32764000.0,417874000.0,68680000.0,0.49,126786000.0,0.3034072471606274,3066705000.0,790967000.0,573223000.0,165232000.0,2275738000.0,359839000.0,449422000.0,2675578500.0,4413383500.0,11.898892800192556,3.4692008811852424,0.5770382218048361,2.2372690643225317,0.017211461002890425,11.898892800192556,0.041422714221958694,6.402835543728492,20.41553610670248,3.382667671344064,0.942467342204859,0.8089395535225475,0.011541055513788886,0.13626155760009523,1.1131681514476615,0.010683779496234558,-341.7959248850281,0.3034072471606274,1.4499999999999997,0.41123348563413337,0.919336446838574,1.4059520975008637,0.1859577572820983,1.4147995283018868,0.5478229514107996,0.4874978901095945,0.7021236467769565,0.6957734173380615,Packaged Foods,Consumer Defensive,BGS
2016Q4,2016,Q4,2017-03-01,2016-12-31,13568000.0,413656000.0,44372000.0,0.2,106906000.0,0.2584417970487555,3043505000.0,785657000.0,549776000.0,205695000.0,2257848000.0,356590000.0,416658000.0,2908626600.0,4605576600.0,11.83093649765838,2.672772794671723,0.5670380038803945,2.19661124383796,0.01013995877204224,11.83093649765838,0.0172696227488586,7.031510723886514,53.59350309551887,3.7021583209975852,2.0556456367924527,0.8602316385765164,0.009589061724182816,0.13591434875250738,0.7724300542064707,0.004458017975984926,36.6917272176809,0.2584417970487555,-0.6,-0.19909202770740622,0.9949589192378213,1.4128787817760824,-0.07381352554883648,-0.5813637766121568,-0.36331286230844284,-0.4194308414928766,0.5723295886074444,0.6696884925374895,Packaged Foods,Consumer Defensive,BGS
2016Q3,2016,Q3,2016-11-03,2016-10-01,32410000.0,318247000.0,69692000.0,0.5,115426000.0,0.3626931282934325,2826688000.0,804848000.0,754925000.0,184423000.0,2021840000.0,341254000.0,403090000.0,3184798440.0,4492676440.0,12.428549368417801,4.093442791842666,0.5477994034007291,1.9239135836828818,0.01860414050990807,12.428549368417801,0.04026847305329702,10.007316455457554,24.56647979018821,3.9570185177822395,0.8119407590249923,0.5943402861211883,0.008262689302246707,0.11258653236579347,1.835692945023126,0.011465715353091675,-163.17237626806025,0.3626931282934325,0.041666666666666706,0.9806266672019522,0.766909609179449,1.5053980630544748,0.052053046529644986,0.07136954150276024,0.03921744057737616,0.7238964551862495,0.43280564505549035,0.887423177965489,Packaged Foods,Consumer Defensive,BGS
2016Q2,2016,Q2,2016-08-04,2016-07-02,30251000.0,306376000.0,67062000.0,0.48,109715000.0,0.35810572629709897,2556458000.0,622457000.0,486765000.0,99130000.0,1934001000.0,262742000.0,370680000.0,2964408720.0,4403979720.0,9.936101267439263,4.9103702209220215,0.6051885069107336,2.485535547033771,0.01908003854618539,9.936101267439263,0.04859934099865533,9.675721074757814,24.498435754189945,4.762431332606107,0.8696902581732835,0.7484947210571588,0.00887495702684345,0.11984394032681155,1.9487642489660042,0.011833169173911718,43.11240139616056,0.35810572629709897,-0.14285714285714296,0.8361164590648875,0.8098358488346723,1.0029660265770042,-0.0534874692662727,-0.08871550789251717,-0.07969095225678959,18.81361266807883,0.6069625103598025,0.507261863058938,Packaged Foods,Consumer Defensive,BGS
2016Q1,2016,Q1,2016-05-05,2016-04-02,33196000.0,352978000.0,72869000.0,0.56,115915000.0,0.3283915711460771,2538594000.0,618870000.0,461993000.0,111626000.0,1919724000.0,260517000.0,340429000.0,2044974659.9999998,3525619660.0,10.489144251792343,4.1387579954490885,0.6089295885832866,2.4978186048766298,0.02115319161049266,10.489144251792343,0.05363969815954885,5.793490415833281,15.400761085672972,3.304368704251296,0.6112784672852151,0.9099713262474234,0.009922861342448127,0.13904468378953075,1.2341569168473294,0.01307652976411352,17.223885150216038,0.3283915711460771,1.9473684210526319,1.0290364596843342,1.184513441754491,1.1539697911447129,0.30884229305691996,2.028832116788321,0.49343143483696433,0.5106080948481498,0.8421879487773407,0.5198044066660253,Packaged Foods,Consumer Defensive,BGS
2015Q4,2015,Q4,2016-03-02,2016-01-02,10960000.0,342291000.0,48793000.0,0.19,88563000.0,0.2587359877998545,2571715000.0,457685000.0,463161000.0,134868000.0,2114030000.0,312880000.0,307233000.0,2030354540.0000002,3784724540.0,7.8942511685668455,3.4341800871963697,0.6842188967284477,3.8446005440423,0.007648047686398077,7.8942511685668455,0.02394660082808045,5.931662065318691,46.312831660583946,4.436139571976359,1.8514598540145986,0.8109434927128611,0.009994313603967905,0.1330983409903508,0.574428329922591,0.004261747510902258,56.513333704456265,0.2587359877998545,-0.44117647058823534,-0.36471912125612316,0.9968238890086998,0.6426999135684212,0.2369825129895525,-0.4468836739843553,0.17395279455284748,0.031406765960484584,0.7726073427093291,0.13993708159599985,Packaged Foods,Consumer Defensive,BGS
2015Q3,2015,Q3,2015-10-30,2015-10-03,19815000.0,213300000.0,41563000.0,0.34,71596000.0,0.3356586966713549,1763067000.0,466703000.0,258202000.0,105896000.0,1296364000.0,133209000.0,296273000.0,2075576599.9999998,3008499600.0,8.04979560860341,2.438260179799048,0.5552063534738044,2.09740670190678,0.018808255968281975,8.04979560860341,0.04245740867318187,9.730785747773089,26.186936664143325,4.447317887393053,0.9948019177390865,1.0637719673595627,0.009497119981021178,0.1209823563143091,1.0615981717911913,0.011238937601350375,87.10296697301607,0.3356586966713549,0.030303030303030328,0.7540099795943644,0.40042666225984946,0.7299782708856611,0.1546252096503677,0.05691273735865159,0.03550251631870048,-0.021282328195873387,0.1547984633708103,0.578741240494219,Packaged Foods,Consumer Defensive,BGS
2015Q2,2015,Q2,2015-07-30,2015-07-04,18748000.0,193645000.0,40138000.0,0.33,62008000.0,0.3202148260993054,1734903000.0,465961000.0,289559000.0,88769000.0,1268942000.0,119112000.0,276458000.0,1656906020.0,2542813020.0,8.228601197308704,3.2619382892676496,0.567436335057349,2.1127240262597082,0.017843737543910294,8.228601197308704,0.040235126974145906,8.556410028660693,22.09443700661404,3.5558899135335365,0.9749306592703222,1.1051531331855733,0.011031404183080944,0.1116171912781291,1.724723721118859,0.010806367848807686,112.91440779610195,0.3202148260993054,-0.08333333333333326,0.8565440381999401,0.3443496180757301,0.7876186897443563,-0.07995904862234224,-0.041856186436346914,-0.04150348648390486,-0.0006072191600475569,0.11316312269774953,0.6464349561410645,Packaged Foods,Consumer Defensive,BGS
2015Q1,2015,Q1,2015-04-28,2015-04-04,19567000.0,217122000.0,41876000.0,0.36,67397000.0,0.3104107368207736,1656363000.0,339250000.0,207607000.0,90710000.0,1317113000.0,107020000.0,257710000.0,1610619640.0,2619101640.0,6.310571253185513,2.2886892294124133,0.6231435983537426,3.0424524686809136,0.01969482045992003,6.310571253185513,0.05767722918201916,7.418039811718757,20.5782649358614,4.7475892114959475,0.9324883732815454,1.3990375630723229,0.011328559236990306,0.1310835849388087,0.932653511189505,0.011813231761395298,45.40154023960535,0.3104107368207736,0.7142857142857143,51.95966296754762,0.5303843384645436,0.37626845682995536,0.18213389928612772,0.7083115068971538,0.38026961996110614,0.04214183856278382,0.23313385717947277,0.2759953718370031,Packaged Foods,Consumer Defensive,BGS
2014Q4,2014,Q4,2015-03-04,2015-01-03,11454000.0,237990000.0,30339000.0,0.21,57013000.0,0.23956048573469474,1649353000.0,337995000.0,196519000.0,92692000.0,1311358000.0,106557000.0,238143000.0,1592777200.0,2617144200.0,6.298239075747694,2.1201290294739565,0.6219754049011946,3.035124779952366,0.01392475531697505,6.298239075747694,0.03388807526738561,6.692622379091558,34.76464990396368,4.712428290359325,1.5928933123799547,1.6984055482042475,0.011454834988848408,0.14429294396044995,0.7752233202433867,0.006944541283763997,47.812481613784406,0.23956048573469474,3.6249999999999996,6.566580919079875,0.5512150644414192,0.3242024765035641,-0.09592147410484919,3.5955132562882395,5.984116022099448,-0.16334446628815297,0.4202868473415104,0.2845041837078946,Packaged Foods,Consumer Defensive,BGS
2014Q3,2014,Q3,2014-10-23,2014-09-27,-4413000.0,208998000.0,4344000.0,-0.08,63062000.0,0.30173494483200797,1697992000.0,353218000.0,232110000.0,116242000.0,1344774000.0,132856000.0,226689000.0,1473076800.0,2512406800.0,6.5820289206917115,1.9967825742846819,0.6156159746335672,2.959393349149817,0.0018924908240999492,6.5820289206917115,-0.012493700774026239,7.04828180173973,-83.45098572399728,4.170446579732629,-4.134602311352821,1.0984524598061058,0.012386319572747329,0.12308538556129829,0.7481375062369884,-0.0025989521740974043,73.14547892149561,0.30173494483200797,-1.2666666666666668,-1.7468442860465547,0.18813649930898602,0.08445945036008327,0.0005553175623145636,-1.2734539595984633,-0.8980185932951451,-1.3254377323109137,0.400240164801253,0.32683244198826894,Packaged Foods,Consumer Defensive,BGS
2014Q2,2014,Q2,2014-07-24,2014-06-28,16138000.0,202889000.0,42596000.0,0.3,63027000.0,0.3106476940593132,1707313000.0,375552000.0,204792000.0,124949000.0,1331761000.0,119748000.0,231102000.0,1746437699.9999998,2787692700.0,6.9995154135758755,1.6390047139232806,0.6122281034584754,2.7832763505453304,0.0193178748726674,6.9995154135758755,0.04297141274710293,8.607848133708579,27.054741913496095,4.650321926124744,1.1303135456686082,1.1679694024117313,0.010444689781948707,0.11883526922128514,0.5891763839646575,0.00945227969329584,-815.3303921568627,0.3106476940593132,-0.09090909090909098,0.7932498793449236,0.10597812059842956,0.7411115369884906,-0.025390836413119115,-0.09219778365303483,0.09729771503645122,0.14367187311687327,0.3993752464468423,0.4109952383272917,Packaged Foods,Consumer Defensive,BGS
2014Q1,2014,Q1,2014-04-24,2014-03-29,17777000.0,198140000.0,38819000.0,0.33,64669000.0,0.32638033713535886,1483046000.0,376451000.0,185356000.0,94560000.0,1106595000.0,103495000.0,214964000.0,1603062000.0,2460736000.0,7.016794035414725,1.9601945854483926,0.5897848077537716,2.3234843312941127,0.019928825821967467,7.016794035414725,0.04722261330159835,8.090552134854143,22.54404567699837,4.258355005033855,0.9921246554536761,1.2896371805401228,0.011002069788941414,0.13360340812085397,0.7701882402707276,0.011986816322622494,55.67927477336668,0.32638033713535886,-0.05714285714285704,1.0283992668467554,0.1268112995515567,0.7581084386631236,-0.03691844879966641,-0.05401234567901234,-0.027726293643239995,0.1949568237910966,0.3485556973980366,0.4409147228941112,Packaged Foods,Consumer Defensive,BGS
2013Q4,2013,Q4,2014-02-26,2013-12-28,18792000.0,211547000.0,39926000.0,0.35,67148000.0,0.31741409710371693,1484343000.0,378363000.0,181737000.0,105714000.0,1105980000.0,101251000.0,197187000.0,1811794140.0,2678572140.0,7.085714820779804,1.7191384301038652,0.5867141220054933,2.3017181912607736,0.020700817917715386,7.085714820779804,0.049666590020694415,8.564499331117908,24.10326388888889,4.788507702920212,0.9003299276287782,1.4261488775419502,0.009338257380609477,0.1425189460926484,0.6649261214219497,0.012660146610318505,45.53848439149449,0.31741409710371693,0.20689655172413793,12.622780508195858,0.06337734683045111,0.773143212265407,0.0960075735318121,0.2242345276872964,0.06157936718957724,0.18265747619224337,0.3399293576710796,0.47445310202596264,Packaged Foods,Consumer Defensive,BGS
2013Q3,2013,Q3,2013-10-25,2013-09-28,15350000.0,181350000.0,37610000.0,0.29,61266000.0,0.33783291976840363,1420841000.0,348165000.0,192836000.0,118638000.0,1072676000.0,109965000.0,178395000.0,1838394210.0000002,2690686210.0,6.584929926427477,1.6254151283737082,0.6085065112845139,2.4832794795571065,0.020085837059790015,6.584929926427477,0.044088291470997944,10.137271629445824,29.941273778501632,5.280238421438112,0.9988925081433224,1.0920201882417133,0.008340430967741135,0.12763567492773645,0.6259798715420017,0.010803460767249818,78.53364987825196,0.33783291976840363,10.666666666666666,2.69648420969828,0.0832134370470443,0.49934153930246505,0.09998743199813276,11.711793440334962,0.038290588852386606,0.4899378378569915,0.3055961518221728,0.4151645882597326,Packaged Foods,Consumer Defensive,BGS
2013Q2,2013,Q2,2013-07-25,2013-06-29,-1433000.0,160882000.0,36223000.0,-0.03,55697000.0,0.3461978344376624,1403260000.0,348481000.0,366116000.0,101505000.0,1054779000.0,103942000.0,163045000.0,1799985149.9999998,2462200150.0,6.592153301931408,3.606876508546377,0.6161523880107749,2.481116617548733,0.018726073563007817,6.592153301931408,-0.004112132368766159,11.188232058278738,-314.0239270760642,5.1652318203861896,-10.697138869504537,1.011958592291855,0.008516181369607412,0.11464874649031541,2.5003201812718587,-0.0010211935065490359,114.83891476330227,0.3461978344376624,-1.0810810810810811,-1.2824766261058906,-0.06070819780530723,0.44616961208927475,-0.05296538121471808,-1.0729856371600286,-0.09975892834952904,-1.152008631470244,0.196424079194844,0.4321093179296118,Packaged Foods,Consumer Defensive,BGS
2013Q1,2013,Q1,2013-04-25,2013-03-30,19634000.0,171194000.0,40237000.0,0.37,58812000.0,0.3435400773391591,1183675000.0,363820000.0,160356000.0,93403000.0,819855000.0,87747000.0,164478000.0,1607280350.0,2222246350.0,6.901640899174808,1.716818517606501,0.5331801381291317,1.7346819855972733,0.026064779403381887,6.901640899174808,0.05396624704524215,9.388648842833277,20.465523454212082,4.417789978560826,0.7763573393093613,1.2807503390429302,0.009483721990379588,0.14462922677255158,0.7099236641221374,0.01658732337846115,75.13464612939417,0.3435400773391591,1.0555555555555556,2.1069499133843372,0.026638574920585807,0.5127437026130196,-0.011280533934065196,1.053980541897688,0.07533807258538672,53.1934407093591,0.230558294186171,0.5051744586683917,Packaged Foods,Consumer Defensive,BGS
2012Q4,2012,Q4,2013-02-26,2012-12-29,9559000.0,173706000.0,37418000.0,0.18,59483000.0,0.3424349187707966,1191968000.0,361175000.0,164096000.0,104278000.0,830793000.0,89757000.0,144844000.0,1439450400.0,2057920400.0,6.925163937569506,1.573639693895165,0.5349883553920911,1.765595625389354,0.023601729967563215,6.925163937569506,0.02646639440714335,8.286705122448275,37.64646929595146,3.9854652176922545,1.3667747672350665,1.2725804115556447,0.009076380818679128,0.14573042229321592,0.6409597422275073,0.008019510590888346,32.67393939393939,0.3424349187707966,-0.4857142857142857,0.3043739268504764,1.041976388751276,0.45847350965099554,0.07605057978617558,-0.4342782742498668,-0.023538622129436325,5.497682326681938,0.1650153174585559,0.456013200838055,Packaged Foods,Consumer Defensive,BGS
2012Q3,2012,Q3,2012-10-25,2012-09-29,16897000.0,154155000.0,38320000.0,0.35,55279000.0,0.3585936233012228,1145730000.0,246719000.0,171671000.0,76922000.0,899011000.0,107236000.0,135285000.0,1466609970.0,2164653970.0,5.0988695310723955,2.231754244559424,0.6226545521196093,2.89152436577645,0.025616976944668923,5.0988695310723955,0.06848682103932004,9.513865719567967,21.69926569805291,5.944454906188822,0.7732141800319583,0.9220411055988661,0.008908298911945894,0.13454740645701868,0.7781518941265178,0.014747802710935386,156.6723608588826,0.3585936233012228,0.06060606060606049,1.6503136466605854,0.0014555938409929118,0.05288983441155937,0.06806940258134322,0.05434918257831024,0.09161349134001823,2.171466173101376,-0.028067359684379855,-0.15990687434666523,Packaged Foods,Consumer Defensive,BGS
2012Q2,2012,Q2,2012-07-26,2012-06-30,16026000.0,148612000.0,35104000.0,0.33,51756000.0,0.34826258983123837,1144068000.0,241775000.0,166792000.0,79235000.0,902293000.0,100882000.0,118388000.0,1286801600.0,1980991600.0,4.997829502232512,2.10502934309333,0.625514392501145,2.959904870230586,0.02528203932984658,4.997829502232512,0.06628476889670148,8.658800096896616,20.073655310121055,5.322310412573675,0.8149257456632971,0.9600919886600187,0.0101491947165748,0.12989787320334106,0.783744557329463,0.014007908620816245,74.55397450753186,0.34826258983123837,-0.05714285714285704,1.7393158936426942,-0.19691450410724373,-0.15797285967125496,-0.08920369555653322,-0.044820598402670164,-0.0801561722086838,0.9750968069193594,-0.10150831548420433,0.24319729182408548,Packaged Foods,Consumer Defensive,BGS
2012Q1,2012,Q1,2012-04-26,2012-03-31,16778000.0,157339000.0,38163000.0,0.35,56825000.0,0.361162839474002,1129084000.0,237582000.0,149987000.0,67273000.0,891502000.0,85989000.0,102362000.0,1081357890.0,1779262890.0,4.945606694560669,2.229527447861698,0.6357976908715384,3.021563081378219,0.025603785491131976,4.945606694560669,0.07061982810145549,6.872789899516331,16.112735278340686,4.551514382402708,0.6538920014304447,1.1689169544941795,0.010145577242701766,0.1393510137421131,0.9156719634920399,0.014859833280783361,56.276757220921155,0.361162839474002,0.3999999999999999,1.3623721693232742,-0.13004184646988637,0.8258995182446096,0.15287076486102658,0.3690738474092207,0.2320581113801453,1.13801589917533,-0.0007108125407840136,0.23915748704202053,Packaged Foods,Consumer Defensive,BGS
2011Q4,2011,Q4,2012-02-28,2011-12-31,12255000.0,149998000.0,30975000.0,0.25,49290000.0,0.3286043813917519,1132923000.0,235547000.0,150224000.0,71867000.0,897376000.0,85234000.0,85584000.0,1156298730.0,1859667730.0,4.903245279876767,2.090305703591356,0.6356186607562915,3.0571690575553925,0.02073788518204249,4.903245279876767,0.052027833086390404,7.70876098347978,23.588305385556918,4.908993661562236,0.8173806609547124,1.1815472698688316,0.008662986250966478,0.13239911273758234,0.8173848915357536,0.010817151739350335,39.78320075692414,0.3286043813917519,0.0,1.4502585854291399,-0.22628236508343672,0.7899238857049207,0.18914354644149578,0.014150943396226415,0.1434952746603662,9.425222538165842,-0.16189769616149155,0.22699774207524023,Packaged Foods,Consumer Defensive,BGS
2011Q3,2011,Q3,2011-10-25,2011-10-01,12084000.0,133010000.0,27088000.0,0.25,41450000.0,0.3116307044583114,882922000.0,237231000.0,232520000.0,58269000.0,645691000.0,94277000.0,73329000.0,797670960.0,1177551960.0,4.9607084605411735,3.990458048018672,0.5413705853971246,2.014863150262824,0.02438933985896394,4.9607084605411735,0.050937693640375835,5.997075107134802,16.50262661370407,3.3624229548414837,0.8327540549486925,0.9711806697285659,0.012615477439469528,0.15064750906648605,2.3086890113096157,0.013686373201709777,77.8975546875,0.3116307044583114,-0.03846153846153849,1.0224095932621085,-0.24750845077115743,0.7236530984581705,-0.017050439896606512,-0.04087626002063656,0.02847596628445592,2.2173433445451334,-0.1216107947243955,0.12951790563605795,Packaged Foods,Consumer Defensive,BGS
2011Q2,2011,Q2,2011-07-26,2011-07-02,12599000.0,129453000.0,26338000.0,0.26,42169000.0,0.3257475686156366,881230000.0,237647000.0,229154000.0,59331000.0,643583000.0,89905000.0,61245000.0,991175140.0000001,1367552140.0,4.96069385880683,3.8622979555375774,0.5423192583094084,2.0109995076731453,0.025767704526900893,4.96069385880683,0.05301560718208099,7.656640943044967,19.66773434399556,4.170787512571167,0.7983966981506468,0.9708470051721262,0.010148559617828994,0.1469003551853659,2.292410375688932,0.014297062060982944,82.52915403830143,0.3257475686156366,-0.03703703703703707,2.1386680806014704,-0.29260599921402397,0.7062217923645181,-0.06013328281364923,-0.05306275836151823,-0.09422931425820208,1.7405283474223419,-0.16599800286470612,0.08826424157679089,Packaged Foods,Consumer Defensive,BGS
2011Q1,2011,Q1,2011-04-26,2011-04-02,13305000.0,131405000.0,29078000.0,0.27,44867000.0,0.3414405844526464,865802000.0,233657000.0,211797000.0,48864000.0,632145000.0,77457000.0,48646000.0,914057100.0,1292313100.0,4.869680296777958,4.334417976424361,0.5518906170232917,2.044997581925643,0.026032555553811752,4.869680296777958,0.05694244127075157,6.95602983143716,17.175067643742953,3.911961122500075,0.6087185268695979,1.1172392424183741,0.00886049678953317,0.1517725761779252,2.70608218729535,0.015367254868896122,89.94854359378076,0.3414405844526464,-0.06896551724137918,0.8786685928632451,-0.41092038000663095,0.18855309099690232,-0.04657982532565503,-0.06814679927160666,0.006333275653227202,1.3131095880733001,-0.134241440533467,0.06736619744593482,Packaged Foods,Consumer Defensive,BGS
2010Q4,2010,Q4,2011-03-01,2011-01-01,14278000.0,141866000.0,28895000.0,0.29,47059000.0,0.3317144347482836,871723000.0,230585000.0,215071000.0,61226000.0,641138000.0,74563000.0,35341000.0,658792860.0,1037802860.0,4.805656287774582,3.512739685754418,0.5480502407301402,2.0718953964915325,0.02853988084123615,4.805656287774582,0.061920766745451786,4.643768485754163,11.53510400616333,2.8570499382006638,0.5671662697856843,1.2715019513699823,0.012292179365756939,0.1627420637060167,2.178061607813674,0.016379056191014808,19.460398192183852,0.3317144347482836,0.5263157894736841,2.604723465222333,-0.42432258675208473,0.15417928471661776,0.20097488770926908,0.5382460676578323,0.14954646721833229,1.1177090929544913,1.037263003177447,0.012094797378451582,Packaged Foods,Consumer Defensive,BGS
2010Q3,2010,Q3,2010-10-26,2010-10-02,9282000.0,125144000.0,25136000.0,0.19,39184000.0,0.3131112957872531,862864000.0,221656000.0,213440000.0,53570000.0,641208000.0,89355000.0,21063000.0,514468800.00000006,904611800.0,4.653119489461751,3.984319581855516,0.5535843423760871,2.1549969321832028,0.02254074366304813,4.653119489461751,0.04187569928176995,4.1110145112830025,13.856625727213963,2.321023568051395,0.8724412842059901,0.9620054837446141,0.015740507490444512,0.14503328450369932,2.250009333582229,0.010757199280535519,33.93817534138136,0.3131112957872531,0.05555555555555561,0.754720738517088,-0.21581067667844736,0.492670973708899,-0.005431747804457079,0.09290003532320734,0.0334251531472269,0.4788449507055968,-0.17419497067023426,-0.039155212954394336,Packaged Foods,Consumer Defensive,BGS
2010Q2,2010,Q2,2010-07-27,2010-07-03,8493000.0,121145000.0,24323000.0,0.18,39398000.0,0.3252135870238144,858679000.0,219223000.0,207591000.0,55677000.0,639456000.0,94110000.0,11781000.0,498157500.00000006,895245500.0,4.603107611548556,3.728487526267579,0.5561892162263198,2.178548783658649,0.022082537245157144,4.603107611548556,0.03874137293988313,4.11207643732717,14.663767220063583,2.2723778983044665,0.9531378782526787,0.8686324513866752,0.01624988081078775,0.1410829891030292,1.9767228837760655,0.009890774084378447,25.961929330831772,0.3252135870238144,16.999999999999996,13.625476215410572,-0.2552162329114382,0.45748905573370025,-0.06257732939944799,25.052147239263803,-0.07738117816636954,0.4745960624780078,-0.3350203352005622,-0.22447503720438203,Packaged Foods,Consumer Defensive,BGS
2010Q1,2010,Q1,2010-04-27,2010-04-03,326000.0,125182000.0,26363000.0,0.01,42028000.0,0.3357351695930725,846979000.0,217498000.0,194166000.0,48537000.0,629481000.0,88765000.0,3288000.0,490941900.0,899091900.0,4.585276384028334,4.000370851103282,0.5637778504543797,2.1954592685909757,0.023918466540269103,4.585276384028334,0.0014988643573734012,3.9218250227668516,376.4891871165644,2.257224894022014,24.699386503067483,0.9367881484819467,0.01640112608029586,0.14779823348630838,2.1056101530790943,0.0003848973823436,24.905737621753246,0.3357351695930725,-0.6296296296296297,-0.9535313905292355,-0.41426075507094784,0.008373589028046665,0.13915541822518568,-0.7563527653213752,0.2180280909258917,-0.9535131694962501,-0.29901605336365944,0.6928669135424342,Packaged Foods,Consumer Defensive,BGS
2009Q4,2009,Q4,2010-03-01,2010-01-02,1338000.0,135608000.0,21644000.0,0.027,36894000.0,0.2720635950681376,816894000.0,225608000.0,165920000.0,48952000.0,591286000.0,86134000.0,2962000.0,435444120.0,835055120.0,4.756250790572164,3.3894427193985948,0.5380636900258785,1.9482509485479238,0.016355606189631944,4.756250790572164,0.00593064075741995,3.2110503805085244,81.36100896860987,1.9300916634161907,6.015695067264574,1.146051501149372,0.018484576161000865,0.16600440203992195,1.5378738355940513,0.0016379114058861983,16.882914081885858,0.2720635950681376,-0.7545454545454546,1.085245133850342,-0.4068780202804583,0.031042540308941696,0.018496024734982332,-0.6784426820475847,0.029881994670727066,-0.729068858649893,-0.2915869593982564,0.7362637213739373,Packaged Foods,Consumer Defensive,BGS
2009Q3,2009,Q3,2009-10-27,2009-10-03,4161000.0,123871000.0,21016000.0,0.11,36224000.0,0.2924332571788393,917102000.0,229363000.0,260343000.0,143848000.0,687739000.0,103554000.0,1624000.0,296273600.0,708186600.0,6.069409896798095,1.809847895000278,0.5774068751349359,2.3087463976317015,0.01701547135537437,6.069409896798095,0.018141548549678893,2.391791460470974,17.800624849795724,1.2917235997087586,1.4659937515020427,0.8463893234447728,0.020589077123307643,0.13506785504774824,1.06730020577276,0.004537118008683876,20.30105522817596,0.2924332571788393,-0.35294117647058826,-0.7288871476567887,-0.5782881452105004,0.17135659801564593,-0.01741441979059296,-0.3098357936639575,-0.038037259120245345,-0.11873411348020851,-0.11317521891082964,1.1088836922473466,Packaged Foods,Consumer Defensive,BGS
2009Q2,2009,Q2,2009-07-28,2009-07-04,6029000.0,122899000.0,21847000.0,0.17,36866000.0,0.2999698939779819,834402000.0,144504000.0,176119000.0,53910000.0,689898000.0,111008000.0,-2537000.0,286122200.0,792328200.0,4.0201418834330225,3.266907809311816,0.6421365241214666,3.7078558379006807,0.019939526368886424,4.0201418834330225,0.041722028455959695,2.3281084467733666,11.864413667274839,1.9800296185572719,1.0160889036324432,0.7750162150475641,0.0214104323257685,0.14728991541247505,1.1321832684103135,0.007225533975230165,79.9000837754817,0.2999698939779819,0.06250000000000006,-0.19631374862467746,0.005150720029518283,0.062237976817615094,-0.04859480244651475,0.019617791307289023,-0.08244435111297774,1.001732410067086,-0.10494643994470122,0.3827206203691396,Packaged Foods,Consumer Defensive,BGS
2009Q1,2009,Q1,2009-04-28,2009-04-04,5913000.0,118638000.0,23810000.0,0.16,38749000.0,0.3266154183313947,823797000.0,144466000.0,164246000.0,44163000.0,679331000.0,93883000.0,-8566000.0,184242730.0,686544730.0,3.99110423515761,3.7190861128093653,0.6504029512124954,3.7088311436601,0.021737317257615647,3.99110423515761,0.04093004582393089,1.5529824339587652,7.789731523761204,1.2753362728946602,1.0421106037544394,0.8509421300981008,0.03344501028615891,0.144013634426928,1.515522043339447,0.007177739176034872,22.515303678357572,0.3266154183313947,6.2648897663705165,-0.15289574783180837,-0.003959021465288489,0.1165885701073796,0.11655716920239742,6.3950729927007295,0.22941085351370888,0.10674850428919791,-0.29499581866166713,-0.02588281240432746,Packaged Foods,Consumer Defensive,BGS
2008Q4,2008,Q4,2009-03-05,2009-01-03,-1096000.0,134855000.0,19367000.0,-0.03039,34704000.0,0.25734307218864705,825090000.0,144648000.0,163842000.0,49471000.0,680442000.0,88899000.0,-14479000.0,198721530.0,701962530.0,3.9961322761554823,3.311879687089406,0.6493837035959713,3.7041645926663347,0.018803191917583867,3.9961322761554823,-0.00757701454565566,1.473594082533091,-45.32881614963504,1.3738283972125436,-7.117700729927007,1.126570602593955,0.039255937693313855,0.16344277593959447,1.442420812193002,-0.001328339938673357,17.78905469519291,0.25734307218864705,-1.1447142857142858,-1.1471300693548447,0.014234505308909825,0.18180254456413983,0.12906269317109673,-1.3792387543252596,0.19225560206845604,-1.3667928816813344,-0.27460645192583977,-0.040244908097249586,Packaged Foods,Consumer Defensive,BGS
2008Q3,2008,Q3,2008-10-30,2008-09-27,2890000.0,116515000.0,16244000.0,0.21,30737000.0,0.26380294382697506,836903000.0,161608000.0,170420000.0,58160000.0,675295000.0,95688000.0,-13383000.0,275977410.0,779878410.0,4.391881205059501,2.9301925722145805,0.6402175640426668,3.315429929211425,0.01437713958793294,4.391881205059501,0.017882778080293055,2.3685998369308674,23.873478373702422,1.707696463046384,0.0,0.8964342446283755,0.0,0.1392216302247692,1.2192228335625859,0.0034532078389012824,17.651257435241444,0.26380294382697506,1.0999999999999999,-0.32912081238836605,0.047358940966230105,0.38190653947737824,-0.08406341259908219,-0.1813031161473088,-0.9473627929734967,-0.29272663566920204,-0.0548173353353746,0.4088685256454266,Packaged Foods,Consumer Defensive,BGS
2008Q2,2008,Q2,2008-07-28,2008-06-28,3530000.0,119184000.0,308603000.0,0.1,33558000.0,0.28156463954893274,834936000.0,167676000.0,164781000.0,51981000.0,667260000.0,99283000.0,-16273000.0,334737393.9,846451393.9,4.558354183924355,3.1700236624920644,0.6417258328782086,3.1954483647033567,0.2719141668375352,4.558354183924355,0.021052506023521555,2.808576603403141,23.706614298866853,1.9963345612967867,0.0,0.8624437214830334,0.0,0.142746270372819,1.191897039302822,0.00422786896241149,-223.9046113043478,0.28156463954893274,-0.5238095238095237,-0.3438095106034084,0.16912547933503566,0.4891409044013238,-0.03927855711422846,-0.19936493535949196,14.689018810371124,6.870380833817265,-0.05133076786557467,0.4433187089868208,Packaged Foods,Consumer Defensive,BGS
2008Q1,2008,Q1,2008-04-30,2008-03-29,4409000.0,116342000.0,19670000.0,0.21,34930000.0,0.30023551254061304,839211000.0,167798000.0,166879000.0,54244000.0,671413000.0,95137000.0,-19803000.0,413028035.24,915502035.24,4.562333253976428,3.076450851707101,0.6384568362426136,3.193125067044899,0.017362916883595276,4.562333253976428,0.02627564094923658,3.5501197782400165,23.419598278521207,2.4614598221671296,1.7684282150147426,0.8557343620252899,0.018877653173033068,0.13863259656987337,1.2636051913575694,0.005253744290768352,90.69565991216513,0.30023551254061304,0.4999999999999998,0.4740817783644092,0.2922666977790525,0.565220768571577,1.0116012054891337,-0.14686532507739938,-0.05172829388227354,-0.18946429700982548,-0.2979162251588436,0.0033280379082573784,Packaged Foods,Consumer Defensive,BGS
2007Q4,2007,Q4,2008-03-06,2007-12-29,5168000.0,-2918246000.0,20743000.0,0.14,-3010894000.0,-1.0317478375709244,847590000.0,174635000.0,176922000.0,61817000.0,672955000.0,93181000.0,-24212000.0,370364409.16,869558409.1600001,4.748227438993156,2.8620282446576186,0.6321452589105582,3.068113493858619,0.01866797215678875,4.748227438993156,0.02959315143012569,-0.12691336136843845,17.916234963235294,2.1207914172989377,1.5087074303405572,0.9942799497751688,0.021052238841426152,-3.4429924845739097,1.2866525389455974,0.006097287603676306,38.850771966851994,1.0317478375709244,0.07692307692307698,0.05823819133811459,-28.776447484733826,0.6757501124341204,-79.65860285281363,0.06644655385885266,0.028000792942809,1.4246449490081667,-17.461544502767666,0.029303267684754178,Packaged Foods,Consumer Defensive,BGS
2007Q3,2007,Q3,2007-10-25,2007-09-29,4846000.0,117003000.0,20178000.0,0.13,38278000.0,0.3271540045981727,846178000.0,178111000.0,174798000.0,57425000.0,668067000.0,95418000.0,-29380000.0,470771046.40000004,971947046.4000001,4.8427379241647435,3.0439355681323463,0.6332001068333141,3.008236436828719,0.017550932385710784,4.8427379241647435,0.027207752468965982,4.023580988521662,24.286578951712755,2.6431329137447994,1.6089558398679322,0.8250539730449181,0.016562191026028232,0.1382723256808851,1.280679146713104,0.005726927431344233,95.06685105008079,0.3271540045981727,0.08333333333333341,-0.05961229219607083,0.236442992755263,0.793133979777086,0.02558743938054283,0.2967621086432968,-0.06349206349206349,-0.6755760430910096,-0.590720228636484,-0.06538310702601915,Packaged Foods,Consumer Defensive,BGS
2007Q2,2007,Q2,2007-07-30,2007-06-30,3737000.0,118204000.0,21546000.0,0.12,37323000.0,0.3157507360157017,839573000.0,183411000.0,165912000.0,48310000.0,656162000.0,90255000.0,-34226000.0,407890850.4,906264850.4,5.935473172849576,3.4343200165597185,0.6381815518126476,2.921307882297136,0.01860601731401649,5.935473172849576,0.020375004770706227,3.450736442083178,27.287319400588707,2.223917051867118,54.92346802247793,0.8961387180765609,0.5031958912506168,0.14079061618227362,1.4556199544607742,0.004451072152153535,145.67530371428572,0.3157507360157017,-0.2,-0.2920020864948715,0.35402484907040166,1.3180015923702753,0.1419698314108252,-0.08271968581246932,0.15305576367333834,-0.4205275293220936,0.12456216461439996,0.5683240038281617,Packaged Foods,Consumer Defensive,BGS
2007Q1,2007,Q1,2007-05-07,2007-03-31,4074000.0,103745000.0,18686000.0,0.15,32683000.0,0.31503204973733673,830225000.0,74639000.0,156895000.0,48504000.0,755586000.0,87606000.0,-37963000.0,365398394.4,973152394.4,2.708586450209098,3.2346816757380834,0.7658164955283207,8.518334918742212,0.016332043843602123,2.708586450209098,0.054582724848939564,3.5220819740710394,22.422581885125183,4.895542469754418,48.298723613156604,0.8111544871355844,0.5385053766399364,0.12496010117739167,1.320757050964869,0.00490710349604023,144.19826140489343,0.31503204973733673,0.3636363636363636,0.3499005964214711,0.5669083220057392,0.1334011601421325,0.1415249205406727,0.42000697107005924,0.33490498642663236,-0.2333458788106887,0.1441159279640923,-0.24222057524594662,Packaged Foods,Consumer Defensive,BGS
