Quarters,Year,Quarter,FillingDate,Date,NetIncome,Revenue,OperatingIncome,EPSDiluted,GrossProfit,GrossProfitRatio,TotalAssets,CommonStockEquity,CurrentAssets,CurrentLiability,TotalLiability,Inventory,RetainedEarnings,MarketCap,EnterpriseValue,bookValuePerShare,currentRatio,debtToAssets,debtToEquity,roic,shareholdersEquityPerShare,roe,priceToSalesRatio,peRatio,pbRatio,payoutRatio,inventoryTurnover,dividendYield,assetTurnover,quickRatio,returnOnAssets,priceToFreeCashFlowsRatio,grossProfitMargin,epsdilutedGrowth,fiveYNetIncomeGrowthPerShare,fiveYRevenueGrowthPerShare,fiveYShareholdersEquityGrowthPerShare,grossProfitGrowth,netIncomeGrowth,operatingIncomeGrowth,threeYNetIncomeGrowthPerShare,threeYRevenueGrowthPerShare,threeYShareholdersEquityGrowthPerShare,Industry,Sector,Symbol
2023Q1,2023,Q1,2023-05-12,2023-03-31,16600534.0,288739.0,-3376964.0,0.72,-1499120.0,-5.1919553645,13162380.0,-11020657.0,3779893.0,36333335.0,70615864.0,6848.0,-281631073.0,63915991.75,99608732.75,-0.5603783070455134,0.10403374752138773,2.762963005170797,-3.299909342972928,-0.13194982974735703,-0.5603783070455134,-1.5063107399132374,221.36251684046837,0.9625592729426656,-5.799653482546458,0.0,261.0775408878505,0.0,0.021936686222400508,0.07453730850746292,1.2612106625093638,-18.296873291359336,-5.191955364533367,13.145383104125736,5.096232373691673,-0.7570823631058826,0.8043157955315333,-0.030938044139046526,17.832420670979833,0.03984664677722527,3.772244125774675,-0.8610294360510693,0.8280167776877247,Specialty Business Services,Industrials,OMEX
2022Q4,2022,Q4,2023-03-31,2022-12-31,881487.0,286409.0,-3517109.0,0.0509,-1454132.0,-5.07711699,13281836.0,-32347374.0,3975081.0,64686406.0,89826594.0,-1576717.0,-298231607.0,67166350.2,112782427.2,-1.8686114512144505,0.061451566809879656,3.5431470468390063,-1.4548166413755874,0.030068384449024963,-1.8686114512144505,-0.027250651011114534,234.51200974829703,19.04916073634665,-2.0764081251232325,0.0,-1.1039019684572438,0.0,0.021563961488456868,0.04680508915582665,0.06636785757631701,-15.799244878785897,-5.0771169900387205,1.1817857142857142,1.3096782670742848,0.0,0.30011679284385107,0.03474470850476012,1.1615857006186174,0.054537795676277534,1.2136931862833447,-0.7876186838107928,0.3928916299418388,Specialty Business Services,Industrials,OMEX
2022Q3,2022,Q3,2022-11-15,2022-09-30,-5455229.0,358409.0,-3719989.0,-0.28,-1506474.0,-4.2032259235,14337383.0,-28836168.0,7686648.0,60740647.0,85281657.0,0.0,-293459800.0,60394565.800000004,98609642.80000001,-1.4801351680551365,0.1265486684723658,3.138486640135093,-1.5604599404470108,-0.16623051015980395,-1.4801351680551365,0.18918009494187993,168.50739183446845,-2.767737422205374,-2.094403313228027,0.0,0.0,0.0,0.024998216201659675,0.1186234318511622,-0.38048987043172383,-17.95295480501753,-4.203225923456163,0.06666666666666654,-0.043478571651016894,12.019033420845313,0.4174410613715001,-0.7947974399420508,-0.1647798594422743,-0.18794911475175302,0.3739992734683978,-0.7717507918815727,0.48220070512233415,Specialty Business Services,Industrials,OMEX
2022Q2,2022,Q2,2022-08-15,2022-06-30,-4683485.0,390278.0,-3131438.0,-0.3,-839356.0,-2.1506618359,17818610.0,-23679517.0,11411445.0,57270978.0,81671905.0,0.0,-288004571.0,53890773.86,88315470.86,-1.4983483662670862,0.1992535381533034,2.5231780144466938,-1.89866731656731,-0.1034116878404943,-1.4983483662670862,0.19778633998320153,138.08304301036696,-2.876638542666412,-2.2758392352344012,0.0,0.0,0.0,0.021902830804423016,0.1897011082995649,-0.26284233169702914,-41.57029464422772,-2.150661835922086,0.47368421052631576,-0.28667085506201595,-0.6500301400037032,0.35502779460924083,0.8235508665359521,0.43094110747100717,0.5309005793638607,0.014644931308757174,-0.7058541245417738,0.46340359674311066,Specialty Business Services,Industrials,OMEX
2022Q1,2022,Q1,2022-05-16,2022-03-31,-8230229.0,299606.0,-6675425.0,-0.57,-4756929.0,-15.8772821639,8967281.0,-34129757.0,3121936.0,61657526.0,81412863.0,0.0,-283321086.0,95675115.78,138476958.78,-2.375792072650053,0.050633494441538245,5.008001422058705,-1.315806496952205,-0.4852953855647655,-2.375792072650053,0.2411452563228036,319.3364478014459,-2.906210622450481,-2.8032756219155033,0.0,0.0,0.0,0.03341101946063695,0.038412845173191025,-0.9178065235158795,-56.66037088143118,-15.8772821639086,-99.27586206896552,-1.0106447902520246,-0.7521035790945207,0.12588632335199584,-0.9483601091786047,-108.41759876792963,-0.6539823997744285,-3.523985340740129,-0.7580459030655426,0.048728392122384744,Specialty Business Services,Industrials,OMEX
2021Q4,2021,Q4,2022-03-31,2021-12-31,76619.0,250177.0,-4035971.0,0.0058,-2441504.0,-9.7591065526,8908887.0,-26033826.0,3320248.0,52608733.0,71397525.0,0.0,-275090857.0,69020853.2,108482075.2,-1.9613767278089804,0.06311210726173543,4.684757254188991,-1.603144040372706,0.01222567065991761,-1.9613767278089804,-0.0029430556999190207,275.88808403650216,225.20802020386589,-2.651198990113862,0.0,0.0,0.0,0.028081734564598247,0.04834972931205167,0.008600288678035764,-58.995913587697004,-9.759106552560787,1.0187096774193547,1.0184902506120712,0.0,0.20269816679153474,-0.7010586747579749,1.0187548175811942,-0.27269760222805667,1.0360461898715985,-0.7838555635522724,0.17358170353152028,Specialty Business Services,Industrials,OMEX
2021Q3,2021,Q3,2021-11-15,2021-09-30,-4085297.0,197051.0,-3171194.0,-0.31,-1435285.0,-7.2838249996,9395842.0,-33134763.0,4010695.0,61171135.0,77345638.0,0.0,-275167476.0,92912687.0,134560202.0,-2.4963581238372754,0.06556515585332853,4.809632920604668,-1.3638410813440858,-0.1812416981574104,-2.4963581238372754,0.12329338224027737,471.51593749841413,-5.68579756869574,-2.8040848519121746,0.0,0.0,0.0,0.020972149169813627,0.062050900314339436,-0.4347983927358506,-71.44761006158727,-7.283824999619388,-0.8235294117647057,-0.09106996993183555,-0.9610797398772283,-0.08926483694736022,0.5579428063856727,-0.8340286572519224,0.35891958986301814,-0.9904014163324154,-0.8581816017150804,0.16090620470587302,Specialty Business Services,Industrials,OMEX
2021Q2,2021,Q2,2021-08-13,2021-06-30,-2227499.0,182334.0,-4946640.0,-0.17,-3246831.0,-17.8070518938,10595302.0,-30687694.0,5369832.0,60083980.0,74497866.0,0.0,-271082179.0,82828378.8,122527481.8,-2.356363080717451,0.08937210883832929,4.198601984162415,-1.4496187299052188,-0.20444046826136225,-2.356363080717451,0.0725860665842145,454.26732699331995,-9.296118516775989,-2.6990747105338055,0.0,0.0,0.0,0.017208947890300814,0.08395039742706792,-0.21023459265247937,-58.2845710690921,-17.807051893777352,0.4137931034482758,0.3057921999510554,-0.9132312960177261,-0.1018727472498948,-1.1562724761764982,0.4012450345651787,-0.7683149381116225,-1.2572783521306408,-0.8895744245316334,0.19500780232453005,Specialty Business Services,Industrials,OMEX
2021Q1,2021,Q1,2021-05-17,2021-03-31,-3720218.0,291676.0,-2797375.0,-0.29,-1505761.0,-5.1624439447,11023974.0,-28803800.0,5956055.0,55109433.0,71514449.0,0.0,-268854680.0,84240972.32,121748113.32,-2.2840356503615435,0.10807686952612995,3.8771828562004953,-1.483900145119741,-0.13983725943245537,-2.2840356503615435,0.12915719453683194,288.8169486690711,-5.661023918490797,-2.924647870072699,0.0,0.0,0.0,0.02645833526095036,0.09899962135338972,-0.3374661442416319,-58.86218715499917,-5.162443944650914,-0.31818181818181807,-27.282134660938315,-0.7005596379599476,-0.17561897149305714,-113.44561830204454,-0.5713618347024217,-1.640171281392072,-0.43156205832757843,-0.6173219451773073,0.2024143447395891,Specialty Business Services,Industrials,OMEX
2020Q4,2020,Q4,2021-03-31,2020-12-31,-2367512.0,301313.0,-1059543.0,-0.22,-13157.0,-0.0436655571,11759464.0,-27627847.0,6910856.0,53883993.0,69670738.0,0.0,-265134463.0,75374168.0,111941268.0,-2.602452788599935,0.12825434076498377,3.6336949541237593,-1.546638976247407,-0.04765014061914729,-2.602452788599935,0.08569296043951598,250.1523930265206,-7.959217102173083,-2.7281955050641478,0.0,0.0,0.0,0.0256230215935012,0.11735325553917283,-0.20132822380339785,-20.01205063987496,-0.04366555707851968,0.5686274509803922,-1.7596761426831335,-0.9353901813212374,-0.21177917310131786,0.9971747785045244,0.5654383241257508,0.7736179342871262,-0.35625966638661244,0.0,0.025258566742695113,Specialty Business Services,Industrials,OMEX
2020Q3,2020,Q3,2020-11-16,2020-09-30,-5448046.0,211538.0,-4680331.0,-0.51,-4656980.0,-22.0148625779,14045707.0,-27309166.0,9377299.0,58203192.0,70657722.0,0.0,-262766951.0,72189344.0,103912104.0,-2.572434081129758,0.1611131396367402,2.906973354919051,-1.4951205760000141,-0.23740116883004864,-2.572434081129758,0.19949514386488404,341.25946165700725,-3.312625480768701,-2.6434107874257307,0.0,0.0,0.0,0.015060687226353219,0.15728427746711898,-0.38787979843236087,-24.676835798589522,-22.01486257788199,-0.186046511627907,0.1617160272374071,-0.897793984189407,0.0310416884884163,-0.6844437676578897,-0.3292381368083866,-0.1563542235692302,-0.912420108850579,13.101334543594465,-0.012471360952696506,Specialty Business Services,Industrials,OMEX
2020Q2,2020,Q2,2020-08-14,2020-06-30,-4098623.0,519969.0,-4047489.0,-0.43,-2764699.0,-5.3170458239,5372608.0,-34721714.0,1337505.0,56931819.0,67268086.0,0.0,-257318905.0,43635710.7872,82654891.7872,-3.6386585875386914,0.023493101458781775,7.30425372556494,-1.1302118322845467,-0.547237289539516,-3.6386585875386914,0.11804207015817249,83.91983134994585,-2.6616079831689814,-1.2567268651311396,0.0,0.0,0.0,0.09678148861781838,0.01782295064206538,-0.7628740083028578,-40.08247917343347,-5.317045823885655,-0.43333333333333335,0.47631179664997425,-0.08236707488817306,-0.6960843878147848,-0.90583068452621,-0.4143053634674683,-0.4211499284770779,-0.8648181882899708,-0.22779213835393064,-0.5662803835903957,Specialty Business Services,Industrials,OMEX
2020Q1,2020,Q1,2020-05-15,2020-03-31,-2897976.0,1005511.0,-2848038.0,-0.3,-1450653.0,-1.4427022678,5672949.0,-31011702.0,1602872.0,53103917.0,62134511.0,0.0,-253220283.0,31884174.400000002,68854321.4,-3.25833124598641,0.030183686826717508,6.594001638301349,-1.2062361169341818,-0.26715288158978273,-3.25833124598641,0.0934478217287139,31.70942376562763,-2.7505554221291,-1.0281336509682701,0.0,0.0,0.0,0.1772466137100827,0.01995886668774358,-0.5108411868324569,-21.161692793422418,-1.4427022678021424,-0.25,0.7740263111656871,5.606476580409416,-1.1964942208121427,0.1329119787784583,-0.2777891683322597,-0.30339619878357416,-0.06859371726057092,0.2557436030333351,-0.1988220425322453,Specialty Business Services,Industrials,OMEX
2019Q4,2019,Q4,2020-03-30,2019-12-31,-2267961.0,741448.0,-2185090.0,-0.24,-1673017.0,-2.2564185216,5329720.0,-29294302.0,1224822.0,51230243.0,58627136.0,0.0,-250322307.0,30361348.16,65305778.16,-3.077887809445679,0.02390818251633122,6.594658631222654,-1.1998129875222834,-0.2120215402040495,-3.077887809445679,0.07741986820508644,40.94872217606629,-3.346767003489037,-1.0364250412930132,0.0,0.0,0.0,0.13911575092124914,0.012196838496354586,-0.42553098474216283,-16.93545855347708,-2.2564185215955805,0.4666666666666667,0.672350961554367,0.9468756029514048,-4.418823753855436,-0.22996149884687686,0.4638178386711721,0.37042568995332986,0.23671186563982038,0.0,-0.2511648364576824,Specialty Business Services,Industrials,OMEX
2019Q3,2019,Q3,2019-11-14,2019-09-30,-4229833.0,762175.0,-3470742.0,-0.45,-1360219.0,-1.7846544429,4778568.0,-27030941.0,925388.0,48826221.0,54537837.0,0.0,-248054346.0,36217629.0,68556800.0,-2.8585113627951735,0.018952685279493574,6.831094168797012,-1.207610493471167,-0.40611155420916195,-2.8585113627951735,0.15648115986787142,47.518783743890836,-2.1406063194457086,-1.339858238749439,0.0,0.0,0.0,0.1594986196701606,0.012453984509675652,-0.8851674811366083,-24.80601753109859,-1.784654442877292,-0.5000000000000001,0.5713487854186622,3.770965336396118,-31.482518692792,-0.5194684057310482,-0.5246586323956973,-0.4136883389943452,-0.5856521722326278,-0.7886960923044317,-0.24728735183278752,Specialty Business Services,Industrials,OMEX
2019Q2,2019,Q2,2019-08-09,2019-06-30,-2774282.0,774436.0,-2455097.0,-0.3,-895194.0,-1.1559302512,2496226.0,-25757239.0,1254285.0,45194098.0,49731496.0,0.0,-243824513.0,52855342.14,82575871.14,-2.792319063588224,0.02775329203384035,12.055404839145174,-1.1683323278554818,-0.419500397419209,-2.792319063588224,0.10770882702140552,68.25010993807106,-4.76297490125373,-2.052057758985736,0.0,0.0,0.0,0.31024274244399347,0.021216000372438013,-1.1113905551821028,-71.1496160059014,-1.1559302511763399,-1.3076923076923075,0.520848972067012,0.7055239884036186,-3.7185325216526666,0.033701922246593324,-1.3754732910575176,-0.09810105350917761,-0.2207039624719327,-0.4796821042963572,-0.3057326788779134,Specialty Business Services,Industrials,OMEX
2019Q1,2019,Q1,2019-05-15,2019-03-31,-1167886.0,794927.0,-2235766.0,-0.13,-926416.0,-1.1654101572,3557129.0,-23032357.0,2532588.0,43278323.0,47097073.0,0.0,-241050232.0,66953164.739999995,95340505.74,-2.4974907828382364,0.05851862605674439,8.322851659301644,-1.2853854687993937,-0.167867691842929,-2.4974907828382364,0.05070631720409683,84.22555120155687,-14.332127609201583,-2.906917635047077,0.0,0.0,0.0,0.22347432437789014,0.04567198687435278,-0.3283226444697395,-45.72950635640828,-1.1654101571590851,0.1875,0.9095996803228907,0.06508761679711192,-3.0836703601434525,-1.7263005176467818,0.20920151349770186,-0.3175474316627527,-12.282494172070392,0.1159617543962271,-0.2854867414039348,Specialty Business Services,Industrials,OMEX
2018Q4,2018,Q4,2019-04-01,2018-12-31,-1476844.0,804194.0,-1696915.0,-0.16,-339807.0,-0.4225435654,5473170.0,-21887471.0,4602524.0,42025957.0,46669707.0,0.0,-239882346.0,30709922.67,57372078.67,-2.3733462051729743,0.10951622112971753,5.380609043753437,-1.3454723937726747,-0.13100402984622983,-2.3733462051729743,0.06747440122250761,38.18720690529897,-5.198572542191322,-1.4030822779845147,0.0,0.0,0.0,0.146933860998288,0.08509628941941762,-0.2698333872326275,-14.760497075770424,-0.4225435653586075,-0.06666666666666674,-1.1031168052363354,-0.9649878179633264,-1.9482861562480105,-0.8408843430540281,-0.12798609917702544,-0.09869166914321713,-1.545507360656307,-0.8014951260727738,-0.10510035555145257,Specialty Business Services,Industrials,OMEX
2018Q3,2018,Q3,2018-11-13,2018-09-30,-1309275.0,886327.0,-1544487.0,-0.15,-184589.0,-0.2082628646,2351743.0,-25189600.0,1093901.0,37653616.0,45797366.0,0.0,-238405502.0,68412624.72,97677030.72,-2.97506445386386,0.029051685235224153,12.499142125648934,-1.166940721567631,-0.20700269937921947,-2.97506445386386,0.05197680788897005,77.1866644252065,-13.06307397605545,-2.715907545971353,0.0,0.0,0.0,0.37688089217231646,0.02118112640230888,-0.5567253734783095,-58.81162666666667,-0.20826286460866023,-0.9788918205804747,0.7114994808266214,-0.8739620968432049,-11.728416356937872,-1.2974258083019938,-1.0407773588317173,-0.7781870053674184,0.7474074351135478,-0.463065469156159,-0.12061702610783004,Specialty Business Services,Industrials,OMEX
2018Q2,2018,Q2,2018-08-09,2018-06-30,-641557.0,1073497.0,-868574.0,-0.0758,620622.0,0.5781310986,2734886.0,-24784230.0,1600849.0,36617630.0,44761380.0,0.0,-237096228.0,70190675.61,98999200.61,-2.9271874777442393,0.043717985025246035,10.740618438940416,-1.1852039381493797,-0.07540417703862357,-2.9271874777442393,0.025885694249932315,65.38506918044484,-27.35169112409341,-2.832070054627479,0.0,0.0,0.0,0.3925198344647638,0.03570586081076246,-0.23458272118106568,-58.54194154035802,0.578131098643033,0.639047619047619,0.9550641854084769,2.3038108098711905,-2.6080603744392046,2.2192176145750864,0.6322954076257965,0.5562250924771617,0.9076142430414269,1.1351447658071068,-0.3644470515073159,Specialty Business Services,Industrials,OMEX
2018Q1,2018,Q1,2018-05-10,2018-03-31,-1744762.0,511735.0,-1957240.0,-0.21,-509033.0,-0.9947199234,3493227.0,-24246577.0,2432622.0,36369893.0,44013643.0,0.0,-236454672.0,70021337.42999999,97433275.42999999,-2.863686972424057,0.06688559683142317,8.237369343589753,-1.186765496836935,-0.2854970667392074,-2.863686972424057,0.07195910581522497,136.83124552747026,-10.033078641958044,-2.88788547059653,0.0,0.0,0.0,0.14649348582270777,0.052390530816244084,-0.49946997432460016,-34.67673178788269,-0.9947199233978524,-0.31249999999999994,0.8625837230111381,-0.5486442634894818,-1.6208716173888058,0.17446923759310945,-0.25321660907308935,-0.2701845013660759,0.847065748644046,2.7794941027484246,-0.9304580812317746,Specialty Business Services,Industrials,OMEX
2017Q4,2017,Q4,2018-03-26,2017-12-31,-1392227.0,0.0,-1540910.0,-0.16,-616613.0,0.0,2972426.0,-22605719.0,1846110.0,33311612.0,40955362.0,0.0,-234709910.0,31920246.93,58175495.93,-2.6698903932946485,0.05541941350661745,9.205760547108659,-1.210465457878159,-0.20035976138083203,-2.6698903932946485,0.06158737972457324,0.0,-5.7318682459828745,-1.4120429847862837,0.0,0.0,0.0,0.0,0.040243414218441305,-0.4683807098982447,-24.423146820080383,0.0,0.40740740740740744,-0.5947099225256929,-1.0,0.17103071784272839,-0.016495028906689174,0.3815339809879361,0.3761333800282194,0.7739061004519053,-1.0,-3.7005174909156513,Specialty Business Services,Industrials,OMEX
2017Q3,2017,Q3,2017-11-08,2017-09-30,-2251097.0,11854.0,-2469935.0,-0.27,-606607.0,-51.1731904842,3140351.0,-21313876.0,1858053.0,31329428.0,38973178.0,0.0,-233317682.0,36575259.56,61383577.56,-2.5407475019433603,0.05930695574780363,8.327261506755137,-1.2269248446411154,-0.37014018780255564,-2.5407475019433603,0.10561650072469221,3085.4782824363087,-4.061937308787671,-1.7160304188689097,0.0,0.0,0.0,0.0037747372825521733,0.051260144296282714,-0.7168297429172726,-23.023058497981918,-51.17319048422473,-0.1739130434782609,-1.2628363055561962,-0.9902240161671576,0.2495441113151978,-0.934771584127784,-0.1743516173375033,-0.19717855879173876,0.7428447703224,-0.9163556137547595,-28.093956746045865,Specialty Business Services,Industrials,OMEX
2017Q2,2017,Q2,2017-08-09,2017-06-30,-1916885.0,587270.0,-2063130.0,-0.23,-313529.0,-0.5338753895,3452170.0,-19334201.0,1996507.0,28806901.0,36450651.0,0.0,-231066586.0,29961043.2,53093790.2,-2.3231208317873255,0.06930655262084595,7.128687173574882,-1.2728449445622294,-0.2769922813944483,-2.3231208317873255,0.09914477458882319,51.017493146253,-3.9075170393633423,-1.5496395842786574,0.0,0.0,0.0,0.17011618778912974,0.061168363788940715,-0.5552695840587225,-17.249106888924455,-0.5338753895141928,0.1785714285714286,0.93136417219087,-0.6981400029502991,0.5201625045941726,0.5199835263173205,0.12839664924113214,0.0963541963227481,0.6330577535156552,0.43347443316774914,-3.2617327709058554,Specialty Business Services,Industrials,OMEX
2017Q1,2017,Q1,2017-05-10,2017-03-31,-2199263.0,649353.0,-2283118.0,-0.28,-653163.0,-1.0058673788,3978485.0,-20978087.0,1872935.0,28045734.0,37831207.0,0.0,-229149701.0,30410362.04,55286396.04,-2.717944057071147,0.06678145774327034,6.5205031563522295,-1.2366105641567795,-0.3419446490724002,-2.717944057071147,0.10483620360617248,46.8317880105274,-3.4568810142306763,-1.4496251274007967,0.0,0.0,0.0,0.16321614886068442,0.0506763345897811,-0.5527890641789526,-24.965058397510255,-1.005867378760089,0.09677419354838701,0.7251352785506358,-0.823104898363371,-0.1434363719233782,0.6538158208559692,0.08728519113672734,0.02501811715661636,0.7965977267589859,0.03955640640926474,-3.267595744962558,Specialty Business Services,Industrials,OMEX
2016Q4,2016,Q4,2017-03-10,2016-12-31,-2409584.0,0.0,-2341703.0,-0.31,-1886750.0,0.0,5083665.0,-18987318.0,2755911.0,27207279.0,36186530.0,0.0,-226950436.0,26396811.72,49801476.72,-2.460017832789997,0.10129315026320714,4.930951980510124,-1.3202132075736026,-0.29664854069074864,-2.460017832789997,0.12690491621828845,0.0,-2.7387312208248393,-1.3902338244927483,0.0,0.0,0.0,0.0,0.07852490504471249,-0.4739855989723949,-14.789496911479212,0.0,-0.10714285714285703,-0.48605145234042424,-1.0,-0.5344205391478193,-520.6339507879458,-0.13003827317224617,-0.06569364657717407,-1.2010231239415967,-1.0,-1.9829163776752778,Specialty Business Services,Industrials,OMEX
2016Q3,2016,Q3,2016-11-09,2016-09-30,-2132303.0,2883240.0,-2197351.0,-0.28,-3617.0,-0.0012544915,4786651.0,-17323206.0,2235594.0,24581527.0,33506541.0,0.0,-224540853.0,27098423.475,48605396.475,-2.2917825299798182,0.09094609948356748,4.603732338121162,-1.2720774664920569,-0.35533857410018826,-2.2917825299798182,0.12308939811718454,9.398601391143298,-3.1771309559429404,-1.5642845484259669,0.0,0.0,0.0,0.6023501608953734,0.0736123512587318,-0.44546865856733653,-20.962995047494392,-0.0012544914748685507,-0.1200000000000001,0.728511731736819,-0.6104528945144535,-1.3440737121526696,0.9527096816369223,-0.14715312963678287,-0.09103389857438501,0.4736984264985271,-0.540740645296244,-8.805085803520694,Specialty Business Services,Industrials,OMEX
2016Q2,2016,Q2,2016-08-01,2016-06-30,-1858778.0,1217318.0,-2014008.0,-0.25,-76485.0,-0.0628307476,6809543.0,-16133638.0,4063502.0,24801877.0,33674571.0,0.0,-222408549.0,15239576.9,35367686.9,-2.1385074516077935,0.16383848690161637,3.224926547934274,-1.3611484278995227,-0.2529919647104766,-2.1385074516077935,0.115211336711534,12.518977703443143,-2.049676844141689,-0.9445840361609701,0.0,0.0,0.0,0.17876647522454883,0.13838009115197208,-0.2729666293318068,-5.787806037791169,-0.06283074759430157,-26.0,0.5247321502714011,-0.8646851509432306,-11.354061093624924,0.9527144741869313,-22.959949907849346,0.49622482791293576,0.8538872056671654,3.204571385475199,-1.6359309252494736,Specialty Business Services,Industrials,OMEX
2016Q1,2016,Q1,2016-05-12,2016-03-31,84644.0,582477.0,-3997831.0,0.01,-1617514.0,-2.7769577168,7244351.0,-14651147.0,4150913.0,23123852.0,31946074.0,0.0,-220549772.0,51204143.69,68825260.69,-1.9428366722091746,0.1795078518924961,2.8141005315728074,-1.3914495568162684,0.09634082024742117,-1.9428366722091746,-0.00577729511552918,87.90758036798019,151.23382546311612,-3.4948897646034127,0.0,0.0,0.0,0.0804043039880315,0.1553298732408424,0.011684138441110874,-18.795249918052733,-2.776957716785384,-0.9655172413793103,1.0095658386967554,-0.7936066045321859,0.13590916117244292,-7.601612942722576,-0.9617649795689006,-0.8063553139951464,1.0074849296250759,-0.4231775098581875,-0.7781012870638322,Specialty Business Services,Industrials,OMEX
2015Q4,2015,Q4,2016-03-30,2015-12-31,2213782.0,3312764.0,-2213203.0,0.29,245018.0,0.0739618035,6913016.0,-16195513.0,3545590.0,24677485.0,32462022.0,0.0,-220634415.0,24433199.64,40391514.64,-2.1476295734143154,0.1436771210680505,2.632661634227376,-1.1237453237819635,-1.9932747659497279,-2.1476295734143154,-0.13669106992782507,7.375472457440373,2.7592147329773216,-1.5086400560451527,0.0,0.0,0.0,0.47920676011743646,0.12330640662936276,0.3202338892315597,-13.652120265966364,0.0739618034970194,1.4754098360655736,1.0586021953762617,-0.37096633361532455,-0.5920601043962983,1.1423764190835468,1.4833316048997272,0.4913359216972791,3.847056299371314,-0.6427273755196193,0.3331865044781571,Specialty Business Services,Industrials,OMEX
2015Q3,2015,Q3,2015-11-05,2015-09-30,-4580255.0,1458653.0,-4351011.0,-0.61,-1720917.0,-1.1797987595,20561993.0,-19862934.0,3479619.0,39761829.0,48791132.0,335013.0,-222848197.0,32321237.76,65649634.760000005,-2.6548449510864276,0.0875115427914546,1.7103788528670347,-1.7705741760003835,-0.23357692491828216,-2.6548449510864276,0.2305930735106908,22.158277369600583,-1.7641614800922658,-1.6272136714545797,0.0,9.490885428326662,0.0,0.07093928103175602,0.061294514394697484,-0.22275345585420636,-10.097824477038952,-1.1797987595404802,0.2560975609756097,0.0626915747889014,-0.8896407207257873,-2.904658170388021,0.3408054588996704,0.25235194046310466,0.2705597764776827,-1.5996219090592338,0.34878967178558373,0.21584335886819672,Specialty Business Services,Industrials,OMEX
2015Q2,2015,Q2,2015-08-07,2015-06-30,-6126218.0,443543.0,-5964863.0,-0.82,-2610636.0,-5.8858690138,25264009.0,-16024370.0,6975413.0,32188105.0,48660517.0,336047.0,-218267941.0,42127551.36,71674359.36,-2.145328742885663,0.21670778692936413,1.3921444534000917,-2.194853838247619,-0.28212182902071026,-2.145328742885663,0.38230632467922293,94.97963300063353,-1.7191500269823894,-2.628967713551297,0.0,9.088547137751565,0.0,0.01755631895159632,0.18343900642799568,-0.24248795984833602,-5.35325279648426,-5.885869013827295,0.39259259259259266,-0.16995808150425737,-0.9244895533316241,-2.4005830001342163,0.24527370231711018,0.36937194006755486,0.3368716923423097,0.7555924703897612,-0.7459783139212971,0.5568852223599586,Specialty Business Services,Industrials,OMEX
2015Q1,2015,Q1,2015-05-11,2015-03-31,-9714471.0,115292.0,-8995036.0,-1.35,-3459050.0,-30.0025153523,21076649.0,-10694926.0,8807061.0,22298210.0,38505046.0,569329.0,-212141723.0,60560841.6,82170847.6,-1.4834235460822922,0.3949671744951725,1.0587289279239789,-2.0864527720902415,-0.7417514299461372,-1.4834235460822922,0.9083252188935201,525.2822537556813,-1.55852134408554,-5.6625769640668855,0.0,6.2781660516151465,0.0,0.005470129525808396,0.31761944120178254,-0.4609115519264946,-13.91377384733935,-30.0025153523228,-0.8493150684931509,-1.172573222987682,-0.9714336869635916,-1.6768153454694137,0.19056690620142214,-0.8527218566905019,-0.5314680087913914,-0.2997916525260881,-0.9663761931818787,0.3759251839105652,Specialty Business Services,Industrials,OMEX
2014Q4,2014,Q4,2015-03-16,2014-12-31,-5243351.0,288486.0,-5873473.0,-0.73,-4273423.0,-14.8132769008,25089539.0,-4095061.0,11470981.0,19042104.0,35494011.0,674992.0,-202427252.0,80459403.84,98480734.84,-0.5679992465626501,0.6024009216628583,0.8435739293575701,-5.168392119189433,-0.2916728549518258,-0.5679992465626501,1.280408521387105,278.9022823984526,-3.8362587131778896,-19.647913386394002,0.0,6.758463804015455,0.0,0.011498258298010178,0.505175215932021,-0.20898554572883943,-14.13823412744783,-14.81327690078548,0.29807692307692313,0.06684514129670464,-0.9152101307816656,-1.3929347737291289,0.14897124930722602,0.2928842457658159,0.24736126735539588,-2.461891559338029,-0.7428358900246624,0.6457140681952861,Specialty Business Services,Industrials,OMEX
2014Q3,2014,Q3,2014-11-10,2014-09-30,-7415124.0,120046.0,-7803841.0,-1.04,-5021479.0,-41.8296236443,27298000.0,666361.0,12071074.0,19374334.0,31998842.0,676367.0,-197183901.0,77596679.16,91229177.16,0.0937754321289437,0.6230445908489035,0.6353605026009231,26.028040356503457,-0.41868757556271147,0.0937754321289437,-11.12778809083965,646.3912097029472,-2.6161625604642618,116.44841033613912,0.0,7.60167926584236,0.0,0.004397611546633453,0.5229604279558719,-0.2716361638215254,-11.536620027091402,-41.829623644269695,-0.6507936507936508,-0.14278883125459643,-0.902370788958076,-0.9587012432221047,-1.0434712012397205,-0.6697803853288771,-0.608491830925184,-0.004280281178350147,-0.9827471340039601,1.0959150889858427,Specialty Business Services,Industrials,OMEX
2014Q2,2014,Q2,2014-08-11,2014-06-30,-4440778.0,348264.0,-4851651.0,-0.63,-2457328.0,-7.0559345784,29373416.0,7266841.0,11830704.0,18016564.0,27215064.0,661979.0,-189768776.0,142628290.56,150573204.56,1.027142048641265,0.6566570629116628,0.4655970555144148,1.8819974181353356,-0.20901742657185227,1.027142048641265,-0.6111015777006817,409.54072358900146,-8.029465251359108,19.627275532793412,0.0,4.238188824721026,0.0,0.011856435084022914,0.5315773862319142,-0.15118357360955226,-19.414219382627774,-7.055934578365838,0.5499999999999999,0.438088640792768,-0.47893178309990786,-0.6922853993023582,0.6304326443985309,0.5468019055886374,0.49795239455750356,-0.21081102528774015,-0.9587184126418677,6.933753287230775,Specialty Business Services,Industrials,OMEX
2014Q1,2014,Q1,2014-05-12,2014-03-31,-9798757.0,566086.0,-9663727.0,-1.4,-6649202.0,-11.7459219977,25992793.0,8383973.0,8446402.0,12525204.0,22292412.0,687643.0,-185752895.0,192216966.6,195068815.6,1.1986016745308476,0.674352449668684,0.3316138438835719,1.0281008777103648,-0.5374270873926842,1.1986016745308476,-1.1687486350445069,339.5543549919977,-4.90411606798699,22.92671584223852,0.0,10.492781865008443,0.0,0.0217785753150883,0.477453620715479,-0.37697976512181663,-16.346150515198453,-11.74592199771766,-1.903225806451613,-0.15427532839095096,-0.4154252565188202,-0.6397357670362351,-1.6432148505468127,-1.9113871434954606,-2.4717666099661093,-0.19387320457050197,-0.7837481798965172,1.5330868730142884,Specialty Business Services,Industrials,OMEX
2013Q4,2013,Q4,2014-03-17,2013-12-31,10751476.0,17242672.0,6566073.0,1.55,10337451.0,0.5995272078,51460607.0,17326829.0,33610096.0,27947841.0,38253817.0,314738.0,-175954138.0,167814707.76,168524258.76,2.502774283411832,1.202600801972503,0.4281295788057844,1.2715429926618425,0.16407333005325847,2.502774283411832,0.6205103080315504,9.73252334440973,3.9021318505477756,9.685252146252497,0.0,21.93958467042429,0.0,0.3350654608485283,0.7703372149569622,0.20892633466216207,12.441920508285754,0.5995272078480643,3.87037037037037,2.1384995156137685,21.561558559783865,-0.3948549530677031,7.435464615761235,3.9994027125942835,2.9061262145758686,1.31001667337445,2.5663658012196864,2.8553325658457576,Specialty Business Services,Industrials,OMEX
2013Q3,2013,Q3,2013-11-12,2013-09-30,-3584539.0,5554460.0,-3444721.0,-0.54,1225475.0,0.220629008,35509332.0,-1563133.0,19925579.0,33634574.0,39979111.0,342694.0,-186705615.0,240755616.0,252115419.0,-0.23373406168020605,0.5924135979840268,0.6345610500360863,-14.415177083459948,-0.17580947140044773,-0.23373406168020605,2.2931759485597194,43.344558426921786,-16.791253770708032,-154.02119717260143,0.0,12.632217079960547,0.0,0.15642254267131805,0.5308446302902483,-0.10094639347200336,-26.977749674509695,0.22062900804038557,0.680473372781065,0.6624394889962852,0.5310240840967483,-1.0399280932888697,1.131032496187363,0.6785015726299604,0.7195085815747729,0.17935281401878456,-0.5298580319314912,-1.1676871902048374,Specialty Business Services,Industrials,OMEX
2013Q2,2013,Q2,2013-08-08,2013-06-30,-11149476.0,253745.0,-12281021.0,-1.69,-9352451.0,-36.8576760133,29198967.0,-5364305.0,13632902.0,29617636.0,34816772.0,326265.0,-185774223.0,243588253.56000003,248473725.56000003,-0.8112911575652909,0.46029676372550465,0.5213571767795758,-2.8378496375578943,-1.2401316397576636,-0.8112911575652909,2.0784567618731598,959.972624327573,-5.461876718690637,-45.40909839392056,0.0,29.442925229491365,0.0,0.00869020469114541,0.3591846087918698,-0.3818448782794268,-22.99351634260859,-36.85767601332046,-0.12666666666666662,-0.24430239521459365,-0.8627763515185116,-1.1593324637293847,-0.864575022199574,-0.15354772947858536,-0.5730412621300154,-1.4053745092218972,-0.9512000703896161,-1.5296533723389896,Specialty Business Services,Industrials,OMEX
2013Q1,2013,Q1,2013-05-10,2013-03-31,-9665379.0,863072.0,-7807183.0,-1.5,-5015862.0,-5.811637963,27970341.0,-7042479.0,12862876.0,28394878.0,35056092.0,308077.0,-174878246.0,241313492.16,246537829.16,-1.092646794838875,0.45299986849741,0.5817696680923554,-2.310592051463696,-0.8592666049685321,-1.092646794838875,1.3724398752200753,279.5983326535909,-6.241697613720062,-34.265418776541615,0.0,19.0826773826024,0.0,0.03085668494352643,0.4058959858887226,-0.3455581396022308,-13.014959039688875,-5.811637962997294,-13.999999999999998,0.11201141954474539,0.90245031702788,-1.1748477305382128,0.5020862623547501,-13.543524285153246,-5.699656143295653,-1.4179148689972445,-0.7607957472899981,-1.4985225695506765,Specialty Business Services,Industrials,OMEX
2012Q4,2012,Q4,2013-03-12,2012-12-31,-664583.0,7925035.0,-1165311.0,-0.1,-10073757.0,-1.2711309161,26896824.0,-20758729.0,13768302.0,39000857.0,47655553.0,418926.0,-165212866.0,229711881.96,238436150.96,-3.2207350148688842,0.3530256271035275,0.6997362588237184,-0.9066394671851056,0.4367481313034699,-3.2207350148688842,0.032014628641281455,28.985598418177332,-86.41203655525344,-11.06579704181311,0.0,42.964132090154344,0.0,0.29464575445784974,0.31277146038098597,-0.02470860500109604,12.763957402259509,-1.2711309161410644,-1.1020408163265307,0.9497344722871409,4.161717931342762,-1.4258173001736447,-12.29522234431413,-1.0994510002742979,-2.26191159446813,0.8676996876320119,1.6054771186050576,-3.2280641954503007,Specialty Business Services,Industrials,OMEX
2012Q3,2012,Q3,2012-11-08,2012-09-30,6682517.0,946097.0,923449.0,0.98,891860.0,0.9426728972,33564200.0,-22159935.0,20304833.0,45710101.0,55724135.0,544049.0,-164297918.0,246628373.52,273864229.52,-3.385605390339599,0.44420888503396655,0.8754627251655037,-1.326005965270205,0.22461283762071674,-3.385605390339599,-0.30155851088913393,260.6797965959093,9.226627239406948,-11.12947188337872,0.0,0.09969138809188142,0.0,0.028187682113680647,0.3917387975143612,0.1990965671757408,-20.71121951366985,0.9426728971765052,1.2916666666666667,1.759668001936504,-0.5673634205276825,-1.5365918341804992,-0.3328091721719797,1.3262988063280274,1.0862959588739434,2.1180880196607372,-0.16467379888920816,-2.4910226525995465,Specialty Business Services,Industrials,OMEX
2012Q2,2012,Q2,2012-08-01,2012-06-30,-20479747.0,1426631.0,-10700953.0,-3.36,1336739.0,0.9369900135,22369983.0,-29546868.0,8775054.0,35687165.0,51916851.0,543251.0,-168100901.0,272798110.2,289706635.2,-4.841474153291257,0.24588823460759632,0.9139141947492763,-0.6919259598005447,1.544274935289668,-4.841474153291257,0.6931275084723024,191.21840910508743,-3.3300961945477163,-9.232725113199816,0.0,0.1654704731330453,0.0,0.06377434439713253,0.10605045259268983,-0.9155012321645484,-30.578740319794413,0.9369900135353851,-2.2307692307692304,-1.123741691316791,-0.471050468444611,-1.8324789899237481,-0.5335161013734474,-2.240190983772423,-1.3047194512413256,-2.0041018379783546,1.4744516469984814,-2.4504247857817862,Specialty Business Services,Industrials,OMEX
2012Q1,2012,Q1,2012-05-04,2012-03-31,-6320537.0,2899752.0,-4643061.0,-1.04,2865563.0,0.9882096814,21877895.0,-14492713.0,8578798.0,22507098.0,36370608.0,543563.0,-152510552.0,227542652.4,235554786.4,-2.37699632774431,0.38115966794119793,0.5982450779656818,-0.9030981983842501,3.8120072379049392,-2.37699632774431,0.4361182754395261,78.46969409797804,-9.000131333777494,-15.700487024065128,0.0,0.06289795295117585,0.0,0.1325425503687626,0.29251203331500136,-0.28890060035483306,-47.377704088314644,0.988209681379649,-3.952380952380953,-0.047025294696767694,-0.13595085938142282,-1.449816562443173,2.3439131150161794,-3.934577126274625,0.3054071168879895,0.1458262649978191,2.4353603575706892,-1.7144548326346014,Specialty Business Services,Industrials,OMEX
2011Q4,2011,Q4,2012-03-12,2011-12-31,-1280867.0,948687.0,-6684579.0,-0.21,856949.0,0.9033000347,23414403.0,-9774961.0,10021837.0,18849239.0,33189364.0,557151.0,-147018753.0,200471661.60000002,202992922.60000002,-1.603222695491441,0.5316839051168061,0.44814531465952817,-1.0734625948891254,-2.9937580383442355,-1.603222695491441,0.13103551001379954,211.31486106587317,-39.128118219924474,-20.508691707312185,-0.21513240640909634,0.16465554221387022,0.001374538415059458,0.04051724060613461,0.44948339824223144,-0.05470423482503483,-31.475458013025936,0.9033000346795097,0.7980769230769231,0.8230613681429447,-0.6327116757325698,-1.3604757471442672,-0.8533313479685525,0.7967877710967619,-0.6825465265370785,0.8459913828190613,0.4094955348735858,-1.3876427369964501,Specialty Business Services,Industrials,OMEX
2011Q3,2011,Q3,2011-11-09,2011-09-30,-6303100.0,5939873.0,-3972894.0,-1.04,5842755.0,0.9836498188,25840262.0,-5930801.0,12042921.0,16126399.0,31771063.0,408074.0,-142970474.0,179071950.96,174439744.96,-0.9776921767000109,0.7467830232899484,0.20952477184635357,-0.9128910243321264,9.433895689775204,-0.9776921767000109,1.0627738141947436,30.147437657337118,-7.102534901873682,-30.193552432462326,0.0,0.23799114866421286,0.0,0.2298689154157957,0.6662572344886171,-0.24392554533696292,-34.48753737168425,0.9836498187755867,-1.0,0.34571880823057755,5.414615741905869,-1.186806708311862,-0.1269055565982587,-1.1496586111167952,-3.276683969058071,0.34561213554541553,0.8050118278295625,-1.1670162412720437,Specialty Business Services,Industrials,OMEX
2011Q2,2011,Q2,2011-08-08,2011-06-30,-2932140.0,6744569.0,-928966.0,-0.52,6692008.0,0.9922069149,34496428.0,-979080.0,19614687.0,19993255.0,35475508.0,399741.0,-137622477.0,212443153.56,202765700.56,-0.17310157651003757,0.9810652142435036,0.2276013041118344,-8.019193528618704,-0.2053039934098243,-0.17310157651003757,2.994791028312293,31.498403168534566,-18.113319415171173,-216.982425910038,0.0,0.13148763824576412,0.0,0.1955149965092038,0.9143454129905311,-0.08499836562788472,-47.898001038931994,0.9922069149266617,0.5555555555555555,0.5206473276946224,1.340225191172323,-1.0253917152520196,2.4844644204429307,0.5534228232077454,0.7543887758172226,0.617460974766829,3.26388256601251,-1.0339960572768419,Specialty Business Services,Industrials,OMEX
2011Q1,2011,Q1,2011-05-09,2011-03-31,-6565808.0,2094103.0,-3782262.0,-1.17,1920527.0,0.9171120045,25681735.0,-12581351.0,10256687.0,24231428.0,38263086.0,411010.0,-135691924.0,206815150.08,208608950.08,-2.2484171627664926,0.4232803365942775,0.3081414086704033,-0.6289949306715948,1.0282608566421894,-2.2484171627664926,0.5218682794876321,98.76073434783295,-7.874702933744026,-16.43823068603682,0.0,0.42231575874066324,0.0,0.08154055791012563,0.3603913479634795,-0.25566060859984735,-1237.3619442150987,0.9171120045193575,0.7664670658682635,-0.15644339119277031,0.6568928663106891,-1.2864951287878035,-0.505918729983301,0.7657648002909938,-0.34090527171126944,0.305180419273334,4.316914946584287,-1.3597966333401093,Specialty Business Services,Industrials,OMEX
2010Q4,2010,Q4,2011-02-28,2010-12-31,-28030834.0,3907794.0,-2820678.0,-5.01,3887067.0,0.9946959845,19406693.0,-7548320.0,3771836.0,19271607.0,26955013.0,409613.0,-130277889.0,186670817.28,194385975.28,-1.3489626223808218,0.19571984837590348,0.40969989065112744,-1.0533363715369777,-12.731198884151704,-1.3489626223808218,3.7135195646183523,47.768847917776625,-1.6648703467046326,-24.730114420162366,0.0,0.05060142134160781,0.0,0.20136321010488495,0.12097242331685157,-1.4443900359530601,-39.24389706778924,0.994695984486388,-6.707692307692307,-0.792263288687207,0.4270359249713392,-1.2076357947715184,-0.6033114098714464,-6.713096216567832,-3.7665612945179348,-1.4420379884622685,1.931703994091972,-1.1783479917613604,Specialty Business Services,Industrials,OMEX
2010Q3,2010,Q3,2010-11-04,2010-09-30,-3634187.0,9829768.0,1019561.0,-0.65,9798787.0,0.9968482471,27117970.0,7755798.0,11344104.0,13844092.0,19362172.0,614987.0,-114852133.0,122190293.16000001,131031899.16000001,1.3938695102153562,0.8194184205074627,0.359439589320292,1.2567722882932226,0.16192976126317554,1.3938695102153562,-0.46857679893158644,12.430638562375023,-8.405614045177092,15.754702889373862,0.0,0.05037667462889459,0.0,0.36248170493587833,0.6910619345783025,-0.13401397670990858,-28.52387562415525,0.9968482470796869,0.07142857142857134,0.2547010145353344,5.376680244682105,-0.8439258988145137,1.311051021587417,0.059510463378176386,1.3269554905353733,0.514019542212276,4.287600225976265,-0.7790826422864041,Specialty Business Services,Industrials,OMEX
2010Q2,2010,Q2,2010-08-09,2010-06-30,-3864144.0,4334708.0,-3118348.0,-0.7,4239970.0,0.9781443179,24777098.0,8443126.0,6844684.0,10778651.0,16333972.0,625914.0,-113544820.0,66145380.0,70743967.0,1.531739813120735,0.6350223232944456,0.3238868006253194,0.9504743859087262,-0.20958196556266515,1.531739813120735,-0.4576674563425916,15.259477685694169,-4.279432909332572,7.834228696812057,0.0,0.15135945193748662,0.0,0.1749481718964828,0.46346931540876496,-0.15595627865700817,134.5047074852065,0.978144317910226,-0.12903225806451607,-1.2535091736074848,-0.2859420496929146,-0.82014182303158,0.4702820603513444,-0.19102107141051833,-0.04184418583517312,0.5563443951447943,0.7794180512047265,-0.736621290937618,Specialty Business Services,Industrials,OMEX
2010Q1,2010,Q1,2010-05-07,2010-03-31,-3244396.0,2928425.0,-2993104.0,-0.62,2883780.0,0.9847546036,21770259.0,11465598.0,5704175.0,6504154.0,10304661.0,627483.0,-110053574.0,82234542.60000001,87323700.60000001,2.1917699650462943,0.8770049110153296,0.36812226257850217,0.6989706947688206,-0.15984258817873095,2.1917699650462943,-0.2829678835765915,28.081491791662756,-6.336660398422388,7.172285527540736,0.0,0.07114933791034976,0.0,0.13451493617967522,0.6531044621637188,-0.14902881954688735,-15.692932177760206,0.9847546035838377,0.20512820512820515,-169.49794339651257,-0.45297998791152005,-0.7525929892442993,0.6126908995128564,0.20422640576458279,0.2198831403134642,0.3735931550518598,0.017023840230781465,-0.5852351895390188,Specialty Business Services,Industrials,OMEX
2009Q4,2009,Q4,2010-03-09,2009-12-31,-4077034.0,2468709.0,-3836738.0,-0.78,1788179.0,0.7243377004,20255971.0,7561867.0,3903728.0,8856273.0,12694104.0,637882.0,-106934823.0,88511988.60000001,94417664.60000001,1.4455306186624306,0.4407867733977939,0.3974692203103964,1.0647006883353014,-0.2532018073356788,1.4455306186624306,-0.5391570626671958,35.8535528488777,-5.427474274190502,11.705044349497287,0.0,1.0668587607112288,0.0,0.1218756187990198,0.2700588611033106,-0.20127566335872024,-61.23663862616049,0.7243377003932014,0.14285714285714285,0.721157626783454,-0.0356786269908063,-0.7775002109822687,1.1152169181488263,0.08608935133732011,0.1142074027489381,0.34357909575915124,0.11397005190972673,-0.6749804432985983,Specialty Business Services,Industrials,OMEX
2009Q3,2009,Q3,2009-11-09,2009-09-30,-4461086.0,845388.0,-4331418.0,-0.91,845388.0,1.0,21800886.0,11093300.0,5457671.0,6832633.0,10707586.0,306269.0,-102977936.0,109044270.72,113004538.72,2.2706599288997475,0.7987654246905987,0.37099152759204373,0.7290836811408689,-0.22914550571118456,2.2706599288997475,-0.4021423742258841,128.9872469445982,-6.110859032979862,9.829741440328846,0.0,0.0,0.0,0.0387776900443404,0.6301370203843818,-0.2046286559179292,-30.11550565223587,1.0,0.18750000000000006,-2.2155679147652747,-0.9096748043458137,-0.6362655557814411,1.8081222118511482,0.11574743966148111,0.12797920075762456,0.4250191450344044,0.1335798438816223,-0.5661471809612736,Specialty Business Services,Industrials,OMEX
2009Q2,2009,Q2,2009-08-07,2009-06-30,-5045036.0,426665.0,-4967104.0,-1.12,301051.0,0.7055910375,26284478.0,15075460.0,9749145.0,7297145.0,11209018.0,528257.0,-98581685.0,86714035.2,87053435.2,3.337969814602746,1.3360218277148117,0.3118679777471708,0.5437503731229428,-0.21509135549735364,3.337969814602746,-0.3346522096174843,203.23681389380428,-4.296997841046129,5.7519992889105875,0.0,0.2377895607630377,0.0,0.016232584112950615,1.1416660899570996,-0.19193974481821552,-22.344561062284853,0.7055910374649901,0.07438016528925609,-8.585976939353971,-0.9128742896202459,-0.39534733613806533,-0.26854981158022356,0.051429454588049754,0.048340858122988876,-0.03291291610006367,-0.8145958484249567,-0.5103639102483032,Specialty Business Services,Industrials,OMEX
2009Q1,2009,Q1,2009-05-08,2009-03-31,-5318567.0,606702.0,-5219415.0,-1.21,411581.0,0.6783907091,25652440.0,14580143.0,8853400.0,7098582.0,11072297.0,612914.0,-93575616.0,178274404.8,179833036.8,3.327007137706624,1.247206836520308,0.3219515570448659,0.5664445815106203,-0.23068119306246018,3.327007137706624,-0.364781538836759,293.8417951481947,-8.379813810750152,12.227205508203863,0.0,0.3183497195365092,0.0,0.023650849587797496,1.010224436373349,-0.20733181716826937,-37.13990521402053,0.6783907091125462,0.11029411764705892,-332.63654148438883,-0.8647185579103505,-0.6244474083367186,0.1555908076312945,0.11028943123812493,0.13444503831339155,-0.19611564363270248,-0.3870653803439621,-0.5760700664540372,Specialty Business Services,Industrials,OMEX
2008Q4,2008,Q4,2009-03-11,2008-12-31,-5977862.0,483778.0,-6030137.0,-1.36,356165.0,0.7362157849,30462461.0,18124676.0,13156455.0,8327052.0,12337785.0,792812.0,-88306625.0,169334390.4,166889596.4,4.135825445650289,1.5799655148064404,0.27232087387818077,0.4576944713384118,-0.22469073259398623,4.135825445650289,-0.3298189716605141,350.02499162839155,-7.08172881876497,9.34275406633476,0.0,0.16096249804493373,0.0,0.01588112004476592,1.3461131262300272,-0.19623700133748223,-36.715477797284564,0.7362157849261438,0.14465408805031443,-2.8157214490718645,-0.9437406561799981,-0.40779798268500744,-0.8254948554630084,0.07962093918398769,0.07936839694656489,0.5119615819332017,-0.7744246211340445,-0.36340311495937305,Specialty Business Services,Industrials,OMEX
2008Q3,2008,Q3,2008-11-10,2008-09-30,-6495000.0,2219000.0,-6550000.0,-1.59,2041000.0,0.9197836863,31042000.0,23945000.0,13588000.0,3050000.0,7097000.0,1246000.0,-82235000.0,222847879.44,215618879.44,5.85387486422653,4.455081967213115,0.10179756458991045,0.13196909584464397,-0.2396602750218163,5.85387486422653,-0.27124660680726664,100.42716513744931,-8.577670494226327,9.306656063478805,0.0,0.14285714285714285,0.0,0.07148379614715547,3.638688524590164,-0.2092326525352748,-39.69545793782227,0.9197836863452006,-0.1691176470588235,-0.5096362361174933,117.84975329017145,1.6922408818660661,1.3012118287474461,-0.19615308328485184,-0.1911141791141129,-0.8119048146881783,0.958130529179174,-0.3445309972055373,Specialty Business Services,Industrials,OMEX
2008Q2,2008,Q2,2008-08-11,2008-06-30,-5429907.0,1120553.0,-5499053.0,-1.36,886924.0,0.7915056227,26836883.0,20402015.0,8834544.0,4812451.0,6434868.0,1398814.0,-75686094.0,190404419.04000002,187508365.04000002,5.0918132976542285,1.8357680940543601,0.12213381859584811,0.16065525880654435,-0.231809226803448,5.0918132976542285,-0.26614562336122194,169.92004754795178,-8.766467779282408,9.332628127172734,0.0,0.1670193463891554,0.0,0.04175421564419385,1.3789050527475502,-0.2023300172378439,-38.938050475957546,0.7915056226702352,0.19526627218934903,-1.344481250969037,10.294637930096844,46.53672245661305,3.719965515222794,0.1946893375635361,0.20138474687161212,-3.3562831216428832,-0.7460643402334434,-0.40211500064504574,Specialty Business Services,Industrials,OMEX
2008Q1,2008,Q1,2008-05-06,2008-03-31,-6742624.0,281029.0,-6885735.0,-1.69,187909.0,0.6686462963,28190414.0,24950715.0,10859866.0,2352199.0,3239699.0,1630376.0,-69028574.0,258245766.24000004,250204150.24000004,6.249133411543359,4.616899335472891,0.0,0.0,-0.2744091573217526,6.249133411543359,-0.27023770661482044,918.929243031858,-9.575121133849375,10.350235103082218,0.0,0.05711565920990005,0.0,0.009968956113947103,3.5166518649144907,-0.23918144657258314,-33.56836551681378,0.6686462962897067,0.17560975609756094,-1.4941170311236889,85.91250176776734,0.008335028172355496,1.4106350224502886,0.17674850883417767,0.17088714516162243,-463.25091667341707,-0.9312205359383777,-0.29459777174615126,Specialty Business Services,Industrials,OMEX
2007Q4,2007,Q4,2008-03-13,2007-12-31,-8190236.0,951096.0,-8304943.0,-2.05,77950.0,0.0819580778,38557700.0,30199162.0,21332405.0,4869752.0,8358538.0,2024676.0,-62247514.0,296575379.04,281304340.04,7.563654679026656,4.380593714012541,0.0791102685066796,0.10100644514572954,-0.24666842430286892,7.563654679026656,-0.2712073931058087,311.82486209593986,-9.052711638590146,9.820649296162589,0.0,0.43125221023018007,0.0,0.02466682400661865,3.8824153673534094,-0.2124150558772956,-81.1292340720737,0.08195807783861987,-0.5298507462686565,-0.42702794641570796,438.09223128184163,0.938731182243994,-0.9141352444254001,-0.5492278012362065,-0.5325218877182428,0.26607886644065654,-0.5132401061474383,0.16421717296007754,Specialty Business Services,Industrials,OMEX
2007Q3,2007,Q3,2007-11-07,2007-09-30,-5286657.0,1314248.0,-5419135.0,-1.34,907823.0,0.690754713,34524966.0,24819288.0,15476452.0,6105254.0,9705678.0,2527453.0,-53954073.0,288416097.84,282695061.84,6.309461260270964,2.534939905858135,0.178445418309753,0.24822718524399248,-0.17088331166810414,6.309461260270964,-0.21300598953523567,219.4533283215953,-13.638869414073959,11.620643502746734,0.0,0.16080417716966447,0.0,0.03806659795117539,2.047202786321421,-0.1531256250911297,-67.92892587139774,0.6907547129613285,0.15189873417721517,-1.2278705989583993,0.0,68.11765972689365,-0.2474998114238206,0.14646659936333611,0.137273153784274,-2.789086705137592,-0.8256018882119786,0.010705458626390718,Specialty Business Services,Industrials,OMEX
2007Q2,2007,Q2,2007-08-09,2007-06-30,-6193849.0,1732348.0,-6281403.0,-1.58,1206409.0,0.6964010695,32361724.0,22796905.0,12480246.0,5853052.0,9564819.0,2621304.0,-48542438.0,282700964.039607,279959953.039607,5.815731342042298,2.132262962980681,0.19378012741224787,0.27508378878624096,-0.21186009249276844,5.815731342042298,-0.27169692552563607,163.18947696398587,-11.410552793570162,12.400848450243881,0.0,0.20064021570943316,0.0,0.05353076986874988,1.6058972310514241,-0.1913942841858487,-88.09619811499303,0.6964010695310642,-0.595959595959596,-2.0390086949261677,0.0,14.31796694308808,-0.2746314711631484,-0.6021751726635454,-0.6730697008164781,-11.730611617952794,-0.5924216873561594,0.053483896974580815,Specialty Business Services,Industrials,OMEX
2007Q1,2007,Q1,2007-05-10,2007-03-31,-3865900.0,2149197.0,-3754418.0,-0.99,1663167.0,0.7738550724,29592038.0,20633270.0,9204483.0,5134848.0,8958768.0,2914258.0,-42224819.0,170552316.48,172692583.48,5.28436817629321,1.7925521846021537,0.21566777523062117,0.3093086553900569,-0.14100679443985736,5.28436817629321,-0.18736244909313937,79.35629748226896,-11.029276266846011,8.265888852324426,0.0,0.16677658601263168,0.0,0.07262754258425864,1.13573663718965,-0.13063987008938013,-36.46992132611429,0.7738550723828481,0.16806722689075626,-0.9385527046490938,0.0,14.792822182043182,0.3375681383532273,0.16609719942915224,0.31376595992795525,-271.1840362562258,-0.4621364903655051,-0.40350047902876435,Specialty Business Services,Industrials,OMEX
