Quarters,Year,Quarter,FillingDate,Date,NetIncome,Revenue,OperatingIncome,EPSDiluted,GrossProfit,GrossProfitRatio,TotalAssets,CommonStockEquity,CurrentAssets,CurrentLiability,TotalLiability,Inventory,RetainedEarnings,MarketCap,EnterpriseValue,bookValuePerShare,currentRatio,debtToAssets,debtToEquity,roic,shareholdersEquityPerShare,roe,priceToSalesRatio,peRatio,pbRatio,payoutRatio,inventoryTurnover,dividendYield,assetTurnover,quickRatio,returnOnAssets,priceToFreeCashFlowsRatio,grossProfitMargin,epsdilutedGrowth,fiveYNetIncomeGrowthPerShare,fiveYRevenueGrowthPerShare,fiveYShareholdersEquityGrowthPerShare,grossProfitGrowth,netIncomeGrowth,operatingIncomeGrowth,threeYNetIncomeGrowthPerShare,threeYRevenueGrowthPerShare,threeYShareholdersEquityGrowthPerShare,Industry,Sector,Symbol
2023Q1,2023,Q1,2023-05-11,2023-03-31,5304000.0,2818000.0,-2047000.0,0.23,1321000.0,0.4687721789,8042566000.0,377169000.0,39936000.0,15566000.0,7569590000.0,0.0,-2697000.0,268239060.0,7433034060.0,22.03347353662811,2.5655916741616345,0.8956873962862102,19.099196911729226,-0.00015272018249304765,22.03347353662811,0.014062661565505119,95.18774308019873,12.643243778280544,0.71119063337655,2.384049773755656,0.0,0.04714078553660306,0.00035038568536459633,4.33110625722729,0.000659491013191561,17.942412040133778,0.4687721788502484,-0.9076305220883534,1.2547367853070566,-0.7178139513321556,0.38486422558404587,3.1410658307210033,-0.8550185873605948,-1.5591368478557772,1.2547367853070566,-0.7178139513321556,0.38486422558404587,REIT—Mortgage,Real Estate,NREF
2022Q4,2022,Q4,2023-03-31,2022-12-31,36584000.0,319000.0,3661000.0,2.49,319000.0,1.0,8154136000.0,383984000.0,258344000.0,14217000.0,7609122000.0,0.0,4435000.0,233360540.0,7477197540.0,26.14626174588043,18.171484842090454,0.8908221545483176,18.91715540230843,-0.004089816417641308,26.14626174588043,0.09527480311679654,731.5377429467085,1.594689891755959,0.6077350618775783,0.228870544500328,0.0,0.035880102094381514,3.9121250859686424e-05,21.40887669691215,0.004486557496710872,73.03929264475744,1.0,3.9294117647058826,-0.7638965533182546,-0.9935312966542971,0.07261591700971552,-0.944473455178416,2.888109000825764,-0.831228102526277,-0.7638965533182546,-0.9935312966542971,0.07261591700971552,REIT—Mortgage,Real Estate,NREF
2022Q3,2022,Q3,2022-11-02,2022-09-30,-19376000.0,5745000.0,21692000.0,-0.85,5745000.0,1.0,8275922000.0,351814000.0,307541000.0,22360000.0,7780851000.0,0.0,15191000.0,224130760.0,7609484760.0,23.51383504879027,13.75406976744186,0.8950608766008186,21.055029077865008,0.0062305062116451764,23.51383504879027,-0.055074556441756156,39.01318711923412,-2.8918605491329483,0.637071748139642,-0.4316680429397192,0.0,0.03731750162271345,0.0006941824729619249,14.823345259391772,-0.0023412497121166683,19.963548588224814,1.0,-28.209621993127147,0.2147239984239725,-0.5791406353219258,4.984500719406147,-0.17658019205962447,-28.62691131498471,-0.2475371166921049,-2.8236265634539692,-0.5251338652183086,-0.0012813450798400132,REIT—Mortgage,Real Estate,NREF
2022Q2,2022,Q2,2022-08-03,2022-06-30,-654000.0,6977000.0,28828000.0,-0.0291,6977000.0,1.0,7861209000.0,366206000.0,312620000.0,14717000.0,7346668000.0,0.0,31026000.0,298941960.0,7265855960.0,24.83089232438297,21.242100971665423,0.8929410221761055,19.168435252289694,-0.0003019838599205972,24.83089232438297,-0.0017858800784258042,42.846776551526446,-114.27444954128441,0.8163218516354183,-12.776758409785932,0.0,0.027951914144136877,0.000887522517210775,22.5741659305565,-8.319331034195885e-05,23.231423686664595,1.0,-1.0646666666666667,0.844587315345001,-0.48016817357968955,3.3477755902471587,-0.6161421654929577,-1.065934065934066,-0.08881724508502434,-1.0442860936600158,-0.5228390557897528,0.5143630288796547,REIT—Mortgage,Real Estate,NREF
2022Q1,2022,Q1,2022-05-03,2022-03-31,9919000.0,18176000.0,31638000.0,0.45,18176000.0,1.0,8021455000.0,359292000.0,348583000.0,14188000.0,7512806000.0,0.0,33766000.0,313123000.0,7479507000.0,25.93229880909419,24.568861009303635,0.8977955994267873,20.0439391915211,0.002215145560797988,25.93229880909419,0.027607071685425782,17.22727772887324,7.89200020163323,0.8715000612315332,0.8136908962597036,0.0,0.02577581333852831,0.002265923077546405,25.289963349309275,0.0012365587041253737,8.130741865960374,1.0,1.2393617021276597,2.9144614430775073,0.48489019856393445,3.651778712935098,0.23966716682580821,1.2401578616047648,-0.6209746981023577,1.5885759748986648,1.2487405718920364,0.6299160841875227,REIT—Mortgage,Real Estate,NREF
2021Q4,2021,Q4,2022-02-28,2021-12-31,-41302000.0,14662000.0,83472000.0,-1.88,14662000.0,1.0,8245224000.0,238013000.0,35171000.0,7888000.0,8007211000.0,0.0,28367000.0,176387750.0,7862927750.0,25.975444723343884,4.45879817444219,0.9354505105015947,32.40578875943751,-0.020689994700609976,25.975444723343884,-0.17352833668749185,12.030265311690084,-1.067670754442884,0.7410845205934129,-0.1267493099607767,0.0,0.02967893178522885,0.0017782415614178584,4.45879817444219,-0.005009202903402018,14.611311298873426,1.0,-2.606837606837607,-29.049838117065008,7.048948498367702,20.657032452346076,1.1029833620195066,-3.927766357127667,1.530911737060732,-1.4272165399543086,-0.5234750940607606,0.0656083738645554,REIT—Mortgage,Real Estate,NREF
2021Q3,2021,Q3,2021-11-09,2021-09-30,14107000.0,6972000.0,32981000.0,1.17,6972000.0,1.0,8289243000.0,230339000.0,29767000.0,11218000.0,8058904000.0,0.0,20636000.0,133691240.0,7677633240.0,33.56243625236777,2.6535032982706364,0.9127686327931271,32.84793717086555,0.0023689363649710823,33.56243625236777,0.06124451352137502,19.175450372920253,2.3692358403629403,0.5804107858417377,0.37045438434819594,0.0,0.039090070523693246,0.0008410900730018411,2.6535032982706364,0.001701844185289296,9.293794925269378,1.0,1.0172413793103448,14.758467743429886,4.162003390396719,43.068324911197166,0.056844020009095046,1.1973520249221183,0.6620974651010432,1.894556970141538,0.2563602745410015,0.4255195343616585,REIT—Mortgage,Real Estate,NREF
2021Q2,2021,Q2,2021-08-03,2021-06-30,6420000.0,6597000.0,19843000.0,0.58,6597000.0,1.0,8529165000.0,145059000.0,37164000.0,75382000.0,8384106000.0,0.0,11964000.0,110842340.0,7926443340.0,27.338673200150772,0.4930089411265289,0.9198542881981999,54.085503140101615,0.0013010155419751626,27.338673200150772,0.04425785370090791,16.801931180839777,4.316290498442368,0.7641190136427247,0.6154205607476636,0.0,0.035645223657313624,0.0007734637564169529,0.4930089411265289,0.0007527114318928055,8.05247657101344,1.0,-0.5396825396825398,55.997772675872945,5.369413222272342,33.82633528681627,0.011965025310630465,-0.3052699924250622,-0.37140051319415845,0.20834385332990976,0.2540317541543762,0.6673052024102056,REIT—Mortgage,Real Estate,NREF
2021Q1,2021,Q1,2021-04-30,2021-03-31,9241000.0,6519000.0,31567000.0,1.26,6519000.0,1.0,5960203000.0,134367000.0,23947000.0,6598000.0,5540249000.0,0.0,9218000.0,93327339.99999999,5449893340.0,26.75034839737209,3.62943316156411,0.9012248408317636,39.97620695557689,0.002113360428011082,26.75034839737209,0.06877432702970224,14.316204939407882,2.5248171193593762,0.6945703930280499,0.3527756736283952,0.0,0.03493081448587306,0.0010937546925834573,3.62943316156411,0.0015504505467347338,10.282871308946671,1.0,-0.874,55.40273261493743,0.0,78.29670929574202,-0.6309860749462244,-0.8335187488767335,3748.940603468757,2.512505500042164,1.2246688534350127,0.6813327438293412,REIT—Mortgage,Real Estate,NREF
2020Q4,2020,Q4,2021-02-25,2020-12-31,55507752.0,17666000.0,8418.0,10.0,17666000.0,1.0,134015397.0,128243000.0,30986.0,1779.0,5772397.0,0.0,3485.0,86911720.0,5663512720.0,24.376164227333206,17.417650365373806,41.837297247270776,43.72045257830837,2.3843923670410937e-06,24.376164227333206,0.4328326068479371,4.919716970451715,0.391439559649254,0.6777112201055808,2.1491772896873935,0.0,1.3726111967407848,0.13182067430655,16999.294547498594,0.4141893636296134,7.323198517020559,1.0,18.23076923076923,45.443128506613576,17.289306894693926,49.40563322442764,3.152797367183827,13.857535331905781,-0.9995228702601598,0.0,0.0,0.0,REIT—Mortgage,Real Estate,NREF
2020Q3,2020,Q3,2020-10-30,2020-09-30,3736000.0,4254000.0,17643000.0,0.52,4254000.0,1.0,6165651000.0,123865000.0,24802000.0,4829480000.0,6041786000.0,0.0,-3709000.0,77231480.0,10498092480.0,23.54400304124691,0.005135542542882464,1.6930612842017818,84.27582448633594,0.0005407061715748813,23.54400304124691,0.03016186977758043,18.155025858015986,5.168059421841542,0.6235133411375288,0.5634368308351178,0.0,0.02725572525607434,0.0006899514747104563,0.005135542542882464,0.0006059376374043876,8.463723835616438,1.0,-0.48,4.014139022805802,5.899245072732381,0.0,-0.18474511307014183,-0.29108159392789373,-0.279554085507779,1.4306122850550642,-0.11373051508178318,4.992178768188287,REIT—Mortgage,Real Estate,NREF
2020Q2,2020,Q2,2020-08-10,2020-06-30,5270000.0,5218000.0,24489000.0,1.0,5218000.0,1.0,3859258000.0,86297000.0,7186000.0,313524000.0,3772961000.0,0.0,-4351000.0,88155250.0,5430925250.0,16.39692190765723,0.022920095431290748,1.384653733956113,61.922616081671435,0.0012331896641851645,16.39692190765723,0.061068171547098975,16.89445189727865,4.181937855787476,1.0215331935061474,6.682163187855788,0.0,0.399465715314743,0.001352073377835843,0.022920095431290748,0.0013655474705241268,13.033005617977528,1.0,1.8196721311475408,0.0,0.0,0.0,0.7125041023957992,1.8295293562096646,2.2534677790858373,4.509288623379199,0.08942660275913442,1.8710259741772082,REIT—Mortgage,Real Estate,NREF
2020Q1,2020,Q1,2020-05-08,2020-03-31,-6353000.0,3047000.0,-19537000.0,-1.22,3047000.0,1.0,2715325000.0,83099000.0,5445000.0,790913000.0,2398831000.0,0.0,-7510000.0,50401950.0,2446467950.0,15.910204863105495,0.0068844487320350025,0.8824958338320459,28.836243516769155,-0.0021891151552328723,15.910204863105495,-0.07645098015619924,16.54149983590417,-1.9833917047064382,0.6065289594339283,-0.18211868408625845,0.0,0.02295546104863006,0.0011221492823142718,0.0068844487320350025,-0.0023396830950254575,9.796297376093294,1.0,0.0,0.0,0.0,0.0,0.0,0.0,0.0,-2.252700627828244,-0.3396791888205301,1.853998900964222,REIT—Mortgage,Real Estate,NREF
2017Q3,2017,Q3,2017-09-30,2017-09-30,-1869000.0,1034000.0,-1615000.0,-1.65,518000.0,0.500967118,46268000.0,4453000.0,2210000.0,3429000.0,41211000.0,0.0,-6589000.0,21306641.6,57971641.6,3.929122269555611,0.6445027704870224,0.8165902999913547,8.484617112059286,-0.03815676542489014,3.929122269555611,-0.41971704468897375,20.606036363636367,-2.8500055644729803,4.784783651470919,-0.06688068485821295,0.0,0.005866715287499838,0.022348059133742545,0.33887430737824437,-0.040395089478689375,-116.42973551912569,0.5009671179883946,-4.689655172413793,-5.999658689301843,6.784590567697396,0.0,-0.1022530329289428,-4.804347826086956,-44.648648648648646,-5.999658689301843,6.784590567697396,0.0,REIT—Mortgage,Real Estate,NREF
2017Q2,2017,Q2,2017-06-30,2017-06-30,-322000.0,1027000.0,37000.0,-0.29,577000.0,0.5618305745,46841000.0,6445000.0,2540000.0,2048000.0,39788000.0,0.0,-4543000.0,21215612.0,57327612.0,5.711171565543337,1.240234375,0.8057044042612241,5.855702094647013,0.0008399969400816518,5.711171565543337,-0.04996121024049651,20.657850048685493,-16.47174844720497,3.2917939487975176,-0.13043478260869565,0.0,0.0019796742134990026,0.02192523643816315,0.83251953125,-0.00687431950641532,517.4539512195122,0.5618305744888024,0.21621621621621626,0.0,0.0,0.0,0.08662900188323917,0.23696682464454977,1.3245614035087718,0.0,0.0,0.0,REIT—Mortgage,Real Estate,NREF
2017Q1,2017,Q1,2017-03-31,2017-03-31,-422000.0,997000.0,-114000.0,-0.37,531000.0,0.5325977934,46183000.0,6291000.0,1674000.0,1498000.0,39246000.0,0.0,-4049000.0,21215612.0,57846612.0,5.574706023092806,1.1174899866488652,0.8173570361388389,6.000317914481005,-0.002582494980673964,5.574706023092806,-0.06707995549197265,21.27945035105316,-12.568490521327014,3.3723751390875853,-0.0071090047393364926,0.0,0.00014140530096421445,0.021588030227572916,0.8584779706275033,-0.009137561440356842,216.4858367346939,0.5325977933801405,-1.4666666666666668,0.0,0.0,0.0,-0.034545454545454546,0.43733333333333335,-1.7916666666666667,0.0,0.0,0.0,REIT—Mortgage,Real Estate,NREF
2016Q4,2016,Q4,2016-12-31,2016-12-31,-750000.0,994000.0,144000.0,-0.15,550000.0,0.5533199195,45826000.0,5997000.0,934000.0,1493000.0,39182000.0,0.0,-3471000.0,94000000.0,131233000.0,1.1994,0.6255860683188211,0.8224370444725702,6.284642321160581,0.00818605260357403,1.1994,-0.12506253126563283,94.56740442655935,-31.333333333333336,15.67450391862598,-0.0013333333333333333,0.0,1.0638297872340426e-05,0.021690743246192117,0.41527126590756863,-0.01636625496443067,327.52613240418117,0.5533199195171026,0.0,0.36815501263689976,0.08278867102396509,1.4801488833746899,-0.13385826771653545,-0.004016064257028112,0.7777777777777778,0.36815501263689976,0.08278867102396509,1.4801488833746899,REIT—Mortgage,Real Estate,NREF
2016Q3,2016,Q3,2016-09-30,2016-09-30,-747000.0,984000.0,81000.0,-0.15,635000.0,0.6453252033,51967000.0,3808000.0,940000.0,1483000.0,47504000.0,0.0,-3032000.0,94000000.0,139508000.0,0.7616,0.6338503034389751,0.8855812342448092,12.085346638655462,0.003657508679684521,0.7616,-0.19616596638655462,95.52845528455285,-31.45917001338688,24.68487394957983,0.0,0.0,0.0,0.018935093424673352,0.38975050573162506,-0.014374506898608733,671.4285714285714,0.6453252032520326,-5.818181818181818,0.36587436332767403,0.6791808873720137,0.0,0.24509803921568626,-5.790909090909091,1.3201581027667983,0.36587436332767403,0.6791808873720137,0.0,REIT—Mortgage,Real Estate,NREF
2016Q2,2016,Q2,2016-06-30,2016-06-30,-110000.0,976000.0,-253000.0,-0.022,510000.0,0.5225409836,46785000.0,3925000.0,1070000.0,1459000.0,42198000.0,0.0,-2629000.0,94000000.0,133954000.0,0.785,0.7333790267306374,0.8707705461152079,10.379363057324841,-0.0013694437391374523,0.785,-0.02802547770700637,96.31147540983606,-213.63636363636365,23.94904458598726,0.0,0.0,0.0,0.020861387196751097,0.6196024674434544,-0.002351180934060062,276.47058823529414,0.5225409836065574,0.3491124260355029,0.0,0.0,0.0,0.0,0.3494396309548452,-0.49628884880385604,0.0,0.0,0.0,REIT—Mortgage,Real Estate,NREF
2016Q1,2016,Q1,2016-03-31,2016-03-31,-169085.0,0.0,-169085.0,-0.0338,0.0,0.0,2192750.0,1686725.0,2192750.0,506025.0,506025.0,0.0,-506355.0,94000000.0,91807250.0,0.337345,4.333283928659651,0.0,0.0,-0.10024455675940061,0.337345,-0.10024455675940061,0.0,-138.98335156873762,55.72929789977619,0.0,0.0,0.0,0.0,4.333283928659651,-0.07711093375897846,0.0,0.0,0.8591666666666666,0.0,0.0,0.0,-1.0,0.857552653748947,0.7324604430379746,0.0,0.0,0.0,REIT—Mortgage,Real Estate,NREF
2015Q4,2015,Q4,2015-12-31,2015-12-31,-1187000.0,918000.0,-632000.0,-0.24,532000.0,0.5795206972,41061000.0,2418000.0,1026000.0,1265000.0,37962000.0,0.0,-1764000.0,94000000.0,130096000.0,0.4836,0.8110671936758893,0.893719100849955,15.176592224979322,-0.020801446760109726,0.4836,-0.49090157154673286,102.39651416122004,-19.79780960404381,38.87510339123243,0.0,0.0,0.0,0.022356981076934318,0.49486166007905136,-0.028908209736733154,216.09195402298852,0.579520697167756,0.0,0.0,0.0,0.0,0.43010752688172044,-0.007640067911714771,-0.09532062391681109,0.0,0.0,0.0,REIT—Mortgage,Real Estate,NREF
2015Q3,2015,Q3,2015-09-30,2015-09-30,-1178000.0,586000.0,-577000.0,-0.24,372000.0,0.6348122867,,,,,,,,94000000.0,,,0.0,0.0,0.0,0.0,,0.0,160.40955631399316,-19.949066213921903,0.0,0.0,0.0,0.0,0.0,0.0,0.0,2611.1111111111113,0.6348122866894198,0.0,0.0,0.0,0.0,0.0,0.0,0.0,0.0,0.0,0.0,REIT—Mortgage,Real Estate,NREF
2015Q2,,,,,,,,,,,,,,,,,,0.0,,0.0,0.0,0.0,0.0,0.0,0.0,0.0,0.0,0.0,0.0,0.0,0.0,,0.0,0.0,0.0,0.0,0.0,0.0,0.0,0.0,0.0,0.0,0.0,0.0,0.0,0.0,0.0,REIT—Mortgage,Real Estate,NREF
2015Q1,,,,,,,,,,,,,,,,,,0.0,,0.0,0.0,0.0,0.0,0.0,0.0,0.0,0.0,0.0,0.0,0.0,0.0,,0.0,0.0,0.0,0.0,0.0,0.0,0.0,0.0,0.0,0.0,0.0,0.0,0.0,0.0,0.0,REIT—Mortgage,Real Estate,NREF
