Quarters,Year,Quarter,FillingDate,Date,NetIncome,Revenue,OperatingIncome,EPSDiluted,GrossProfit,GrossProfitRatio,TotalAssets,CommonStockEquity,CurrentAssets,CurrentLiability,TotalLiability,Inventory,RetainedEarnings,MarketCap,EnterpriseValue,bookValuePerShare,currentRatio,debtToAssets,debtToEquity,roic,shareholdersEquityPerShare,roe,priceToSalesRatio,peRatio,pbRatio,payoutRatio,inventoryTurnover,dividendYield,assetTurnover,quickRatio,returnOnAssets,priceToFreeCashFlowsRatio,grossProfitMargin,epsdilutedGrowth,fiveYNetIncomeGrowthPerShare,fiveYRevenueGrowthPerShare,fiveYShareholdersEquityGrowthPerShare,grossProfitGrowth,netIncomeGrowth,operatingIncomeGrowth,threeYNetIncomeGrowthPerShare,threeYRevenueGrowthPerShare,threeYShareholdersEquityGrowthPerShare,Industry,Sector,Symbol
2023Q1,2023,Q1,2023-05-02,2023-03-31,-51827000.0,11469000.0,-52531000.0,-0.91,10048000.0,0.8761007934,345678000.0,219763000.0,317838000.0,46029000.0,125915000.0,5487000.0,-762237000.0,1011688114.0,903808114.0,3.8752772378622606,6.905168480740403,0.005152193659995719,0.008104184962891843,-0.23363539865602312,3.8752772378622606,-0.23583132738450058,88.21066474845234,-4.880120950469832,4.603541606184844,0.0,0.2589757608893749,0.0,0.033178275736378944,6.576267135936041,-0.14992854621931392,-27.73267856359649,0.8761007934431947,-0.1973684210526316,-0.5149946422274158,0.0,-0.20892421930114755,0.29451172378253027,-0.20856749760977544,-0.24764867946038382,-0.17836524423582228,0.0,-0.3255445300125,Biotechnology,Healthcare,RYTM
2022Q4,2022,Q4,2023-03-01,2022-12-31,-42883000.0,8790000.0,-42104000.0,-0.76,7762000.0,0.8830489192,382481000.0,264262000.0,354236000.0,39809000.0,118219000.0,2917000.0,-710058000.0,1639442168.0,1513709168.0,4.69385842953382,8.898389811349192,0.005082605410464834,0.007356335757695015,-0.1584539617710977,4.69385842953382,-0.16227456085248732,186.512192036405,-9.557646200125925,6.203851359635513,0.0,0.3524168666438121,0.0,0.02298153372324377,8.528523700670702,-0.11211798756016639,-54.64989392979766,0.8830489192263936,0.0843373493975903,-0.8931930520390611,0.0,-0.15144205695724577,1.0496435172960126,-0.010081262513249322,-0.07224896223291823,0.024350099146613374,0.0,-0.29491605301961266,Biotechnology,Healthcare,RYTM
2022Q3,2022,Q3,2022-11-08,2022-09-30,-42455000.0,4284000.0,-39267000.0,-0.83,3787000.0,0.8839869281,389614000.0,281195000.0,361874000.0,33098000.0,108419000.0,0.0,-667565000.0,1259322589.0,1076339589.0,5.470621713750582,10.933409873708381,0.0054002166246592785,0.007482352104411529,-0.14295160729446554,5.470621713750582,-0.15098063621330393,293.9595212418301,-7.415631780708986,4.478467216700155,0.0,0.0,0.0,0.010995498108384195,10.60858662154813,-0.10896682357410155,-26.747431906036276,0.8839869281045751,0.0674157303370787,-1.1501611711433388,0.0,3.902760123543866,-0.5641114180478821,0.05458067964191868,0.1292575838211815,0.2075647779604433,0.0,0.2672429308940742,Biotechnology,Healthcare,RYTM
2022Q2,2022,Q2,2022-08-03,2022-06-30,-44906000.0,9066000.0,-45096000.0,-0.89,8688000.0,0.9583057578,277675000.0,195628000.0,249332000.0,44570000.0,82047000.0,0.0,-626704000.0,209151712.45000002,98202712.45000002,3.8816617396526603,5.594166479694862,0.00813180876924462,0.011542315006031856,-0.22484211092463996,3.8816617396526603,-0.22954791747602593,23.069899895212885,-1.1643862315169466,1.0691297383298917,0.0,0.0,0.0,0.03264968038174124,5.324276419115997,-0.1617214369316647,-4.878856806783457,0.9583057577763071,0.1523809523809524,-2.415559152399181,0.0,1.8297932699523467,5.851735015772871,0.15010314741563677,0.14414226338463873,0.2826838051458236,0.0,-0.26304189724344723,Biotechnology,Healthcare,RYTM
2022Q1,2022,Q1,2022-05-03,2022-03-31,-52837000.0,1498000.0,-52691000.0,-1.05,1268000.0,0.8464619493,284824000.0,235769000.0,253449000.0,47274000.0,49055000.0,0.0,-581703000.0,579762743.04,503631743.03999996,4.6847765100569925,5.361276811778144,0.008447321854899869,0.01020490395259767,-0.2193186452924719,4.6847765100569925,-0.22410495018429055,387.0245280640854,-2.7431664507825952,2.4590287231994026,0.0,0.0,0.0,0.005259388253798837,5.115412277361763,-0.18550754149931187,-10.7844778184118,0.8464619492656876,-0.2352941176470589,-1.76163218333169,0.0,0.0,-0.19797596457938013,-0.2326085942238604,-0.22920263145616573,-0.24711719733091989,0.0,-0.26873069146582407,Biotechnology,Healthcare,RYTM
2021Q4,2021,Q4,2022-03-01,2021-12-31,-42866000.0,1817000.0,-42866000.0,-0.85,1581000.0,0.8701155751,329523000.0,284151000.0,308387000.0,606000.0,45372000.0,0.0,-528939000.0,501702593.98,443060593.98,5.652406453599178,508.8894389438944,0.0018390218588687285,0.0021326688978747215,-0.15053536875300694,5.652406453599178,-0.1508564108519766,276.1159020253165,-2.925993759506369,1.7656196669376494,0.0,0.0,0.0,0.005514030887070098,488.25082508250824,-0.1300850016539058,-12.375495658115442,0.8701155751238305,-0.21428571428571433,-0.705147363849034,0.0,11.959005109524949,0.9615384615384616,-0.22101005497479134,0.031057866184448463,-0.15002631763718127,0.0,-0.21038285520708852,Biotechnology,Healthcare,RYTM
2021Q3,2021,Q3,2021-11-02,2021-09-30,-35107000.0,1028000.0,-44240000.0,-0.7,806000.0,0.7840466926070039,355823000.0,322263000.0,335636000.0,23467000.0,33560000.0,0.0,-486073000.0,656216717.1800001,566536717.1800001,6.4136658969715645,14.302467294498658,0.007565559280878415,0.008353425618206248,-0.10748413279361785,6.4136658969715645,-0.10893897220593118,638.3431100972763,-4.672976309425471,2.036276945165905,0.0,0.0,0.0,0.002889076872489974,13.992159202284059,-0.0986642235043828,-16.297042596235038,0.7840466926070039,0.0,-0.8289566526051988,0.0,0.0,4.883211678832117,0.007968577806663088,-0.09418282548476455,-0.35332846128580647,0.0,-0.18516424801025658,Biotechnology,Healthcare,RYTM
2021Q2,2021,Q2,2021-08-03,2021-06-30,-35389000.0,274000.0,-40432000.0,-0.7,137000.0,0.5,388390000.0,351689000.0,378454000.0,17459000.0,36701000.0,0.0,-450966000.0,983101696.7199999,916590696.7199999,7.004433664365083,21.676728334956184,0.0072813409202090685,0.008041195488059052,-0.09908461085233276,7.004433664365083,-0.10062583703215057,3587.962396788321,-6.944966633134589,2.7953723224780984,0.0,0.0,0.0,0.0007054764540796622,21.086774729365942,-0.09111717603439841,-30.637674417850906,0.5,-1.777777777777778,-1.7018006368030298,0.0,4.106343770444459,3.4193548387096775,-1.8088914285714286,-0.1754171754171754,-0.367432066102778,0.0,-0.3111610765462464,Biotechnology,Healthcare,RYTM
2021Q1,2021,Q1,2021-05-03,2021-03-31,43750000.0,35000.0,-34398000.0,0.9,31000.0,0.8857142857142857,422209000.0,380947000.0,412134000.0,16850000.0,41262000.0,0.0,-415577000.0,1013272277.55,928960277.55,7.996609469659718,24.458991097922848,0.007008377367607038,0.007767484715721609,-0.0591584003640715,7.996609469659718,0.1148453721908822,28950.63650142857,5.7901273002857145,2.6598772993356032,0.0,0.0,0.0,8.289733283752833e-05,24.020771513353115,0.10362166604691042,-30.20815900635006,0.8857142857142857,2.1392405063291138,3.415710542227855,0.0,0.0,0.0,2.2536894288907354,0.01924557351809084,2.522391009412099,0.0,0.6323797475311728,Biotechnology,Healthcare,RYTM
2020Q4,2020,Q4,2021-03-01,2020-12-31,-34897000.0,0.0,-35073000.0,-0.79,0.0,0.0,187073000.0,166528000.0,181668000.0,17994000.0,20545000.0,0.0,-459327000.0,1314562312.6200001,1216794312.6200001,3.7661793529837397,10.096032010670223,0.016496234090435286,0.01853141813989239,-0.2030862767805443,3.7661793529837397,-0.20955635088393543,0.0,-9.417444999713442,7.893941635160453,0.0,0.0,0.0,0.0,9.60275647438035,-0.18654215199414131,-45.00846758037457,0.0,-0.025974025974025997,-0.5782165340510679,0.0,7.634541390353554,0.0,-0.0319060855165888,-0.023013650682534127,-0.961626401421291,0.0,-0.3191483184090465,Biotechnology,Healthcare,RYTM
2020Q3,2020,Q3,2020-11-02,2020-09-30,-33818000.0,0.0,-34284000.0,-0.77,0.0,0.0,215477000.0,196937000.0,209914000.0,15848000.0,18540000.0,0.0,-424430000.0,956564377.7800001,892105377.7800001,4.461408859803381,13.245456839979807,0.01490182246829128,0.016304706581292495,-0.16858855521516136,4.461408859803381,-0.17171989011714406,0.0,-7.071414466999824,4.857210060983969,0.0,0.0,0.0,0.0,12.732458354366482,-0.15694482473767501,-35.219601538291606,0.0,-0.08450704225352121,-1.005425041086198,0.0,0.0,0.0,-0.08680142687277051,-0.07412745159471144,-0.9943698777952185,0.0,2.9983056034911524,Biotechnology,Healthcare,RYTM
2020Q2,2020,Q2,2020-08-03,2020-06-30,-31117000.0,0.0,-31918000.0,-0.71,0.0,0.0,243485000.0,225753000.0,237819000.0,14904000.0,17732000.0,0.0,-390612000.0,983404578.0,927644578.0,5.119247980560042,15.956723027375201,0.013680514200053392,0.014755064163045452,-0.13733192780156186,5.119247980560042,-0.13783648500795118,0.0,-7.900862695632613,4.356108569985781,0.0,0.0,0.0,0.0,15.33990874932904,-0.1277984270078239,-33.078965925527264,0.0,0.08974358974358981,-1.7048371600479428,0.0,2.7320133628908696,0.0,0.08918744877648987,0.09580736543909349,-1.7048371600479428,0.0,2.7320133628908696,Biotechnology,Healthcare,RYTM
2020Q1,2020,Q1,2020-05-04,2020-03-31,-34164000.0,0.0,-35300000.0,-0.78,0.0,0.0,273756000.0,253101000.0,267860000.0,17696000.0,20655000.0,0.0,-359495000.0,670438610.46,618108610.46,5.7457866535415345,15.136754068716094,0.0,0.0,-0.13759661972270187,5.7457866535415345,-0.13498168715255965,0.0,-4.9060312789778715,2.6488975170386526,0.0,0.0,0.0,0.0,14.547016274864376,-0.12479726471748565,-18.572735621364064,0.0,0.0,-1.0400924868865071,0.0,0.0,0.0,-0.03665493385119553,-0.031439925198690974,-1.0400924868865071,0.0,0.0,Biotechnology,Healthcare,RYTM
2019Q4,2019,Q4,2020-03-02,2019-12-31,-32956000.0,0.0,-34224000.0,-0.78,0.0,0.0,308523000.0,281020000.0,302404000.0,24417000.0,27503000.0,0.0,-325331000.0,969214612.8000001,910478612.8000001,6.657162526016756,12.384977679485605,0.0,0.0,-0.12026228309988826,6.657162526016756,-0.11727279197210164,0.0,-7.352338062871708,3.448916848622874,0.0,0.0,0.0,0.0,11.977679485604293,-0.1068186164402654,-30.080215164023464,0.0,0.25,-0.5611735622454954,0.0,14.262561865956487,0.0,0.08463183623586923,0.07769423558897243,-0.5611735622454954,0.0,14.262561865956487,Biotechnology,Healthcare,RYTM
2019Q3,2019,Q3,2019-11-01,2019-09-30,-36003000.0,0.0,-37107000.0,-1.04,0.0,0.0,177533000.0,149115000.0,170877000.0,25207000.0,28418000.0,0.0,-292375000.0,745756706.35,677744706.35,4.316947903501746,6.77895029158567,0.0,0.0,-0.24287387994737633,4.316947903501746,-0.24144452268383462,0.0,-5.178434480112768,5.001218565201355,0.0,0.0,0.0,0.0,6.444043321299639,-0.2027960998800223,-22.02210921184739,0.0,0.16129032258064513,-1.728399564312712,0.0,0.0,0.0,0.15872978783063837,0.1595053115585857,-1.728399564312712,0.0,0.0,Biotechnology,Healthcare,RYTM
2019Q2,2019,Q2,2019-07-29,2019-06-30,-42796000.0,0.0,-44149000.0,-1.24,0.0,0.0,210888000.0,181467000.0,203501000.0,26090000.0,29421000.0,0.0,-256372000.0,753479696.07,694071696.07,5.267140323355575,7.799961671138367,0.0,0.0,-0.23841513794909736,5.267140323355575,-0.2358335124292571,0.0,-4.401577811419291,4.152158221990775,0.0,0.0,0.0,0.0,7.480528938290533,-0.2029323622017374,-27.044244501992033,0.0,-0.4761904761904762,0.0,0.0,0.0,0.0,-0.4770483882101194,-0.44655963302752294,-3.7615809832559717,0.0,2.8398292377377423,Biotechnology,Healthcare,RYTM
2019Q1,2019,Q1,2019-05-03,2019-03-31,-28974000.0,0.0,-30520000.0,-0.84,0.0,0.0,236502000.0,220489000.0,230169000.0,12567000.0,16013000.0,0.0,-213576000.0,955765338.53,917393338.53,6.40636282062431,18.315349725471474,0.0,0.0,-0.13616671946175776,6.40636282062431,-0.13140791604116306,0.0,-8.246750004573064,4.334752928853594,0.0,0.0,0.0,0.0,17.62735736452614,-0.12251059187660146,-29.692296701668273,0.0,-0.13513513513513511,-1.2144127185818099,0.0,0.0,0.0,-0.1359234719880817,-0.12408382748333395,-1.2144127185818099,0.0,0.0,Biotechnology,Healthcare,RYTM
2018Q4,2018,Q4,2019-03-08,2018-12-31,-25507000.0,0.0,-27151000.0,-0.74,0.0,0.0,260210000.0,246256000.0,258689000.0,13582000.0,13954000.0,0.0,-184602000.0,924696622.0799999,875154622.0799999,7.158414037579697,19.046458548078338,0.0,0.0,-0.11025518159963615,7.158414037579697,-0.10357920213111559,0.0,-9.06316522993688,3.755021693197323,0.0,0.0,0.0,0.0,18.558459726108083,-0.09802467238000077,-43.25458986247544,0.0,-0.423076923076923,0.0,0.0,0.0,0.0,-0.4422141807079046,-0.4108813136562045,-0.48270290661903476,0.0,15.411757514363034,Biotechnology,Healthcare,RYTM
2018Q3,2018,Q3,2018-11-09,2018-09-30,-17686000.0,0.0,-19244000.0,-0.52,0.0,0.0,277728000.0,269637000.0,276538000.0,7803000.0,8091000.0,0.0,-159095000.0,980764138.9699999,922517138.9699999,7.871114983983048,35.439958990132,0.0,0.0,-0.07137002711052266,7.871114983983048,-0.06559188835360133,0.0,-13.86356636562818,3.6373499889481042,0.0,0.0,0.0,0.0,34.90785595283865,-0.0636810116372854,-56.82624363926067,0.0,0.0,-0.351450667687499,0.0,0.0,0.0,-0.22717180127671385,-0.28113973770055256,-0.351450667687499,0.0,0.0,Biotechnology,Healthcare,RYTM
2018Q2,2018,Q2,2018-08-08,2018-06-30,-14412000.0,0.0,-15021000.0,-0.52,0.0,0.0,291749000.0,284317000.0,290771000.0,7247000.0,7432000.0,0.0,-141123000.0,874050356.64,663566356.64,10.168463810444559,40.12294742652132,0.0,0.0,-0.05283187428117207,10.168463810444559,-0.05068989895081898,0.0,-15.16185048293089,3.0742106755487715,0.0,0.0,0.0,0.0,39.67903960259418,-0.049398626901891694,-69.98001254123298,0.0,0.13333333333333328,0.0,0.0,0.0,0.0,0.12436964578649978,0.11646373742721017,-0.9758207400410331,0.0,6.412972171842266,Biotechnology,Healthcare,RYTM
2018Q1,2018,Q1,2018-05-14,2018-03-31,-16459000.0,0.0,-17001000.0,-0.6,0.0,0.0,139443000.0,133658000.0,138414000.0,5579000.0,5785000.0,0.0,-126711000.0,542954386.0,499787386.0,4.898743372523378,24.80982254884388,0.0,0.0,-0.12719777342171812,4.898743372523378,-0.12314264765296502,0.0,-8.247074336229419,4.062266276616438,0.0,0.0,0.0,0.0,24.45832586485033,-0.11803389198453848,-46.601526564243414,0.0,-0.4634146341463415,-0.5867871836426103,0.0,0.0,0.0,-0.5629095052701548,-0.5479377219338979,-0.5867871836426103,0.0,0.0,Biotechnology,Healthcare,RYTM
2017Q4,2017,Q4,2018-03-12,2017-12-31,-10531000.0,0.0,-10983000.0,-0.41,0.0,0.0,151736000.0,144788000.0,150671000.0,6720000.0,6948000.0,0.0,-110252000.0,760640937.5799999,726404937.5799999,5.531570905697505,22.421279761904763,0.0,0.0,-0.07585573390059949,5.531570905697505,-0.07273392822609609,0.0,-18.05718681939037,5.25348052034699,0.0,0.0,0.0,0.0,22.036011904761907,-0.06940343754942796,-95.79860674811083,0.0,0.06463167020281528,0.0,0.0,0.0,0.0,-0.05141773162939297,-0.32548877624909484,0.19545509129180996,0.0,11.681971160263759,Biotechnology,Healthcare,RYTM
2017Q3,2017,Q3,2017-11-14,2017-09-30,-10016000.0,0.0,-8286000.0,-0.43833,0.0,0.0,34804000.0,29094000.0,32036000.0,5460000.0,5710000.0,0.0,-99721000.0,782219520.0,754305520.0,1.115824877395031,5.867399267399267,0.0,0.0,-0.28480098989482366,1.115824877395031,-0.3442634220114113,0.0,-19.524249201277954,26.88593936894205,0.0,0.0,0.0,0.0,5.57051282051282,-0.28778301344673024,-92.0799905826957,0.0,-0.4271992602384688,-0.005543186052930696,0.0,0.0,0.0,-0.47250808585710086,-0.2268285460467871,-0.005543186052930696,0.0,0.0,Biotechnology,Healthcare,RYTM
2017Q2,2017,Q2,2017-06-30,2017-06-30,-6802000.0,0.0,-6754000.0,-0.307126,0.0,0.0,40879000.0,35766000.0,38937000.0,4843000.0,5113000.0,0.0,-89705000.0,782219520.0,753021520.0,1.3717121250055226,8.03985133181912,0.0,0.0,-0.1888385617625678,1.3717121250055226,-0.19018061846446346,0.0,-28.74961481917083,21.870478107700052,0.0,0.0,0.0,0.0,7.89077018377039,-0.1663935027764867,-127.35583197655487,0.0,0.317291448082087,0.0,0.0,0.0,0.0,-0.06949685534591195,-0.05712944122710909,0.0,0.0,0.0,Biotechnology,Healthcare,RYTM
2017Q1,2017,Q1,2017-03-31,2017-03-31,-6360000.0,0.0,-6389000.0,-0.449864,0.0,0.0,,,,,,,,501884610.0,,,0.0,0.0,0.0,0.0,,0.0,0.0,-19.728168632075473,0.0,0.0,0.0,0.0,0.0,0.0,0.0,-71.53429446978335,0.0,0.10040713127324888,0.0,0.0,0.0,0.0,0.23978006215634712,0.23713432835820897,0.0,0.0,0.0,Biotechnology,Healthcare,RYTM
2016Q4,2016,Q4,2016-12-31,2016-12-31,-8366000.0,0.0,-8375000.0,-0.5000751069055495,0.0,0.0,12339000.0,7297000.0,11175000.0,4731000.0,5042000.0,0.0,-76543000.0,501884610.0,495344610.0,0.4361759568598846,2.3620798985415346,0.0,0.0,-1.1477319446347813,0.4361759568598846,-1.1464985610524874,0.0,-14.997747131245518,68.77958202000822,0.0,0.0,0.0,0.0,2.2272246882265905,-0.6780128049274657,-81.22424502346658,0.0,-0.16339825727142532,0.0,0.0,0.0,0.0,-0.30902832107651385,-0.308389314169661,0.0,0.0,0.0,Biotechnology,Healthcare,RYTM
2016Q3,2016,Q3,2016-09-30,2016-09-30,-6391000.0,0.0,-6401000.0,-0.42984,0.0,0.0,,,,,,,,501884610.0,,,0.0,0.0,0.0,0.0,,0.0,0.0,-19.632475747144422,0.0,0.0,0.0,0.0,0.0,0.0,0.0,-111.18400753212228,0.0,0.0,0.0,0.0,0.0,0.0,0.0,0.0,0.0,0.0,0.0,Biotechnology,Healthcare,RYTM
2014Q2,2014,Q2,2014-06-30,2014-06-30,,,,,,,10687000.0,-64338000.0,10649000.0,2439000.0,75025000.0,0.0,-65406000.0,0.0,-8864000.0,0.0,4.3661336613366135,0.0,0.0,,0.0,,0.0,0.0,0.0,0.0,0.0,,,3.6342763427634277,,0.0,0.0,0.0,0.0,0.0,0.0,0.0,0.0,0.0,0.0,0.0,0.0,Biotechnology,Healthcare,RYTM
2013Q4,2013,Q4,2013-12-31,2013-12-31,,,,,,,18186000.0,-57460000.0,18139000.0,3060000.0,75646000.0,0.0,-58438000.0,0.0,-7364000.0,0.0,5.927777777777778,0.0,0.0,,0.0,,0.0,0.0,0.0,0.0,0.0,,,2.406535947712418,,0.0,0.0,0.0,0.0,0.0,0.0,0.0,0.0,0.0,0.0,0.0,0.0,Biotechnology,Healthcare,RYTM
