Quarters,Year,Quarter,FillingDate,Date,NetIncome,Revenue,OperatingIncome,EPSDiluted,GrossProfit,GrossProfitRatio,TotalAssets,CommonStockEquity,CurrentAssets,CurrentLiability,TotalLiability,Inventory,RetainedEarnings,MarketCap,EnterpriseValue,bookValuePerShare,currentRatio,debtToAssets,debtToEquity,roic,shareholdersEquityPerShare,roe,priceToSalesRatio,peRatio,pbRatio,payoutRatio,inventoryTurnover,dividendYield,assetTurnover,quickRatio,returnOnAssets,priceToFreeCashFlowsRatio,grossProfitMargin,epsdilutedGrowth,fiveYNetIncomeGrowthPerShare,fiveYRevenueGrowthPerShare,fiveYShareholdersEquityGrowthPerShare,grossProfitGrowth,netIncomeGrowth,operatingIncomeGrowth,threeYNetIncomeGrowthPerShare,threeYRevenueGrowthPerShare,threeYShareholdersEquityGrowthPerShare,Industry,Sector,Symbol
2023Q1,2023,Q1,2023-04-27,2023-03-31,2160000.0,3779000000.0,686000000.0,0.0105,1158000000.0,0.3064302726,2566000000.0,10642000000.0,100000000.0,3025000000.0,31872000000.0,100000000.0,4055000000.0,4404280000.0,6344280000.0,51.66019417475728,0.03305785123966942,0.7560405300077943,0.1822965607968427,0.00023628183325081177,51.66019417475728,0.00020296936666040218,1.1654617623709975,509.7546296296296,0.41385829731253526,87.03703703703704,26.21,0.04268575113298882,1.4727201870615745,0.0,0.0008417770849571318,4.766536796536797,0.306430272558878,-0.9933962264150944,-0.9948637326893697,0.0,0.12494837817083992,-0.9166486719930901,-0.9930097087378641,0.5626423690205011,-0.9948637326893697,0.0,0.12494837817083992,,,DTB
2022Q4,2022,Q4,2023-02-23,2022-12-31,309000000.0,19228000000.0,439000000.0,1.59,13893000000.0,0.7225400458,-977000000.0,10397000000.0,1624000000.0,56000000.0,32282000000.0,-26000000.0,3808000000.0,3682439999.9999995,3176439999.9999995,53.870466321243526,29.0,-1.2118730808597749,0.11387900355871886,0.039526939020275285,53.870466321243526,0.02972011157064538,0.19151445808196377,2.9793203883495143,0.3541829373857843,0.8058252427184466,-205.19230769230768,0.0676182096653306,-19.680655066530193,29.464285714285715,-0.3162743091095189,13.24618705035971,0.7225400457665904,-0.2010050251256281,0.0,0.0,0.0,1.9138003355704698,-0.20155038759689922,-0.22163120567375885,0.0,0.0,0.0,,,DTB
2022Q3,2022,Q3,2022-10-27,2022-09-30,387000000.0,8385000000.0,564000000.0,1.99,4768000000.0,0.5686344663,41948000000.0,8980000000.0,1976000000.0,2695000000.0,32968000000.0,0.0,3741000000.0,3406449999.9999995,4456450000.0,46.52849740932643,0.7332096474953618,0.06157623724611424,0.2876391982182628,0.047693371659690786,46.52849740932643,0.04309576837416481,0.40625521765056644,2.200549095607235,0.379337416481069,0.4444444444444444,0.0,0.050492448149833405,0.19989034042147422,0.7332096474953618,0.009225708019452656,12.342210144927535,0.5686344663088849,56.124653739612185,16.59090909090909,1.2570659488559892,0.04674204452733428,0.07581227436823104,56.285714285714285,1.5636363636363637,16.59090909090909,1.2570659488559892,0.04674204452733428,,,DTB
2022Q2,2022,Q2,2022-07-28,2022-06-30,-7000000.0,8098000000.0,220000000.0,-0.0361,4432000000.0,0.5472956286,41309000000.0,8574000000.0,2177000000.0,2660000000.0,32735000000.0,75000000.0,3355000000.0,3757710000.0,4605710000.0,44.424870466321245,0.8184210526315789,0.08884262509380522,0.42803825519010963,-0.008317131129833656,44.424870466321245,-0.0008164217401446233,0.4640293899728328,-134.20392857142858,0.4382680195941217,-24.428571428571427,48.88,0.04550643876190553,0.19603476240044543,0.7902255639097744,-0.0001694545982715631,11.456432926829269,0.5472956285502594,-1.017783251231527,-1.0391061452513968,1.507897181790028,691.6805622879302,2.5064581917063222,-1.017766497461929,-0.6099290780141844,-1.0391061452513968,1.507897181790028,691.6805622879302,,,DTB
2022Q1,2022,Q1,2022-04-28,2022-03-31,394000000.0,0.0,564000000.0,2.03,-2942000000.0,0.0,40360000000.0,8863000000.0,2455000000.0,1665000000.0,31497000000.0,503000000.0,3662000000.0,4296373000.0,4390373000.0,45.92227979274612,1.4744744744744744,0.00854806739345887,0.038925871601038026,0.058860799728761834,45.92227979274612,0.04445447365451879,0.0,2.7261249999999997,0.48475380796570006,0.434010152284264,5.848906560636183,0.03980101355259425,0.0,1.1723723723723725,0.009762140733399406,5.317293316831683,0.0,0.75,0.0,0.0,0.0,-1.2615343586096541,0.7511111111111111,-0.7128309572301426,0.0,0.0,0.0,,,DTB
2021Q4,2021,Q4,2022-02-10,2021-12-31,225000000.0,11249000000.0,1964000000.0,1.16,11249000000.0,1.0,39719000000.0,8713000000.0,215000000.0,2348000000.0,31006000000.0,0.0,3438000000.0,5064320000.0,5794320000.0,45.145077720207254,0.09156729131175469,0.023515194239532716,0.1071961436933318,0.06982772351824276,45.145077720207254,0.025823482153104555,0.45020179571517466,5.627022222222222,0.5812372317227131,0.00296,0.0,0.00013150827751800835,0.2832145824416526,0.09156729131175469,0.005664795186182935,-90434.28571428571,1.0,2.8666666666666663,0.0,0.0,0.0,0.0,9.227272727272727,3.8493827160493828,0.0,0.0,0.0,,,DTB
2021Q3,2021,Q3,2021-10-27,2021-09-30,22000000.0,3715000000.0,405000000.0,0.3,0.0,0.0,39435000000.0,8579000000.0,240000000.0,1817000000.0,30856000000.0,0.0,3317000000.0,4921500000.0,5643500000.0,44.45077720207254,0.13208585580627408,0.019677951058704197,0.09045343280102576,0.11499532335649386,44.45077720207254,0.0025644014453899055,1.324764468371467,55.92613636363636,0.5736682597039282,0.22727272727272727,0.0,0.001015950421619425,0.09420565487511094,0.13208585580627408,0.0005578800557880056,10.792763157894736,0.0,-0.673913043478261,0.0,0.0,0.0,-1.0,-0.8770949720670391,0.2577639751552795,0.0,0.0,0.0,,,DTB
2021Q2,2021,Q2,2021-07-27,2021-06-30,179000000.0,3229000000.0,322000000.0,0.92,1482000000.0,0.45896562403220814,49725000.0,12378000.0,5339000.0,1242000.0,37258000.0,31000.0,7149000.0,5008350000.0,5005949000.0,0.06413471502590673,4.298711755233494,0.02105580693815988,0.08458555501696559,21.359867330016584,0.06413471502590673,14.46114073355954,1.5510529575720038,6.994902234636871,404.6170625302957,0.40782122905027934,56354.83870967742,0.01457565865005441,64.93715434891905,4.273752012882448,3.599798893916541,2.6139613778705635,0.45896562403220814,0.0,0.0,0.0,0.0,0.0,0.0,0.0,0.0,0.0,0.0,,,DTB
2020Q4,2020,Q4,2021-02-19,2020-12-31,81000000.0,197000000.0,100000000.0,0.00708,191140000.0,0.970253807106599,1005000000.0,-2955000000.0,42000000.0,3023000000.0,3960000000.0,0.0,831000000.0,0.0,2987431000.0,0.0,0.013893483294740324,3.0063990049751244,-1.0224808798646363,1.108463874341251,0.0,-0.027411167512690356,0.0,0.0,0.0,0.4691358024691358,0.0,,0.19601990049751244,0.014511412504134966,0.08059701492537313,0.0,0.970253807106599,0.0,0.0,0.0,0.0,0.0,0.0,0.0,0.0,0.0,0.0,,,DTB
