Year,Date,FillingDate,NetIncome,Revenue,OperatingIncome,EPSDiluted,GrossProfit,GrossProfitRatio,TotalAssets,CommonStockEquity,CurrentAssets,CurrentLiability,TotalLiability,Inventory,RetainedEarnings,EnterpriseValue,bookValuePerShare,currentRatio,debtToAssets,debtToEquity,roic,shareholdersEquityPerShare,roe,priceToSalesRatio,peRatio,pbRatio,payoutRatio,inventoryTurnover,dividendYield,assetTurnover,quickRatio,returnOnAssets,priceToFreeCashFlowsRatio,grossProfitMargin,epsdilutedGrowth,fiveYNetIncomeGrowthPerShare,fiveYRevenueGrowthPerShare,fiveYShareholdersEquityGrowthPerShare,grossProfitGrowth,netIncomeGrowth,operatingIncomeGrowth,threeYNetIncomeGrowthPerShare,threeYRevenueGrowthPerShare,threeYShareholdersEquityGrowthPerShare,Industry,Sector,Price,MarketCap,AvgVolume,Symbol
2023,2023-01-31,2023-04-17,33098000.0,455040000.0,41669000.0,2.33,86361000.0,0.189787711,489487000.0,280897000.0,438702000.0,202503000.0,208590000.0,11903000.0,207832000.0,376716170.0,19.945821202868707,2.1663975348513356,0.003201310760040614,0.005578557264762528,0.11067997139932521,19.945821202868707,0.11782966710217624,1.2066986858298172,16.59001057465708,1.9547954232334273,0.4216568976977461,30.973620095774173,0.025416312774499954,0.9296263230688455,1.9770966356053985,0.06761773039937731,-16.42377800376873,0.18978771097046412,-0.0291666666666666,-0.4934114033855509,-0.4382532139050301,-0.13540350276909657,-0.13406930573938156,-0.13455705470139107,-0.06382835317906088,1.9234718191063271,1.111887493403486,-0.0815782124338994,Engineering & Construction,Industrials,39.77,533339562,76137,AGX
2022,2022-01-31,2022-04-13,38244000.0,509370000.0,44510000.0,2.4,99732000.0,0.1957948053,553585000.0,326392000.0,507284000.0,223027000.0,227990000.0,0.0,188690000.0,233340250.0,20.76945593382119,2.2745407506714432,0.0,0.0,0.10346391551840674,20.76945593382119,0.1171719895095468,1.146145729037831,15.26545994142872,1.7886843121154927,0.4095805878046229,0.0,0.026830543552314977,0.9201297000460634,2.118039519878759,0.06908424180568476,21.628283258622606,0.19579480534778254,0.5894039735099337,-0.47866291390122073,-0.2765926295755018,0.07297080944117958,0.6068442167335298,0.6034547817701564,1.4181018090943662,-0.271875343551163,0.046633962125494595,-0.1804716565112677,Engineering & Construction,Industrials,39.77,533339562,76137,AGX
2021,2021-01-31,2021-04-14,23851000.0,392206000.0,18407000.0,1.51,62067000.0,0.1582510211,602630000.0,320667000.0,546220000.0,276087000.0,280222000.0,0.0,166110000.0,312850160.0,20.466364564717896,1.9784343341048294,0.0,0.0,0.0699599015365839,20.466364564717896,0.07437934056201605,1.7325618679979398,28.490258689363127,2.119086653756077,1.9725378390843151,0.0,0.06923551872910036,0.6508238886215423,1.8547559283848931,0.039578182300914325,3.928253990276501,0.15825102114705028,1.5944881889763778,-0.5525414758131476,-0.10616035535127781,0.38215115543732253,10.100733137829913,1.5999496918626588,1.3296382521489971,-0.6718730764217097,-0.5648020195539698,-0.11283937955080174,Engineering & Construction,Industrials,39.77,533339562,76137,AGX
2020,2020-01-31,2020-04-14,-39755000.0,238997000.0,-55840000.0,-2.54,-6820000.0,-0.028535923,487540000.0,339249000.0,421755000.0,144034000.0,146510000.0,0.0,189306000.0,490437310.0,21.717495678893798,2.9281627948956497,0.0,0.0,-0.1369962909406606,21.717495678893798,-0.11718531226326385,2.752337100465696,-16.546354169286882,1.938989680146441,-0.3929317067035593,0.0,0.023747328425552126,0.49021003404848834,2.7662426926975576,-0.08154202732083521,14.144114004343432,-0.02853592304505914,-1.7650602409638554,-1.8452784223427403,-0.42360959771001155,0.6900050419118475,-1.0827288386423737,-1.7639903143977247,-2.3877774187936476,-1.5451959505523756,-0.6585339201935414,0.12194748826676759,Engineering & Construction,Industrials,39.77,533339562,76137,AGX
2019,2019-01-31,2019-04-10,52036000.0,482153000.0,40237000.0,3.32,82438000.0,0.1709789216,476648000.0,394568000.0,416348000.0,82276000.0,82276000.0,0.0,247616000.0,493005180.0,25.343181964159548,5.0603821284457196,0.0,0.0,0.11202217997443703,25.343181964159548,0.13188094320877516,1.3633082859590213,12.632085094934276,1.6659312970134426,0.2992159274348528,0.0,0.02368697845099575,1.0115494033332775,4.753050707375176,0.1091707087830013,-5.435972080945411,0.17097892162861167,-0.27192982456140347,0.17215209311418223,0.9159514197046686,1.2815803196231361,-0.4479290138958647,-0.2773881768063213,-0.623872421174645,-0.017566998366108793,0.1058165804674781,0.7114963492151716,Engineering & Construction,Industrials,39.77,533339562,76137,AGX
2018,2018-01-31,2018-04-11,72011000.0,892815000.0,106977000.0,4.56,149325000.0,0.1672518943,603393000.0,358085000.0,545751000.0,243986000.0,245265000.0,0.0,211112000.0,554652200.0,23.069514237855948,2.2368127679457017,0.0,0.0,0.19190399050368392,23.069514237855948,0.20110029741541813,0.7580060818870651,9.39799752815542,1.8899400980214194,0.21591145797169878,0.0,0.022974198208166215,1.4796575366303553,2.185953292402023,0.1193434461453812,-8.718988907355158,0.16725189428941045,0.013333333333333246,1.7486748604678681,1.845465964318612,1.629821979164273,0.017817341576296254,0.023930724604709363,-0.04700946068736971,0.5408771684733821,1.166940180247398,0.7952159840567573,Engineering & Construction,Industrials,39.77,533339562,76137,AGX
2017,2017-01-31,2017-04-11,70328000.0,675047000.0,112254000.0,4.5,146711000.0,0.2173344967,644247000.0,291632000.0,587949000.0,350724000.0,351678000.0,0.0,154649000.0,943919500.0,19.35696269746449,1.6763865603722585,0.0,0.0,0.260211584810095,19.35696269746449,0.24115323421298074,1.6459853906468735,15.799077181208053,3.8099985598288253,0.21698327835286088,0.0,0.013733921029954077,1.047807750753981,1.6566359872720429,0.10916310048785637,4.336355972884054,0.21733449670911803,0.34730538922155696,7.57731324146398,3.299605885905564,1.6019807260021983,0.47500125672347054,0.40084455421878734,0.508688932195417,0.6370844562223206,1.7720201751175775,0.742656671947183,Engineering & Construction,Industrials,39.77,533339562,76137,AGX
2016,2016-01-31,2016-04-15,50204000.0,413275000.0,74405000.0,3.34,99465000.0,0.2406750953,410902000.0,218516000.0,351723000.0,187712000.0,189047000.0,0.0,99581000.0,288736790.0,14.80761672426645,1.873737427548585,0.0,0.0,0.2263996422063083,14.80761672426645,0.22974976660747953,1.0880062670134898,8.95637379491674,2.0577247890314667,0.20671659628714845,0.0,0.023080389566196093,1.0057750996587995,1.8392217865666554,0.1221799845218568,-12.246923328339916,0.24067509527554293,0.13993174061433436,4.948548738077568,1.0848491097757025,1.0613439923493662,0.18973003361123406,0.15531009089863076,0.16016715263592846,1.0156376002028769,0.3854174498895067,0.6880024225484321,Engineering & Construction,Industrials,39.77,533339562,76137,AGX
2015,2015-01-31,2015-04-16,43455000.0,383110000.0,64133000.0,2.93,83603000.0,0.2182219206,391193000.0,185472000.0,364354000.0,215432000.0,216241000.0,0.0,73614000.0,105216530.0,12.850550821035128,1.6912714917003973,0.0,0.0,0.23344237163799103,12.850550821035128,0.23429412525879917,1.1456436271566912,10.100276838108387,2.3664355266563146,0.23394315959038087,0.0,0.02316205420308009,0.9793375648337266,1.6862026068550633,0.11108327602999031,4.855547774717069,0.2182219205972175,0.05395683453237423,4.78425935002173,0.5452503758261958,0.9668171719909935,0.060305905032467536,0.08299065420560747,-0.027256180797815867,4.532279450485366,1.54717906602875,0.727382858428762,Engineering & Construction,Industrials,39.77,533339562,76137,AGX
2014,2014-01-31,2014-04-15,40125000.0,227455000.0,65930000.0,2.78,78848000.0,0.3466531841,323306000.0,156308000.0,298559000.0,165236000.0,165529000.0,0.0,53335000.0,127576520.0,11.10773166571916,1.8068641216199859,0.0,0.0,0.26368069658660825,11.10773166571916,0.2567047112111984,1.7576466553823833,9.963502056074766,2.5576779179568545,0.2651713395638629,0.0,0.026614270571880642,0.7035285457121118,1.793937156551841,0.12410842978478594,4.085822968512065,0.34665318414631463,0.6848484848484848,2.5475385638804178,-0.08802041830320292,0.7502828510250718,0.5727136730826767,0.7246937459703418,0.8423920637138466,3.9857442787893884,0.2032981053967459,0.5462890729901226,Engineering & Construction,Industrials,39.77,533339562,76137,AGX
2013,2013-01-31,2013-04-12,23265000.0,278635000.0,35785000.0,1.65,50135000.0,0.1799307338,234724000.0,120917000.0,204108000.0,115546000.0,115556000.0,0.0,23850000.0,83997200.0,8.77227219965177,1.7664653038616656,0.0,0.0,0.18300644387493037,8.77227219965177,0.1924047073612478,0.9300310441976062,11.13858585858586,2.1431163525393453,0.3592950784440146,0.0,0.03225679480371939,1.1870750328044852,1.741289183528638,0.09911640905915033,10.66372577260195,0.17993073375563012,2.0555555555555554,6.8439345670170395,0.08484042467941791,1.325178058556721,1.1701584278417454,2.140523758099352,2.0031050688150387,2.2425927479323855,0.17677215960726306,0.34262381744851295,Engineering & Construction,Industrials,39.77,533339562,76137,AGX
2012,2012-01-31,2012-04-13,7408000.0,141850000.0,11916000.0,0.54,23102000.0,0.1628621784,205252000.0,101264000.0,180577000.0,104279000.0,104289000.0,0.0,8944000.0,40850000.0,7.439318248604173,1.7316717651684423,0.0,0.0,0.072861815023202,7.439318248604173,0.07315531679570232,1.391427564328516,26.643358531317492,1.9491033338600094,0.9184665226781857,0.0,0.03447262557378378,0.6911016701420692,1.6816233373929554,0.03609221834622805,2.564064590721904,0.1628621783574198,-0.05263157894736828,26.70864333656664,-0.19225402129316113,-0.10783669629868853,-0.20674381073378428,-0.04708001029071263,-0.298811345180652,-0.32290915846433066,-0.4120331335376873,0.1722385402984732,Engineering & Construction,Industrials,39.77,533339562,76137,AGX
2011,2011-01-31,2011-04-14,7774000.0,182592000.0,16994000.0,0.57,29123000.0,0.1594976779,130542000.0,97645000.0,106042000.0,32868000.0,32897000.0,0.0,6476000.0,42715110.0,7.18347678952402,3.22629913593769,0.0,0.0,0.10218284221676766,7.18347678952402,0.07961493164012494,0.6901020307570978,16.208786982248522,1.2904614675610628,0.0,0.0,0.0,1.398722250310245,2.9765729585006695,0.05955171515680777,6.684727320954907,0.15949767788293026,0.1176470588235293,1.2068579527294496,0.6236252793795699,1.113980547593112,0.24027937481367914,0.10426136363636364,0.9827324699568312,2.9801895832178467,-0.27910521310671565,0.9040520215293567,Engineering & Construction,Industrials,39.77,533339562,76137,AGX
2010,2010-01-31,2010-04-14,7040000.0,232330000.0,8571000.0,0.51,23481000.0,0.1010674472,120273000.0,88368000.0,95231000.0,31867000.0,31905000.0,2010000.0,-1297000.0,131936500.0,6.5336783733826245,2.9883892427903476,0.015240328253223915,0.020742802824551872,0.06275315959460394,6.5336783733826245,0.07966684772768423,0.8441118236990488,27.856889204545457,2.2192705504254935,0.0,103.90497512437811,0.0,1.9316887414465425,2.633413876423887,0.058533502947461194,-14.910096555918802,0.10106744716566952,-0.34615384615384615,1.4337309951915047,1.542714748394434,-0.14567235628845393,-0.2859662460088186,-0.2973350633795788,-0.4244947290673471,25.58869677588209,0.3314823796958466,-0.21644593118293345,Engineering & Construction,Industrials,39.77,533339562,76137,AGX
2009,2009-01-31,2009-04-15,10019000.0,220926000.0,14893000.0,0.78,32885000.0,0.1488507464,135164000.0,79106000.0,107752000.0,54140000.0,56058000.0,1347000.0,-8337000.0,69574600.0,6.346249498596069,1.9902475064647212,0.03058506702968246,0.052258994260865166,0.10705065839760239,6.346249498596069,0.12665284554901018,0.6341788653214199,13.984090228565725,1.7711248198619576,0.0,139.59985152190052,0.0,1.6345032701015063,1.7358145548577761,0.07412476694977953,-11.835326913329954,0.14885074640377322,3.6896551724137936,2.992597027119822,2.8688916577035166,-0.2702059628654093,0.5235116979383831,4.1260530421216846,4.723674096848578,1.2907201248898685,1.1422686009227352,0.8675981538312408,Engineering & Construction,Industrials,39.77,533339562,76137,AGX
TTM,,,,,,,,,,,,,,,,337392562.0,20.7223589055394,2.208979349989865,0.0,0.0,0.09716236186437552,20.7223589055394,0.09996970833453539,1.1633842787901527,19.242298896183538,1.9191830515670143,0.49062116730394634,0.0,0.025144581342720643,0.9637245792463223,1.98872643544338,0.058276959558035205,114.89434769495907,0.1763531818915535,,,,,,,,,,,Engineering & Construction,Industrials,39.77,533339562,76137,AGX
