Quarters,Year,Quarter,FillingDate,Date,NetIncome,Revenue,OperatingIncome,EPSDiluted,GrossProfit,GrossProfitRatio,TotalAssets,CommonStockEquity,CurrentAssets,CurrentLiability,TotalLiability,Inventory,RetainedEarnings,MarketCap,EnterpriseValue,bookValuePerShare,currentRatio,debtToAssets,debtToEquity,roic,shareholdersEquityPerShare,roe,priceToSalesRatio,peRatio,pbRatio,payoutRatio,inventoryTurnover,dividendYield,assetTurnover,quickRatio,returnOnAssets,priceToFreeCashFlowsRatio,grossProfitMargin,epsdilutedGrowth,fiveYNetIncomeGrowthPerShare,fiveYRevenueGrowthPerShare,fiveYShareholdersEquityGrowthPerShare,grossProfitGrowth,netIncomeGrowth,operatingIncomeGrowth,threeYNetIncomeGrowthPerShare,threeYRevenueGrowthPerShare,threeYShareholdersEquityGrowthPerShare,Industry,Sector,Symbol
2024Q1,2024,Q1,2023-06-08,2023-04-30,2109000.0,103675000.0,3633000.0,0.16,14224000.0,0.1371979744,475694000.0,277949000.0,425001000.0,192397000.0,197745000.0,0.0,206584000.0,544701930.0,348754930.0,20.7223589055394,2.208979349989865,0.0,0.0,0.009176497135793993,20.7223589055394,0.007587722927587435,5.2539371111646975,64.56874466571834,1.9597189772224402,1.5917496443812233,0.0,0.006163003681664943,0.21794472917463747,1.98872643544338,0.004433522390444277,-287.7453407290016,0.13719797443935375,-0.84,-0.4939337314826114,-0.14879145891549767,-0.10151958201222261,-0.28979428799680446,-0.8453018411208097,-0.6200585651537335,4.101683738527369,1.0102356643270067,-0.032788818229047875,Engineering & Construction,Industrials,AGX
2023Q4,2023,Q4,2023-04-17,2023-01-31,13633000.0,118778000.0,9562000.0,1.0,20028000.0,0.168617084,489487000.0,280897000.0,438702000.0,202503000.0,208590000.0,11903000.0,207832000.0,527729650.0,355349650.0,20.753380125600295,2.1663975348513356,0.003201310760040614,0.005578557264762528,0.04266329366364222,20.753380125600295,0.048533804205812096,4.442991547256226,9.677430682901782,1.8787301039170943,0.24704760507591872,8.296227841720574,0.006382055660507232,0.24265812983797322,1.9770966356053985,0.027851607907870893,12.524139117640079,0.1686170839717793,0.7857142857142856,1.233065652173318,-0.19482567088471692,-0.09825365102080519,-0.0981628242074928,0.7572828048466099,0.0022010271460014674,2.2874824448960998,1.0179741099925521,-0.04359822760381019,Engineering & Construction,Industrials,AGX
2023Q3,2023,Q3,2022-12-07,2022-10-31,7758000.0,117875000.0,9541000.0,0.56,22208000.0,0.1884029692,410903000.0,272537000.0,364965000.0,134542000.0,139163000.0,0.0,197567000.0,477787270.0,341722270.0,19.77628619113272,2.712647351756329,0.0,0.0,0.026345209741060974,19.77628619113272,0.02846585968143775,4.053338451749735,15.396599316834237,1.7531097428972948,0.4377416860015468,0.0,0.00710776576362112,0.28686819030282085,2.4979634612240043,0.018880368359442495,-26.315668098700154,0.18840296924708377,0.8666666666666669,-0.4920748729254393,-0.4292074364756458,-0.1170742969528984,-0.08935088366752778,0.837517764092847,-0.28814444527344624,2.929528946566201,1.2894219208139652,-0.11568509204341504,Engineering & Construction,Industrials,AGX
2023Q2,2023,Q2,2022-09-08,2022-07-31,4222000.0,118110000.0,13403000.0,0.3,24387000.0,0.206477013,423070000.0,277833000.0,378193000.0,142012000.0,146034000.0,0.0,193205000.0,529176959.99999994,385832959.99999994,19.657068062827225,2.6631059347097428,0.0,0.0,0.014644405171975709,19.657068062827225,0.015196178999614876,4.480373888747777,31.334495499763147,1.90465840990811,0.8242539081004263,0.0,0.006576250031747414,0.27917365920533244,2.482557812015886,0.00997943602713499,-30.332280178837554,0.2064770129540259,-0.4,-0.8292412023895993,-0.5009992389543343,-0.11620470262390972,0.235535515249772,-0.435938543754175,0.4627305467641602,3.046594259107983,1.0716521310293337,-0.14532822783303107,Engineering & Construction,Industrials,AGX
2023Q1,2023,Q1,2022-06-08,2022-04-30,7485000.0,100277000.0,9163000.0,0.5,19738000.0,0.1968347677,492810000.0,302810000.0,447591000.0,186274000.0,190797000.0,0.0,192463000.0,548389800.0,356134800.0,20.30918846411804,2.4028635236264857,0.0,0.0,0.023211246527444964,20.30918846411804,0.024718470327928403,5.468749563708528,18.31629258517034,1.8110029391367526,0.4959251837007348,0.0,0.006768907809736797,0.2034800430186076,2.2032650826202262,0.015188409326109454,-13.72072157726181,0.19683476769348904,25.271844660194173,-0.623533540637766,-0.5486852047528648,-0.0006928231389141443,-0.1121407044217534,24.173374613003094,0.36293321433883685,1.2615202127753316,1.115357101703823,-0.1252654544751328,Engineering & Construction,Industrials,AGX
2022Q4,2022,Q4,2022-04-13,2022-01-31,-323000.0,125570000.0,6723000.0,-0.0206,22231000.0,0.1770406944,553585000.0,326392000.0,507284000.0,223027000.0,227990000.0,0.0,188690000.0,579168500.0,228696500.0,20.935984605516357,2.2745407506714432,0.0,0.0,0.03411862470233999,20.935984605516357,-0.0009896075884212848,4.612315839770646,-448.2728328173375,1.7744567881565725,-11.86687306501548,0.0,0.006618108546994528,0.2268305680247839,2.118039519878759,-0.0005834695665525619,-42.63921814032246,0.17704069443338377,-1.0264102564102564,-1.0156169425429131,-0.40241647578057915,0.1012440467734024,-0.14937822842930937,-1.0260631001371743,-0.5377793056033001,0.8591672688594604,0.43093697236757983,-0.1736884687513781,Engineering & Construction,Industrials,AGX
2022Q3,2022,Q3,2021-12-08,2021-10-31,12393000.0,124451000.0,14545000.0,0.78,26135000.0,0.2100023302,613153000.0,348054000.0,559719000.0,259045000.0,263358000.0,0.0,190308000.0,664243140.0,272680140.0,22.06504374286801,2.1607018085660794,0.0,0.0,0.033067116571828,22.06504374286801,0.035606543812167074,5.33738692336743,13.399563059791818,1.9084485166094918,0.3184862422335189,0.0,0.0059421012612941694,0.20296891640422537,2.0354185566214364,0.020211921005034633,-118.67842415579774,0.21000233023438944,-0.03703703703703707,-0.341972300452518,-0.3192967177911795,0.25656432446508537,-0.05486040792709388,-0.03706293706293706,-0.16026788291669072,-0.6228667536869736,0.054737084784921446,-0.14035022025411323,Engineering & Construction,Industrials,AGX
2022Q2,2022,Q2,2021-09-07,2021-07-31,12870000.0,133008000.0,17321000.0,0.81,27652000.0,0.2078972693,651989000.0,338794000.0,597656000.0,307347000.0,311454000.0,0.0,181862000.0,708816550.0,257401550.0,21.48481197285814,1.9445642872713904,0.0,0.0,0.03778747343505072,21.48481197285814,0.037987685732332924,5.32912719535667,13.768775252525254,2.0921756288482087,0.3062937062937063,0.0,0.0055613825608332645,0.2040034417758582,1.8219699557828772,0.01973959683368891,23.889203262444813,0.20789726933718272,0.20895522388059704,-0.38026895276770634,-0.2245476167775509,0.2535555089322715,0.16606224171375558,0.19543005758870519,0.25314715670669946,-0.25135799053346003,-0.039199459983567005,-0.1003764095981508,Engineering & Construction,Industrials,AGX
2022Q1,2022,Q1,2021-06-08,2021-04-30,10766000.0,126341000.0,13822000.0,0.67,23714000.0,0.1876983719,617972000.0,329075000.0,559031000.0,283065000.0,287156000.0,0.0,172934000.0,788658900.0,391983900.0,20.925537326720082,1.9749209545510749,0.0,0.0,0.03317088534806057,20.925537326720082,0.032715946212869405,6.242303765206861,18.31364712985324,2.396593177846995,0.36615270295374325,0.0,0.004998358605982891,0.2044445379402303,1.8557115856782012,0.017421501297793428,47.7917161556175,0.18769837186661495,0.11666666666666678,-0.16918931301980594,-0.0852254068947105,0.3355558064167342,0.07376047090785601,0.1272118102816459,0.16435009687473676,1.2033974357912536,-0.1152636070961758,-0.09271016829534524,Engineering & Construction,Industrials,AGX
2021Q4,2021,Q4,2021-04-14,2021-01-31,9551000.0,117235000.0,11871000.0,0.6,22085000.0,0.188382309,602630000.0,320667000.0,546220000.0,276087000.0,280222000.0,0.0,166110000.0,680778890.0,314107890.0,20.42855322673122,1.9784343341048294,0.0,0.0,0.029872097862661987,20.42855322673122,0.029784792323500703,5.806959440440141,17.81957098733117,2.1230088846061492,2.0549680661710816,0.0,0.028830212405675505,0.1945389376566052,1.8547559283848931,0.015848862486102584,21.384604680383227,0.1883823090374035,0.0,-0.01410845896345446,-0.04757983292071135,0.38754410199319406,0.08563142112766062,0.010260207319653056,0.08460484239378711,0.3489644471765129,-0.31474407170597835,-0.11236756732420777,Engineering & Construction,Industrials,AGX
2021Q3,2021,Q3,2020-12-09,2020-10-31,9454000.0,127331000.0,10945000.0,0.6,20343000.0,0.1597647077,595500000.0,328923000.0,538820000.0,261030000.0,264836000.0,0.0,176186000.0,645859200.0,292646200.0,20.977232142857144,2.064207179251427,0.0,0.0,0.028289960036786285,20.977232142857144,0.028742289228786067,5.072285617799279,17.078993018828008,1.9635574283342907,0.41474508144700656,0.0,0.006070982653804421,0.21382199832073887,1.919549477071601,0.015875734676742234,16.400690705942104,0.15976470773024637,0.6666666666666666,-0.17373482889963604,0.055271073590403785,0.47027859668017485,0.3015355086372361,0.6855054376894277,0.6722689075630253,-0.4559983774983091,-0.4580921716762431,-0.06345725083514472,Engineering & Construction,Industrials,AGX
2021Q2,2021,Q2,2020-09-09,2020-07-31,5609000.0,87492000.0,6545000.0,0.36,15630000.0,0.1786449047,561107000.0,322406000.0,503456000.0,233435000.0,236960000.0,0.0,170653000.0,671513700.0,289089700.0,20.59707404331438,2.156728853856534,0.0,0.0,0.017584473063905478,20.59707404331438,0.017397318908457037,7.675144013166918,29.93018809056873,2.0828201088069083,3.4924228917810662,0.0,0.029171407820867988,0.15592747907261895,1.9868957097264763,0.009996310864059796,10.784769934955433,0.17864490467699903,8.100591715976332,-0.6662656613828253,-0.1540125760011543,0.4448569433547729,2.8987278623098027,8.07313997477932,2.0331491712707184,-0.795158569119498,-0.6662276284788146,-0.07394138734186152,Engineering & Construction,Industrials,AGX
2021Q1,2021,Q1,2020-06-09,2020-04-30,-793000.0,60148000.0,-6335000.0,-0.0507,4009000.0,0.0666522578,512964000.0,335149000.0,455736000.0,173106000.0,176064000.0,0.0,184633000.0,587238220.0,324311220.0,21.424854567538198,2.632699039894631,0.0,0.0,-0.002856740648723566,21.424854567538198,-0.002366111789084855,9.763221054731662,-185.1318474148802,1.752170586813626,-4.930643127364439,0.0,0.006658285967830908,0.11725579182944612,2.419274895150948,-0.0015459174522968473,14.865661342176544,0.06665225776418168,0.935,-1.06838100059188,-0.3416633067342019,0.6146826779860288,-0.23623547342350923,0.9351647453192707,0.10962754743499649,-1.0380158994535265,-0.741977827496934,0.054203173621280444,Engineering & Construction,Industrials,AGX
2020Q4,2020,Q4,2020-04-14,2020-01-31,-12231000.0,67988000.0,-7115000.0,-0.78,5249000.0,0.0772048008,487540000.0,339249000.0,421755000.0,144034000.0,146510000.0,0.0,189306000.0,658347740.0,490984740.0,21.699437124216452,2.9281627948956497,0.0,0.0,-0.027479192859659735,21.699437124216452,-0.036053164489799526,9.683293228216744,-13.456539530700677,1.940603332655365,-0.31943422451148723,0.0,0.005934553675235522,0.13945112195922385,2.7662426926975576,-0.025087172334577676,17.834635639594733,0.07720480084720834,-1.6896551724137934,-2.153575320261099,-0.3811696478269514,0.7035752241077669,-0.12399866488651536,-1.681648761236571,-0.1582288783981768,-1.5897004563639734,-0.6773579308239135,0.14140205973789005,Engineering & Construction,Industrials,AGX
2020Q3,2020,Q3,2019-12-10,2019-10-31,-4561000.0,58406000.0,-6143000.0,-0.29,5992000.0,0.1025921994,472717000.0,349607000.0,405900000.0,118957000.0,121299000.0,0.0,200401000.0,591709050.0,339790050.0,22.36339794025459,3.4121573341627647,0.001190987419534309,0.0016103796548696107,-0.031144157580446575,22.36339794025459,-0.013046077452682584,10.130963428414889,-32.43307662793247,1.6924977188671853,-0.8574873931155448,0.0,0.006609667369461393,0.12355383876611165,3.19303613910909,-0.009648478899637627,8.992538753799392,0.10259219943156525,-5.142857142857142,-1.25190580434632,-0.5762052830424593,0.828383986278485,1.020910623946037,-4.952339688041595,0.1314859324190584,-1.2443584190599055,-0.6776583484260732,0.2735550562696198,Engineering & Construction,Industrials,AGX
2020Q2,2020,Q2,2019-09-09,2019-07-31,1154000.0,63059000.0,-7073000.0,0.07,2965000.0,0.047019458,419724000.0,359552000.0,353137000.0,58714000.0,60655000.0,0.0,211167000.0,643297950.0,473203950.0,22.99955222925862,6.014528051231393,0.0014676311099675024,0.0017132431470274119,0.003537550609213989,22.99955222925862,0.0032095496618013528,10.201524762523986,139.36264081455806,1.7891652667764328,3.386481802426343,0.0,0.006074945520967384,0.15023920481078043,5.643543277582859,0.0027494258131534055,-36.05930213004484,0.04701945796793479,1.0364583333333333,-0.9115716859457144,-0.4307419293667031,0.9230287640834017,1.1410158850946448,1.0385785444455589,0.783607660772196,-0.943947841533233,-0.6291602526454977,0.3419347321440491,Engineering & Construction,Industrials,AGX
2020Q1,2020,Q1,2019-06-10,2019-04-30,-29913000.0,49544000.0,-32686000.0,-1.92,-21026000.0,-0.4243904408,433161000.0,361799000.0,373161000.0,71026000.0,71671000.0,0.0,213921000.0,745179060.0,613436060.0,23.21754476031573,5.25386478191085,0.0014890537236731838,0.0017827578296236307,-0.08848091786257735,23.21754476031573,-0.08267850381012662,15.04075286613919,-6.227886370474375,2.0596493080412053,-0.13021094507404807,0.0,0.005226931631707418,0.11437779486149492,4.963013544335877,-0.06905746362207124,-19.422395808898273,-0.424390440820281,-11.8,-6.718384176666881,-0.11192008300296304,1.0555494002015666,-4.116809961458642,-12.05674378000873,-10.665239114917917,-3.3295652027449463,-0.6379837614302961,0.4818413611671119,Engineering & Construction,Industrials,AGX
2019Q4,2019,Q4,2019-04-10,2019-01-31,-2291000.0,87658000.0,-2802000.0,-0.15,6746000.0,0.0769581784,476648000.0,394568000.0,416348000.0,82276000.0,82276000.0,0.0,247616000.0,657492060.0,493174060.0,25.336672445899953,5.0603821284457196,0.0,0.0,-0.006686968089541298,25.336672445899953,-0.0058063502362077,7.5006509388760865,-71.74727848101266,1.6663593094219502,-1.699257965953732,0.0,0.005920984049602059,0.18390510397609977,4.753050707375176,-0.004806481932159581,-45.50432971139871,0.07695817837504848,-1.072463768115942,-1.2282636614653568,0.34535550162076534,1.3048221812591259,-0.7715698225653529,-1.0706357526052908,-1.1524068534131084,-1.2383689915672547,-0.2821937634400355,0.720912392877625,Engineering & Construction,Industrials,AGX
2019Q3,2019,Q3,2018-12-06,2018-10-31,32434000.0,116459000.0,18385000.0,2.07,29532000.0,0.253582806,500769000.0,399617000.0,439492000.0,99876000.0,101264000.0,0.0,253716000.0,685347380.0,529556380.0,25.66748024921318,4.400376466818855,0.0,0.0,0.07516988447093184,25.66748024921318,0.08116271329798282,5.884881202826746,5.282630727014861,1.715010572623287,0.12002836529567737,0.0,0.00568033104613313,0.23256032222441883,4.145410308782891,0.06476838622199058,-16.09741350557839,0.25358280596604815,0.9166666666666664,1.4613627016557995,0.6613857240925897,1.4910256528445012,-0.03829620945681907,0.911029931652133,-0.0956714215445155,1.854892112845718,-0.027950726105636373,0.7990145975468629,Engineering & Construction,Industrials,AGX
2019Q2,2019,Q2,2018-09-05,2018-07-31,16972000.0,136670000.0,20330000.0,1.08,30708000.0,0.2246872028,513803000.0,371795000.0,453213000.0,139842000.0,141988000.0,0.0,225174000.0,597811200.0,432045200.0,23.882001541623843,3.2408932938602137,0.0,0.0,0.03983615470080319,23.882001541623843,0.045648811845237294,4.374121606790078,8.805844921046429,1.6079054317567476,0.22931887815225077,0.0,0.006510416666666667,0.26599688985856446,3.165508216415669,0.033032115421669395,820.0427983539095,0.22468720275115242,2.4838709677419355,0.20885046130658083,1.1235714700444424,1.369880438264675,0.9873155578565881,2.508786437874716,2.4961306964746344,0.015344077252678445,0.3287201452055217,0.6752901735489442,Engineering & Construction,Industrials,AGX
2019Q1,2019,Q1,2018-06-11,2018-04-30,4837000.0,141366000.0,5815000.0,0.31,15452000.0,0.1093049248,525878000.0,359057000.0,465632000.0,165313000.0,166773000.0,0.0,212095000.0,622720000.0,471197000.0,23.063784686536486,2.816668985500233,0.0,0.0,0.011919312873160032,23.063784686536486,0.013471398691572647,4.40501959452768,32.185238784370476,1.7343207345908866,0.804630969609262,0.0,0.00625,0.26881900364723377,2.7328945696950635,0.009197950855521622,-9.635750317209792,0.1093049248051158,-0.3111111111111111,-0.32266116903668957,1.720193867812872,1.5225873469600812,-0.2313967369677676,-0.31077229980051296,-0.2877266046055855,-0.5808923637976542,0.5547446202218462,0.7382005326922974,Engineering & Construction,Industrials,AGX
2018Q4,2018,Q4,2018-04-11,2018-01-31,7018000.0,169578000.0,8164000.0,0.45,20104000.0,0.1185531142,603393000.0,358085000.0,545751000.0,243986000.0,245265000.0,0.0,211112000.0,678372400.0,556265400.0,23.01465389806543,2.2368127679457017,0.0,0.0,0.016758768161270268,23.01465389806543,0.01959869863300613,4.000356178277842,24.16544599601026,1.894445173631959,0.0,0.0,0.0,0.28104071475804326,2.185953292402023,0.011630893961315428,-13.334363329008925,0.11855311420113458,-0.5871559633027523,-0.04089316926580207,1.6287989585764109,1.6553539744776236,-0.4669918871626279,-0.5926635324162749,-0.7041921808761187,-0.33490178747942706,0.5509481412987115,0.8068300088947695,Engineering & Construction,Industrials,AGX
2018Q3,2018,Q3,2017-12-06,2017-10-31,17229000.0,232945000.0,27599000.0,1.09,37718000.0,0.1619180493,642301000.0,348186000.0,583795000.0,292316000.0,294104000.0,0.0,204095000.0,1068718750.0,919010750.0,22.398584753940174,1.997136660326496,0.0,0.0,0.04662382648221579,22.398584753940174,0.04948217332115593,4.587858722015927,15.507556300423705,3.0693903545805976,0.9024319461373266,0.0,0.01454826164507734,0.3626726410203316,1.9758035824244995,0.02682387229663351,-18.26276508484424,0.16191804932494794,-0.3662790697674418,1.525860887877839,1.7807305142522503,1.73971468176635,-0.2662866924737876,-0.3651571539113453,-0.3203555949566588,-0.04304883656028388,0.6998205248803067,0.8312607855396152,Engineering & Construction,Industrials,AGX
2018Q2,2018,Q2,2017-09-07,2017-07-31,27139000.0,259803000.0,40608000.0,1.72,51407000.0,0.1978691547,700972000.0,345057000.0,642627000.0,354698000.0,355904000.0,0.0,202413000.0,999877300.0,846652300.0,22.241652700786386,1.8117581717404665,0.0,0.0,0.07669353309580215,22.241652700786386,0.07865077364029711,3.848597976158859,9.21070507387892,2.897716319332748,0.0,0.0,0.0,0.3706324931666315,1.7983213888998528,0.038716239735681314,-136.46476047495565,0.19786915470568084,0.31297709923664113,2.863970288698045,1.776296823747145,1.6933182187644982,0.28209796488427774,0.315830303030303,0.32675531741104974,1.0955494709625164,1.363332457974334,0.8596595915443269,Engineering & Construction,Industrials,AGX
2018Q1,2018,Q1,2017-06-07,2017-04-30,20625000.0,230489000.0,30607000.0,1.31,40096000.0,0.1739605795,709926000.0,314340000.0,643671000.0,384679000.0,394525000.0,0.0,175274000.0,1056396100.0,889049100.0,20.323268895066917,1.673267841499016,0.0,0.0,0.06348189363306932,20.323268895066917,0.06561366673029204,4.583282065521565,12.804801212121212,3.3606798371190427,0.0,0.0,0.0,0.32466623281863183,1.661455395277621,0.02905232376332181,27.017112094319838,0.17396057946366203,0.015503875968992262,3.105316475295074,2.1968255502070604,1.6186786019342239,0.06020783204209524,0.013463711856911208,0.028115552569701042,2.972393846576582,3.1625184440752023,0.799306671685377,Engineering & Construction,Industrials,AGX
2017Q4,2017,Q4,2017-04-11,2017-01-31,20351000.0,206760000.0,29770000.0,1.29,37819000.0,0.1829125556,644247000.0,291632000.0,587949000.0,350724000.0,351678000.0,0.0,154649000.0,1131325000.0,964127000.0,19.011212516297263,1.6763865603722585,0.0,0.0,0.0689530024106575,19.011212516297263,0.06978315136884841,5.471682143548075,13.897658591715395,3.879289652713008,0.0,0.0,0.0,0.32093280993159456,1.6566359872720429,0.03158881609072297,15.4125171995695,0.18291255562004255,0.11206896551724149,5.386958170590414,2.293332670538761,1.565079362953957,0.03392749740281043,0.12604437558789355,0.11372989150766928,1.0584691770473087,2.2215060325867,0.7294088003763773,Engineering & Construction,Industrials,AGX
2017Q3,2017,Q3,2016-12-06,2016-10-31,18073000.0,175444000.0,26730000.0,1.16,36578000.0,0.2084881786,558843000.0,265803000.0,499970000.0,290533000.0,290533000.0,0.0,134298000.0,860538450.0,689763450.0,17.559820307854924,1.7208716393662682,0.0,0.0,0.07051159975003617,17.559820307854924,0.06799396545561939,4.90491809352272,11.903647014884081,3.2375046557036606,0.844353455430753,0.0,0.017733083280590194,0.3139414826704459,1.6998000227168686,0.032340031099969045,11.99607513765944,0.20848817856410023,-0.1007751937984497,7.075858024870531,2.6179979625013186,1.4876031288148406,-0.16890847950558938,-0.08137643590525567,-0.22519493318646916,0.4106726915411121,1.5742863023174614,0.7041782996033403,Engineering & Construction,Industrials,AGX
2017Q2,2017,Q2,2016-09-07,2016-07-31,19674000.0,162495000.0,34499000.0,1.29,44012000.0,0.2708514108,481094000.0,256041000.0,423914000.0,223699000.0,223699000.0,0.0,131485000.0,698995810.0,536140810.0,17.139099002610617,1.895019646936285,0.0,0.0,0.08955385836423306,17.139099002610617,0.07683925621287216,4.301645035231854,8.882227940428992,2.7300151538230204,0.0,0.0,0.0,0.33776143539516185,1.8726503024152992,0.04089429508578365,10.338033691247375,0.2708514108126404,0.5925925925925926,10.785886376527705,4.617000047910779,1.3148112922467905,0.5550844463288813,0.6086672117743255,0.623100446953658,0.4603048250346783,1.631146230673063,0.7007626176129428,Engineering & Construction,Industrials,AGX
2017Q1,2017,Q1,2016-06-08,2016-04-30,12230000.0,130348000.0,21255000.0,0.81,28302000.0,0.2171264615,459266000.0,232545000.0,401134000.0,218353000.0,221492000.0,0.0,111811000.0,507299560.0,315869560.0,15.668036652742218,1.8370894835427038,0.0,0.0,0.06061391595057584,15.668036652742218,0.05259197144638672,3.891886028170743,10.36998282910875,2.1815113633920316,0.0,0.0,0.0,0.2838180923473543,1.8073257523368125,0.02662944785810402,11.667154849244497,0.21712646147236628,0.32786885245901654,17.494059316994896,6.468834705198346,1.1639009597273244,0.2021407637089581,0.3351528384279476,0.4699170124481328,0.7963739112830918,1.6308716144359066,0.7136819281436704,Engineering & Construction,Industrials,AGX
2016Q4,2016,Q4,2016-04-15,2016-01-31,9160000.0,116387000.0,14460000.0,0.61,23543000.0,0.2022820418,410902000.0,218516000.0,351723000.0,187712000.0,189047000.0,0.0,99581000.0,452235740.0,291326740.0,14.722813636976149,1.873737427548585,0.0,0.0,0.041468877291004284,14.722813636976149,0.041919127203499974,3.8856207308376365,12.342678493449782,2.0695772391952993,0.0,0.0,0.0,0.28324758701588215,1.8392217865666554,0.022292420090435187,35.23731806139941,0.20228204180879308,-0.15277777777777776,1.6664851129054932,3.445457212661149,1.0507449257669375,-0.10353362272484959,-0.15240122143055426,-0.30050309597523217,0.3123157688768681,0.8913921952974247,0.6986691122791191,Engineering & Construction,Industrials,AGX
2016Q3,2016,Q3,2015-12-10,2015-10-31,10807000.0,113967000.0,20672000.0,0.72,26262000.0,0.230435126,365263000.0,211302000.0,335456000.0,151423000.0,153054000.0,0.0,92853000.0,547229500.0,370391500.0,14.267521944632005,2.215356980115306,0.0,0.0,0.06563086705463918,14.267521944632005,0.05114480695876045,4.80164872287592,12.659144535948924,2.589798014216619,0.0,0.0,0.0,0.31201353545253696,2.1956902187910687,0.02958690039779556,-29.655313499160027,0.23043512595751403,-0.3207547169811321,5.463278487332487,1.1724447262220687,1.0113145145856886,-0.07829993331695505,-0.3174813692055071,-0.12573482765912455,0.6629920626924277,0.42797397924026986,0.7451521948169375,Engineering & Construction,Industrials,AGX
2016Q2,2016,Q2,2015-09-09,2015-07-31,15834000.0,97434000.0,23645000.0,1.06,28493000.0,0.2924338527,380058000.0,210225000.0,350119000.0,171657000.0,172478000.0,0.0,92418000.0,573363360.0,391227360.0,14.255441784769785,2.039643009023809,0.0,0.0,0.07491376209206957,14.255441784769785,0.0753193007491973,5.884633290227231,9.052724516862448,2.7273795219407777,0.0,0.0,0.0,0.25636613359013627,2.0230051789324057,0.04166206210631009,-20.774787492300447,0.292433852659236,0.45205479452054803,3.421368908575247,0.647608235656873,1.0503689692866738,0.34610478575140546,0.4592203483549903,0.5130863249504064,1.3716504753338596,0.0953486406791828,0.7262404728628671,Engineering & Construction,Industrials,AGX
2016Q1,2016,Q1,2015-06-09,2015-04-30,10851000.0,85488000.0,15627000.0,0.73,21167000.0,0.2476020026,399872000.0,194215000.0,372005000.0,212410000.0,212829000.0,0.0,81117000.0,472921470.00000006,198393470.00000006,13.268770923003348,1.7513535144296408,0.0,0.0,0.055568815055416824,13.268770923003348,0.055871070720593156,5.532021687254352,10.895803842963783,2.435040908271761,0.0,0.0,0.0,0.2137884122919334,1.7309213313874112,0.0271361835787452,-135.23633686016586,0.24760200262025078,0.08955223880597006,3.9779379723870307,0.41849618686427253,0.9861704726011029,-0.023482192286399705,0.09883544303797469,0.00572789290771013,1.2823196063067839,0.2529331602130645,0.7096977198618855,Engineering & Construction,Industrials,AGX
2015Q4,2015,Q4,2015-04-16,2015-01-31,9875000.0,102325000.0,15538000.0,0.67,21676000.0,0.21183484,391193000.0,185472000.0,364354000.0,215432000.0,216241000.0,0.0,73614000.0,442800010.0,109109010.0,12.737586704209876,1.6912714917003973,0.0,0.0,0.052996960588030634,12.737586704209876,0.05324253795721187,4.3273883215245545,11.210126835443038,2.3874224141649414,0.0,0.0,0.0,0.2615716538895123,1.6862026068550633,0.025243294230724987,91.2801504844362,0.21183483997068164,-0.407079646017699,17.021594312382987,1.2149356206335489,0.9580320680561625,-0.2849272589318114,-0.4107643654155976,-0.37447665056360707,2.2649728906494753,0.7170580977105951,0.7186132005413526,Engineering & Construction,Industrials,AGX
2015Q3,2015,Q3,2014-12-09,2014-10-31,16759000.0,127564000.0,24840000.0,1.13,30313000.0,0.2376297388,414378000.0,176986000.0,388445000.0,226494000.0,226789000.0,0.0,67616000.0,503700700.00000006,142679700.00000006,12.231237042156184,1.7150343938470776,0.0,0.0,0.09431521155208598,12.231237042156184,0.09469110551117038,3.948611677275721,7.513883584939436,2.845991773360605,0.0,0.0,0.0,0.3078445284257369,1.7040230646286436,0.04044374942685181,34.606712469941606,0.23762973879777993,0.3780487804878048,7.007664604202528,0.9732170825386424,0.8709288612014783,0.40572250046373587,0.3942595673876872,0.4540771527249312,6.833896105055913,1.7518781899789935,0.7327320554489514,Engineering & Construction,Industrials,AGX
2015Q2,2015,Q2,2014-09-09,2014-07-31,12020000.0,102030000.0,17083000.0,0.82,21564000.0,0.2113496031,408300000.0,172213000.0,383805000.0,229492000.0,229822000.0,0.0,65360000.0,488126100.0,142968100.0,11.960066671296618,1.6724112387359908,0.0,0.0,0.06963017024978843,11.960066671296618,0.06979728591918148,4.78414289914731,10.1523731281198,2.83443235992637,0.0,0.0,0.0,0.24988978692138133,1.6549814372614295,0.02943913788880725,16.140134907251266,0.21134960305792413,1.4848484848484846,3.19473160703406,0.46059247986399626,0.876012550475312,1.1454581633668293,1.5041666666666667,1.5604016786570742,6.47073353047178,2.6591609080572636,0.6153298013229799,Engineering & Construction,Industrials,AGX
2015Q1,2015,Q1,2014-06-09,2014-04-30,4800000.0,51191000.0,6672000.0,0.33,10051000.0,0.1963431072,372317000.0,161508000.0,347706000.0,207643000.0,208015000.0,0.0,56810000.0,382784230.0,69023230.0,11.295055598293587,1.6745375476177864,0.0,0.0,0.029622214867479322,11.295055598293587,0.029719890036406866,7.477568908597214,19.936678645833332,2.3700635881813903,0.0,0.0,0.0,0.13749305027704886,1.6501639833753123,0.012892239677479137,9.394861329275477,0.1963431071868102,-0.47619047619047616,0.5211737815883808,-0.23730557186158502,0.8383452270852371,-0.5141393145453667,-0.4762112614578787,-0.5921261767942291,6.534141763011885,2.0445902387000934,0.559951778964166,Engineering & Construction,Industrials,AGX
2014Q4,2014,Q4,2014-04-15,2014-01-31,9164000.0,59491000.0,16358000.0,0.63,20687000.0,0.3477332706,323306000.0,156308000.0,298559000.0,165236000.0,165529000.0,0.0,53335000.0,403961790.0,131752790.0,10.992896828187636,1.8068641216199859,0.0,0.0,0.06365949586241698,10.992896828187636,0.05862783734677687,6.790300885848279,11.02034564600611,2.5843961281572283,0.0,0.0,0.0,0.18400833884926354,1.793937156551841,0.028344664188106623,5.712614050965862,0.347733270578743,-0.24096385542168672,0.7213279539485951,0.0038842606716023957,0.8683727891055388,-0.13356508627910874,-0.23172367538564723,-0.19541586739461905,1.7845315514175473,1.3718466292102292,0.5312037458157616,Engineering & Construction,Industrials,AGX
2014Q3,2014,Q3,2013-12-09,2013-10-31,11928000.0,63452000.0,20331000.0,0.83,23876000.0,0.3762844355,260448000.0,145214000.0,235699000.0,114425000.0,114633000.0,0.0,44171000.0,313569250.0,107219250.0,10.303980699638117,2.0598558007428447,0.0,0.0,0.08464205311745837,10.303980699638117,0.08214084041483603,4.941833984744374,6.572125461099933,2.1593596347459614,0.0,0.0,0.0,0.24362636687553754,2.0333843128686913,0.04579800958348691,6.616082920139255,0.3762844354787871,-0.0674157303370787,3.3267185923473512,0.4592718962901159,0.8763503672799872,0.123206473161782,-0.05505822704586865,0.034340659340659344,6.496645156846643,0.2710614326803461,0.4525680086295799,Engineering & Construction,Industrials,AGX
2014Q2,2014,Q2,2013-09-06,2013-07-31,12623000.0,57864000.0,19656000.0,0.89,21257000.0,0.3673613991,206748000.0,141052000.0,181582000.0,65611000.0,65617000.0,0.0,42884000.0,221852450.0,68935450.0,10.077302279059799,2.767554221090976,0.0,0.0,0.09070640057983052,10.077302279059799,0.08949181862008337,3.8340323862850823,4.393813871504396,1.572841576156311,0.0,0.0,0.0,0.2798769516512856,2.716282330706741,0.0610550041596533,-13.844146645865834,0.3673613991428176,0.9777777777777777,12.270193843381186,-0.34712534788650146,0.6875422536414613,0.631639545594105,0.9692667706708268,1.0507042253521126,2.7136195736062105,0.030909618538997215,0.44942459160972037,Engineering & Construction,Industrials,AGX
2014Q1,2014,Q1,2013-06-07,2013-04-30,6410000.0,46648000.0,9585000.0,0.45,13028000.0,0.2792831418,225586000.0,127763000.0,197032000.0,99034000.0,99042000.0,0.0,30260000.0,247339800.0,77952800.0,9.142908258193788,1.98953894622049,0.0,0.0,0.04794205673375812,9.142908258193788,0.0501710197788092,5.3022594752186585,9.64663806552262,1.9359266767373966,0.0,0.0,0.0,0.20678588210261276,1.9169275198416706,0.028414883902369827,-58.37616237904177,0.27928314182815983,-0.021739130434782625,2.279695824629756,-0.2332747554067467,1.3146655891838632,-0.07068977815821385,-0.02301478433165676,-0.019337016574585635,2.0801302411702944,-0.18924921439307332,0.36857999293991583,Engineering & Construction,Industrials,AGX
2013Q4,2013,Q4,2013-04-12,2013-01-31,6561000.0,57841000.0,9774000.0,0.46,14019000.0,0.2423713283,234724000.0,120917000.0,204108000.0,115546000.0,115556000.0,0.0,23850000.0,262278800.0,87136800.0,8.667263995412515,1.7664653038616656,0.0,0.0,0.048540793867951966,8.667263995412515,0.05426036041251437,4.534479002783493,9.993857643651882,2.169081270623651,0.0,0.0,0.0,0.24642132887987594,1.741289183528638,0.027951977641826144,-20.231317494600432,0.24237132829653707,0.06976744186046518,10.254286082197932,-0.14549624188887714,1.3016920914583754,0.06721985383678442,0.08178070898598516,0.044677212483967506,12.110267800656334,0.3067755800459622,0.33233878908296677,Engineering & Construction,Industrials,AGX
2013Q3,2013,Q3,2012-12-14,2012-10-31,6065000.0,74486000.0,9356000.0,0.43,13136000.0,0.1763552882,254985000.0,113002000.0,225724000.0,143022000.0,143032000.0,0.0,17289000.0,245893380.0,49837380.0,8.17551729127478,1.5782467033043868,0.0,0.0,0.05061613752504975,8.17551729127478,0.053671616431567586,3.3012026421072416,10.135753503709811,2.1760090971841204,0.0,0.0,0.0,0.29211914426338803,1.5579211589825341,0.02378571288507167,32.50408195637806,0.17635528824208577,-0.04444444444444448,3.487915002535707,0.21380621346933362,1.1525648355357938,0.019954965447627922,-0.021931946460248347,-0.02358589021081194,2.0337949315430603,0.20619919109477525,0.25055308819371014,Engineering & Construction,Industrials,AGX
2013Q2,2013,Q2,2012-09-14,2012-07-31,6201000.0,82619000.0,9582000.0,0.45,12879000.0,0.1558842397,245463000.0,113111000.0,217534000.0,133038000.0,133049000.0,0.0,19583000.0,216549570.0,29715570.0,8.258085712199751,1.6351268058750132,0.0,0.0,0.05293250376116715,8.258085712199751,0.054822254245829316,2.6210625885086967,8.730429366231254,1.9144872735631373,0.0,0.0,0.0,0.33658433246558545,1.6062252890151687,0.025262463181823736,19.6114444846948,0.15588423970273182,0.40625,2.765031443539382,0.2593475697586596,1.0859563499805107,0.275022275022275,0.39725101397025686,0.3547292520853952,1.2749314676826433,0.2433344972375293,0.2953332840667213,Engineering & Construction,Industrials,AGX
2013Q1,2013,Q1,2012-06-12,2012-04-30,4438000.0,63690000.0,7073000.0,0.32,10101000.0,0.158596326,224689000.0,106037000.0,199182000.0,119120000.0,119129000.0,0.0,13382000.0,199206540.0,23897540.0,7.760887067261948,1.672112155809268,0.0,0.0,0.04293589196856231,7.760887067261948,0.041853315352188385,3.1277522373999056,11.221639251915278,1.878651225515622,0.0,0.0,0.0,0.2834584692619576,1.6478425117528543,0.01975174574634272,10.676735984564262,0.1585963259538389,0.6,2.788357500986617,0.025432671873833097,1.0262945358829882,0.24857849196538936,0.5637773079633545,0.4821877619446773,0.47192096052009913,-0.006911833486218229,0.2631358539044268,Engineering & Construction,Industrials,AGX
2012Q4,2012,Q4,2012-04-13,2012-01-31,2838000.0,55918000.0,4772000.0,0.2,8090000.0,0.1446761329,205252000.0,101264000.0,180577000.0,104279000.0,104289000.0,0.0,8944000.0,198113500.0,41589500.0,7.411549440093684,1.7316717651684423,0.0,0.0,0.02823878807014472,7.411549440093684,0.028025754463580344,3.5429289316499157,17.45185870331219,1.9564060278085005,0.0,0.0,0.0,0.2724358349735934,1.6816233373929554,0.013826905462553348,7.996831355453298,0.14467613290890233,0.3333333333333335,6.315498583243588,0.08788477605409811,0.8472676302127413,0.25096644502860677,0.4105367793240557,0.27867095391211144,-0.44522878619924516,-0.0180101662054843,0.2596804568813943,Engineering & Construction,Industrials,AGX
2012Q3,2012,Q3,2011-12-14,2011-10-31,2012000.0,43597000.0,3732000.0,0.15,6467000.0,0.1483358947,189684000.0,96065000.0,166451000.0,93609000.0,93619000.0,0.0,4360000.0,185082400.0,47034400.0,7.058931589389375,1.7781516734502025,0.0,0.0,0.02378386314213297,7.058931589389375,0.020944152396814658,4.245301282198317,22.99731610337972,1.9266371727476186,0.0,0.0,0.0,0.22984015520549966,1.65831276907135,0.010607114991248603,5.952542372881356,0.14833589467165173,0.3636363636363636,3.6519036566055627,0.5249245575482135,1.428000683551436,0.39165052722186355,0.3236842105263158,0.6418829740431148,-0.24421854081499156,0.038304524466714236,0.28542834720373955,Engineering & Construction,Industrials,AGX
2012Q2,2012,Q2,2011-09-14,2011-07-31,1520000.0,26342000.0,2273000.0,0.11,4647000.0,0.1764102953,146525000.0,100718000.0,122856000.0,45780000.0,45807000.0,0.0,9152000.0,154530080.0,47640080.0,7.4041020363155186,2.6836173001310617,0.0,0.0,0.014901521411625087,7.4041020363155186,0.015091642010365575,5.866300204995824,25.41613157894737,1.534284636311285,0.0,0.0,0.0,0.17977819484729568,2.5831585845347314,0.010373656372632656,5.748245359520887,0.17641029534583555,1.7500000000000002,4.279390457038651,0.029096780465551485,1.518036794497555,0.1921498204207286,1.5082508250825082,0.9956101843722563,0.6442147395234119,-0.6941768443371562,0.23988888003476344,Engineering & Construction,Industrials,AGX
2012Q1,2012,Q1,2011-06-13,2011-04-30,606000.0,15993000.0,1139000.0,0.04,3898000.0,0.2437316326,111508000.0,98480000.0,87600000.0,13000000.0,13028000.0,0.0,7082000.0,127849400.0,48943400.0,7.240644070288949,6.7384615384615385,0.0,0.0,0.007421637485822399,7.240644070288949,0.00615353371242892,7.994084912149066,52.74315181518152,1.2982270511779042,0.0,0.0,0.0,0.1434246870179718,6.541461538461538,0.005434587652903828,-22.146093885328252,0.2437316325892578,-0.8260869565217391,10.440825429502734,-0.4995797843014713,1.366799492979264,-0.40804859529233106,-0.8074968233799238,-0.8016025082738198,-0.6814349994597995,-0.7299236411447335,0.8330786222213439,Engineering & Construction,Industrials,AGX
2011Q4,2011,Q4,2011-04-14,2011-01-31,3148000.0,23992000.0,5741000.0,0.23,6585000.0,0.2744664888,130542000.0,97645000.0,106042000.0,32868000.0,32897000.0,0.0,6476000.0,126081270.0,42789270.0,7.1792515256231155,3.22629913593769,0.0,0.0,0.032121735883883576,7.1792515256231155,0.032239233959752166,5.255137962654218,10.012807337992376,1.291220953453838,0.0,0.0,0.0,0.18378759326500282,2.9765729585006695,0.0241148442646811,17.873726963425007,0.2744664888296099,1.090909090909091,1.1295705143722379,-0.07976336875549167,1.3431170048542327,-0.08184606804238706,1.050814332247557,1.0314932767162066,5.554514666737805,-0.6364374547705516,0.9065331883121817,Engineering & Construction,Industrials,AGX
2011Q3,2011,Q3,2010-12-09,2010-10-31,1535000.0,48160000.0,2826000.0,0.11,7172000.0,0.1489202658,134295000.0,96445000.0,109662000.0,37817000.0,37850000.0,1130000.0,5561000.0,115158120.00000001,39071120.000000015,7.09363047955281,2.899806965121506,0.0024796157712498605,0.003452745087873918,0.015738520698710196,7.09363047955281,0.015915806936595986,2.3911569767441865,18.75539413680782,1.1940289284047902,0.0,36.272566371681414,0.0,0.3586135001303101,2.7502445989898723,0.0114300606872929,23.325525622847888,0.1489202657807309,-0.5416666666666667,2.5003618608875535,0.8940166261450215,0.49665910543864666,-0.16390767078573093,-0.534989397152378,-0.4578937272204105,1.640136876351411,-0.2021506150406924,0.8677105047366818,Engineering & Construction,Industrials,AGX
2011Q2,2011,Q2,2010-09-09,2010-07-31,3301000.0,54509000.0,5213000.0,0.24,8578000.0,0.157368508,126866000.0,94507000.0,101972000.0,32325000.0,32359000.0,1917000.0,4026000.0,113229690.0,42082690.0,6.952622673434856,3.154586233565352,0.006565983005691044,0.0088141619139323,0.03456378016005447,6.952622673434856,0.03492862962531876,2.0772659560806472,8.575408209633444,1.1981090289608178,0.0,23.959833072509127,0.0,0.4296580644144215,2.6502088167053364,0.026019579714028976,12.365369662553238,0.15736850795281512,0.6,1.3191801115028325,0.8353191559355285,0.4362311246882096,0.26370064820271066,0.6317350469599604,0.6219663970130678,1.0195868739653569,-0.16277145329525053,0.7562020933307444,Engineering & Construction,Industrials,AGX
2011Q1,2011,Q1,2010-06-08,2010-04-30,2023000.0,55931000.0,3214000.0,0.15,6788000.0,0.1213638233,123395000.0,90749000.0,98421000.0,32609000.0,32646000.0,1770000.0,725000.0,154314240.0,92398240.0,6.680580094228504,3.018215829985587,0.010802706754730742,0.014688867094954214,0.021983228549636153,6.680580094228504,0.022292256663985276,2.7590109241744294,19.069975284231337,1.7004511344477624,0.0,27.764406779661016,0.0,0.4532679606142874,2.3387715047992885,0.016394505449977715,-67.1515404699739,0.1213638232822585,4.597122302158273,21.279210836277976,0.7215362366931538,0.21472474274881087,2.0155486450466458,4.518260869565218,2.461573442473852,1.8199385790318199,-0.09425304766114057,0.7442365575150273,Engineering & Construction,Industrials,AGX
2010Q4,2010,Q4,2010-04-14,2010-01-31,-575000.0,43098000.0,-2199000.0,-0.0417,2251000.0,0.0522298018,120273000.0,88368000.0,95231000.0,31867000.0,31905000.0,2010000.0,-1297000.0,196968000.0,132792000.0,6.5053003533568905,2.9883892427903476,0.015240328253223915,0.020742802824551872,-0.009802699379311611,6.5053003533568905,-0.006506880318667391,4.570235277739107,-85.63826086956522,2.2289516567083107,0.0,20.32189054726368,0.0,0.35833478835648896,2.633413876423887,-0.0047807903685781515,26.2064928153273,0.05222980184695346,-1.297857142857143,0.6103107728549424,0.5734672493277548,0.1842931948429459,-0.6712428800934716,-1.2927698574338085,-1.7764830508474576,-2.490794492119581,-0.15665207299999795,0.6213925124158375,Engineering & Construction,Industrials,AGX
2010Q3,2010,Q3,2009-12-08,2009-10-31,1964000.0,60667000.0,2832000.0,0.14,6847000.0,0.1128620172,124527000.0,88773000.0,96279000.0,35390000.0,35754000.0,2593000.0,-722000.0,167700650.0,117045650.0,6.537521172398557,2.7205142695676745,0.018734892834485695,0.026280513219109413,0.01949865636065817,6.537521172398557,0.02212384396156489,2.764281240212966,21.346824083503055,1.889095220393588,0.0,20.75588121866564,0.0,0.48717948717948717,1.6090421022887822,0.015771680037260996,140.2179347826087,0.1128620172416635,-0.26315789473684204,3.3809162337772696,1.168450191813769,-0.02351999747295676,-0.01566992524439333,-0.2685288640595903,-0.2484076433121019,3.5943566262207076,1.1266826992402723,1.2486555754663105,Engineering & Construction,Industrials,AGX
2010Q2,2010,Q2,2009-09-08,2009-07-31,2685000.0,65455000.0,3768000.0,0.19,6956000.0,0.1062714842,128827000.0,86015000.0,100776000.0,41951000.0,42812000.0,2140000.0,-2685000.0,199681600.0,150444600.0,6.375259412985473,2.402231174465448,0.022316750370652116,0.033424402720455736,0.027438699928497755,6.375259412985473,0.03121548567110388,3.0506699259032923,18.592327746741155,2.321474161483462,0.0,27.335981308411213,0.0,0.5080844853951423,1.8105170317751662,0.020841904259200322,-36.174202898550725,0.10627148422580399,-0.13636363636363635,1.203984817735463,3.7876641123341597,0.06836998992590464,-0.06354334948842219,-0.09504550050556117,-0.10583768391077361,6.840529154672302,1.5781528808348873,1.1681410787732445,Engineering & Construction,Industrials,AGX
2010Q1,2010,Q1,2009-06-08,2009-04-30,2967000.0,63110000.0,4214000.0,0.22,7428000.0,0.1176992553,126000000.0,82608000.0,98136000.0,42034000.0,43392000.0,1669000.0,-5370000.0,178952950.0,124568950.0,6.144142804016363,2.3346814483513345,0.027801587301587303,0.042405093937633156,0.030167379260630525,6.144142804016363,0.035916618245206276,2.8355720171129772,15.078610549376476,2.16629079508038,0.0,33.36249251048532,0.0,0.5008730158730159,1.9046248275205786,0.023547619047619046,-10.948482716427042,0.11769925526857868,-0.4054054054054054,2.1303418388045574,3.6835477008443878,-0.11504317976981124,-0.4101953311100524,-0.41060786650774733,-0.45030002608922515,47.7589686376596,0.9976211281399775,1.0083785271270491,Engineering & Construction,Industrials,AGX
2009Q4,2009,Q4,2009-04-15,2009-01-31,5034000.0,56035000.0,7666000.0,0.37,12594000.0,0.2247523869,135164000.0,79106000.0,107752000.0,54140000.0,56058000.0,1347000.0,-8337000.0,151121800.0,80589800.0,5.883674228337672,1.9902475064647212,0.03058506702968246,0.052258994260865166,0.05348488322611218,5.883674228337672,0.06363613379516092,2.6969179976800213,7.50505562177195,1.910370894748818,0.0,32.25018559762435,0.0,0.41457044775236007,1.7358145548577761,0.0372436447574798,-8.430783821478382,0.224752386901044,0.9473684210526315,5.78772303236986,2.027558330728737,-0.17573701369908132,0.8417665984205908,0.9184451219512195,1.0453575240128068,1.2096016535229472,1.1742149343320274,0.9202749877528568,Engineering & Construction,Industrials,AGX
2009Q3,2009,Q3,2008-12-12,2008-10-31,2624000.0,41387000.0,3748000.0,0.19,6838000.0,0.1652209631,140068000.0,73663000.0,111685000.0,64078000.0,66405000.0,2533000.0,-13371000.0,159224180.0,70857180.0,5.491501416430595,1.742953899934455,0.034097723962646716,0.06483580630710126,0.030927699730633855,5.491501416430595,0.03562168252718461,3.8472027448232535,15.169986661585364,2.161521795202476,0.0,13.639557836557442,0.0,0.2954779107290744,1.5069602671743811,0.01873375788902533,-17.011130341880342,0.16522096310435644,1.714285714285714,0.18423738402864695,0.48566543328768813,-0.23943001488659604,-0.11424870466321244,2.2555831265508686,0.011879049676025918,3.599586785661037,0.6497347015786511,0.1586317642455213,Engineering & Construction,Industrials,AGX
2009Q2,2009,Q2,2008-09-12,2008-07-31,806000.0,75098000.0,3704000.0,0.07,7720000.0,0.1027990093,169995000.0,70823000.0,142946000.0,96222000.0,99172000.0,2662000.0,-15995000.0,195618840.0,97040840.0,5.971585160202361,1.4855854170563905,0.03190093826289009,0.07657117038250286,0.02042522466369222,5.971585160202361,0.011380483741157533,2.604847532557458,60.675818858560795,2.762080680005083,0.0,25.311044327573253,0.0,0.4417659342921851,1.317858701752198,0.004741315921056501,14.986504251896116,0.10279900929452182,-0.5,1.2861621335565991,3.596289369790607,-0.17636467336269987,0.34658991801848943,-0.4816720257234727,1.150987224157956,1.0893214917259053,1.898026695963513,0.23357427457971178,Engineering & Construction,Industrials,AGX
2009Q1,2009,Q1,2008-06-12,2008-04-30,1555000.0,48406000.0,1722000.0,0.14,5733000.0,0.1184357311,142764000.0,43916000.0,113595000.0,95252000.0,98848000.0,2921000.0,-16801000.0,138975000.0,78399000.0,3.9499910055765426,1.1925733842858943,0.042510716987475834,0.1381956462337189,0.025436975822091357,3.9499910055765426,0.03540850715001366,2.8710283849109612,22.343247588424436,3.1645641679570087,0.0,14.609038000684697,0.0,0.33906306912106693,1.0291332465460044,0.01089210165027598,58.05137844611529,0.11843573110771392,3.834008097165992,1.818783123694079,0.349948215538319,-0.8463175462635797,-0.1032379164711403,3.752212389380531,0.5306666666666666,19.92354740061162,0.8203872458773718,-0.2817761720641134,Engineering & Construction,Industrials,AGX
2008Q4,2008,Q4,2008-04-24,2008-01-31,-565000.0,53944000.0,1125000.0,-0.0494,6393000.0,0.11851179,145863000.0,41866000.0,116250000.0,99747000.0,103997000.0,2808000.0,-18356000.0,126078120.0,65966120.0,3.765605324698687,1.1654485849198473,0.04603634917696743,0.1603926814121244,0.05815030567505815,3.765605324698687,-0.013495437825443081,2.337203766869346,-55.786778761061946,3.01146801700664,0.0,16.93411680911681,0.0,0.36982648101300536,0.9755481367860688,-0.0038734977341752194,-9.81687456201822,0.11851179000444906,0.7255555555555555,0.8281131022382675,0.3856259693013893,-0.48033463387895176,-0.14141821112006447,0.7112927950945325,-0.632952691680261,0.532157139496589,1.406272129181449,-0.31446966038950586,Engineering & Construction,Industrials,AGX
2008Q3,2008,Q3,2007-12-17,2007-10-31,-1957000.0,49263000.0,3065000.0,-0.18,7446000.0,0.1511479203,153797000.0,42143000.0,123722000.0,106915000.0,111654000.0,1711000.0,-17791000.0,108740800.00000001,40833800.000000015,3.7980353280461427,1.1571996445774682,0.04786179184249368,0.17466720451795079,0.17359035442477627,3.7980353280461427,-0.04643713072159077,2.207352373992652,-13.89126213592233,2.580281422774838,0.0,24.440093512565753,0.0,0.32031183963276266,0.9808913622971519,-0.012724565498676827,3.4282543585863365,0.15114792034589855,-2.5,-2.1786747989839697,0.3362362607801236,-0.5032665513424016,0.13385107354956602,-2.467016491754123,0.7084726867335563,-1.9033192834562698,1.1548603378945879,-0.4327046216865089,Engineering & Construction,Industrials,AGX
2008Q2,2008,Q2,2007-09-12,2007-07-31,1334000.0,53137000.0,1794000.0,0.12,6567000.0,0.1235862017,138554000.0,43920000.0,102879000.0,88695000.0,94634000.0,2442000.0,-15832000.0,83205000.0,42072000.0,3.958896700919416,1.1599188229325215,0.05778974262742324,0.1823087431693989,0.020338790838676693,3.958896700919416,0.030373406193078323,1.565858065001788,15.593140929535233,1.894467213114754,0.0,19.07043407043407,0.0,0.3835111220174084,0.9409324088167315,0.009628015069936631,5.392067915235565,0.12358620170502663,1.6666666666666667,-0.4117911830336939,0.36656566849477534,-0.47189283185184416,4.574702886247878,1.6620347394540942,1.5302985515814367,1.1232530160119125,3.7267871832967603,-0.33656559608163333,Engineering & Construction,Industrials,AGX
2008Q1,2008,Q1,2007-06-14,2007-04-30,-2015000.0,50432000.0,-3383000.0,-0.18,1178000.0,0.0233581853,119630000.0,42491000.0,81706000.0,69657000.0,77139000.0,2640000.0,-17166000.0,72111000.0,43987000.0,3.8300883360374978,1.172976154586043,0.07232299590403744,0.20361959003083005,-0.04512117052917761,3.8300883360374978,-0.04742180697088795,1.4298659581218274,-8.946774193548388,1.6970887952742935,0.0,18.65681818181818,0.0,0.42156649669815266,0.8885395581205048,-0.016843601103402158,9.851229508196722,0.02335818527918782,-7.428571428571428,-1.7178604692618846,0.3836024016625099,-0.47475207942786696,-0.7186529734893718,-7.396825396825397,-30.67543859649123,0.06966373100939081,3.535817832400469,-0.44834244528873557,Engineering & Construction,Industrials,AGX
2007Q4,2007,Q4,2007-04-26,2007-01-31,315000.0,41736000.0,114000.0,0.028,4187000.0,0.1003210657,121130000.0,44511000.0,80925000.0,68419000.0,76619000.0,2387000.0,-15151000.0,68782800.0,52690800.0,4.0121687398593835,1.1827854835645069,0.07678527202179476,0.20895958302442094,0.001101193520823873,4.0121687398593835,0.0070769023387477255,1.6480448533640022,54.58952380952381,1.5452989148749747,0.0,15.730624214495183,0.0,0.34455543630809876,0.9188091027346205,0.002600511846776191,-4.644662029846715,0.10032106574659766,1.5026929982046677,1.4366076429885186,0.42597084627546006,-0.4300044544754252,1.2414346895074946,2.235294117647059,1.3275862068965518,1.3630772240313913,1.7328551400260346,-0.43792228143228684,Engineering & Construction,Industrials,AGX
2007Q3,2007,Q3,2006-12-14,2006-10-31,-255000.0,9609000.0,-348000.0,-0.0557,1868000.0,0.1944010823,23107000.0,13298000.0,8991000.0,7586000.0,9809000.0,2202000.0,-15466000.0,,,,,,,,,,,,,,,,,,,,,,,,,,,,,,,Engineering & Construction,Industrials,AGX
2007Q2,2007,Q2,2006-09-11,2006-07-31,-155000.0,8560000.0,-3000.0,-0.0341,1942000.0,0.2268691589,23160000.0,13376000.0,8727000.0,6726000.0,9784000.0,2867000.0,-15211000.0,,,,,,,,,,,,,,,,,,,,,,,,,,,,,,,Engineering & Construction,Industrials,AGX
2007Q1,2007,Q1,2006-06-13,2006-04-30,-18000.0,8962000.0,277000.0,-0.0047,2253000.0,0.251394778,23673000.0,11668000.0,8851000.0,6946000.0,12005000.0,3270000.0,-15056000.0,,,,,,,,,,,,,,,,,,,,,,,,,,,,,,,Engineering & Construction,Industrials,AGX
