Quarters,Year,Quarter,FillingDate,Date,NetIncome,Revenue,OperatingIncome,EPSDiluted,GrossProfit,GrossProfitRatio,TotalAssets,CommonStockEquity,CurrentAssets,CurrentLiability,TotalLiability,Inventory,RetainedEarnings,MarketCap,EnterpriseValue,bookValuePerShare,currentRatio,debtToAssets,debtToEquity,roic,shareholdersEquityPerShare,roe,priceToSalesRatio,peRatio,pbRatio,payoutRatio,inventoryTurnover,dividendYield,assetTurnover,quickRatio,returnOnAssets,priceToFreeCashFlowsRatio,grossProfitMargin,epsdilutedGrowth,fiveYNetIncomeGrowthPerShare,fiveYRevenueGrowthPerShare,fiveYShareholdersEquityGrowthPerShare,grossProfitGrowth,netIncomeGrowth,operatingIncomeGrowth,threeYNetIncomeGrowthPerShare,threeYRevenueGrowthPerShare,threeYShareholdersEquityGrowthPerShare,Industry,Sector,Symbol
2023Q1,2023,Q1,2023-05-15,2023-03-31,-2847000.0,49000.0,-4295000.0,-0.0588,49000.0,1.0,37462000.0,34989000.0,33160000.0,1837000.0,2473000.0,0.0,-384207000.0,20811978.5,-1769021.5,0.7229139699524483,18.051170386499727,0.021728685067535104,0.023264454542856326,-0.09121539568169405,0.7229139699524483,-0.08136843007802452,424.73425510204083,-1.827535871092378,0.5948148989682471,0.0,0.0,0.0,0.0013079920986599754,17.75285792052259,-0.0759970103037745,-5.655428940217392,1.0,0.3422818791946308,0.9821279282613363,-0.9850979753078256,-0.9415790541227467,1.0024846610212463,0.3372905027932961,0.2269618430525558,0.7298260828925087,-0.6065075007538461,-0.6398849900952224,Biotechnology,Healthcare,AIM
2022Q4,2022,Q4,2023-03-31,2022-12-31,-4296000.0,56000.0,-5556000.0,-0.0894,-19721000.0,-352.1607142857,40488000.0,38468000.0,36321000.0,1361000.0,2020000.0,0.0,-380546000.0,14985949.1272,-11230050.8728,0.8006279147326691,26.686994856722997,0.020672791938352104,0.021758344598107517,-0.1354758617843089,0.8006279147326691,-0.11167723822397838,267.6062344142857,-0.8720873560986965,0.3895692296766144,0.0,0.0,0.0,0.0013831258644536654,26.35268185157972,-0.10610551274451689,-2.400055914029468,-352.1607142857143,0.3123076923076924,0.963019716739883,-0.9807854029138959,-0.9241695063372802,-2.034,0.31253000480076815,0.14798343812298728,-0.3163663070995197,-0.5922941448849308,0.08493375926729115,Biotechnology,Healthcare,AIM
2022Q3,2022,Q3,2022-11-14,2022-09-30,-6249000.0,21000.0,-6521000.0,-0.13,-6500000.0,-309.5238095238,46285000.0,42695000.0,41150000.0,2895000.0,3590000.0,0.0,-376157000.0,27982100.22,-910899.7800000012,0.8880137589615137,14.214162348877375,0.0187101652803284,0.020283405551001287,-0.14365370631935445,0.8880137589615137,-0.14636374282702894,1332.480962857143,-1.1194631228996639,0.6553952504977163,0.0,0.0,0.0,0.00045371070541212055,12.692573402417962,-0.1350113427676353,-5.609883765036086,-309.5238095238095,-0.3,0.928992065614688,-0.9966804633437196,-0.9395076112766705,-165.66666666666666,-0.24805272618334331,-0.3889243876464324,0.885199877421186,-0.9813555847922968,-0.8329775947466791,Biotechnology,Healthcare,AIM
2022Q2,2022,Q2,2022-08-15,2022-06-30,-5007000.0,30000.0,-4695000.0,-0.1,-39000.0,-1.3,50884000.0,48780000.0,46045000.0,1368000.0,2104000.0,0.0,-369772000.0,37466598.0,3903598.0,1.0155285515914736,33.65862573099415,0.017471110761732567,0.018224682246822468,-0.09584998026844165,1.0155285515914736,-0.10264452644526445,1248.8866,-1.8707109047333734,0.7680729397293973,0.0,0.0,0.0,0.0005895762911720776,30.535087719298247,-0.09840028299661976,-15.902630730050934,-1.3,-0.06951871657754016,0.9705018978608594,-0.9981803126892453,-0.939002432846288,0.11363636363636363,-0.11564171122994653,-0.4895304568527919,0.9024554694201972,-0.9591087265663064,-0.7055303745430077,Biotechnology,Healthcare,AIM
2022Q1,2022,Q1,2022-05-13,2022-03-31,-4488000.0,33000.0,-3152000.0,-0.0935,-44000.0,-1.3333333333,54155000.0,53301000.0,50380000.0,766000.0,854000.0,3900000.0,-364921000.0,50874352.32,22029352.32,1.1105607722457194,65.77023498694517,0.0026590342535315298,0.002701637867957449,-0.0691034994971911,1.1105607722457194,-0.08420104688467384,1541.64704,-2.8339100000000004,0.9544727551077841,0.0,0.019743589743589744,0.0,0.0006093620164343089,60.29242819843342,-0.08287323423506601,-18.228001547832317,-1.3333333333333333,0.2208333333333333,0.980909231155073,-0.9952857966639058,-0.9506023460521789,0.6507936507936508,0.21893491124260356,0.46989572822065256,0.967879934227331,0.0,-0.6730822756345038,Biotechnology,Healthcare,AIM
2021Q4,2021,Q4,2022-03-31,2021-12-31,-5746000.0,50000.0,-5946000.0,-0.12,-126000.0,-2.52,57699000.0,56879000.0,50213000.0,673000.0,820000.0,0.0,-361101000.0,44018388.08,12074388.079999998,1.1887913729347992,74.61069836552748,0.002582367112081665,0.002619595984458236,-0.10221399214140607,1.1887913729347992,-0.10102146662212767,880.3677616,-1.9151752558301427,0.7738952527294785,0.0,0.0,0.0,0.0008665661449938474,74.15898959881129,-0.09958578138269294,-7.460743742372881,-2.52,-0.4999999999999999,0.941035857515965,-0.9623841916475738,-0.9558229539134826,-0.016129032258064516,-0.501829587036069,-0.5133621786714176,0.9135445997401705,-0.99496266140875,-0.7341920849802506,Biotechnology,Healthcare,AIM
2021Q3,2021,Q3,2021-11-15,2021-09-30,-3826000.0,33000.0,-3929000.0,-0.08,-124000.0,-3.757575757575758,63080000.0,62047000.0,38037000.0,767000.0,1033000.0,0.0,-355255000.0,96649069.48,59444069.480000004,1.2968044149244096,49.591916558018255,0.0022828154724159797,0.0023208213128757234,-0.06303040025667762,1.2968044149244096,-0.061662932937934144,2928.7596812121214,-6.315281591740721,1.5576751411027123,0.0,0.0,0.0,0.000523145212428662,49.382007822685786,-0.06065313887127457,-27.271182133182844,-3.757575757575758,0.3333333333333333,0.9861361719639031,-0.9844439587666064,-0.9613089735871416,0.515625,0.3488767869298843,-0.05675094136632598,0.972140723183621,-0.9805363703789386,-0.7840287950334665,Biotechnology,Healthcare,AIM
2021Q2,2021,Q2,2021-08-17,2021-06-30,-5876000.0,23000.0,-3718000.0,-0.12,-256000.0,-11.130434782608695,66722000.0,65532000.0,41325000.0,876000.0,1190000.0,0.0,-351429000.0,102840943.55,61855943.55,1.37001660171952,47.17465753424658,0.0023530469710140584,0.002395776109381676,-0.05646508519879719,1.37001660171952,-0.08966611731673076,4471.34537173913,-4.375465603727025,1.5693240485564304,0.0,0.0,0.0,0.0003447138874733971,46.99771689497717,-0.08806690446929048,-58.96843093463303,-11.130434782608695,-0.4999999999999999,0.9557173056460225,-0.9849431805412486,-0.9632053131743344,-0.22488038277511962,-0.6417993853031573,0.007209612817089452,0.948354878105118,-0.9852062406107474,-0.8470788252371569,Biotechnology,Healthcare,AIM
2021Q1,2021,Q1,2021-05-17,2021-03-31,-3579000.0,28000.0,-3745000.0,-0.08,-209000.0,-7.464285714285714,74089000.0,70967000.0,51219000.0,970000.0,3122000.0,0.0,-345553000.0,103799960.85,57244960.849999994,1.5519764042377286,52.80309278350516,0.029936967701008246,0.03125396310961433,-0.04982106985592465,1.5519764042377286,-0.05043189087885919,3707.1414589285714,-7.250625932523051,1.4626511033297165,0.0,0.0,0.0,0.00037792384834455856,52.64020618556701,-0.0483067661866134,-30.439871217008797,-7.464285714285714,0.06976744186046502,0.9830418266078631,-0.992638470549886,-0.9604702133409325,-0.33974358974358976,0.09023894255210982,0.2728155339805825,0.9762194053222268,-0.9909867625927914,-0.8745799178279672,Biotechnology,Healthcare,AIM
2020Q4,2020,Q4,2021-03-31,2020-12-31,-3934000.0,42000.0,-5150000.0,-0.086,-156000.0,-3.7142857142857144,64584000.0,61294000.0,40310000.0,1102000.0,3290000.0,0.0,-341974000.0,81851070.45,45635070.45,1.3404376924675883,36.578947368421055,0.035380279945497334,0.03727934218683721,-0.07846542950300149,1.3404376924675883,-0.06418246484158319,1948.8350107142858,-5.2015169325114385,1.3353847105752603,0.0,0.0,0.0,0.000650315867707172,36.41197822141561,-0.06091291960857178,-26.075524195603695,-3.7142857142857144,-0.07499999999999989,0.9871413769136438,-0.9840500195247531,-0.9691482186538004,0.07142857142857142,-0.1899576527525711,-0.5350223546944859,0.9644173848871467,-0.9848577611558896,-0.8730420835028291,Biotechnology,Healthcare,AIM
2020Q3,2020,Q3,2020-11-12,2020-09-30,-3306000.0,36000.0,-3355000.0,-0.08,-168000.0,-4.666666666666667,64164000.0,61112000.0,39757000.0,795000.0,3052000.0,0.0,-338575000.0,83651223.89999999,47503223.89999999,1.5706978795321607,50.00880503144654,0.036593728570538,0.03842125932713706,-0.051157329755115735,1.5706978795321607,-0.05409739494698259,2323.645108333333,-6.325712636116152,1.3688182991883755,0.0,0.0,0.0,0.0005610622779128483,49.89433962264151,-0.0515242191883299,-27.94895552956899,-4.666666666666667,0.2727272727272727,0.9895575679533626,-0.9811981839785237,-0.9683170510763406,-0.05,0.018991097922848664,-0.004491017964071856,0.9535781239876238,-0.9929679142447071,-0.8930024836476809,Biotechnology,Healthcare,AIM
2020Q2,2020,Q2,2020-08-14,2020-06-30,-3370000.0,40000.0,-3340000.0,-0.11,-160000.0,-4.0,50123000.0,46992000.0,35165000.0,833000.0,3131000.0,0.0,-335269000.0,74326088.56,42762088.56,1.5679576614060962,42.21488595438175,0.04676495820282106,0.04988083077970718,-0.06490604170310345,1.5679576614060962,-0.07171433435478379,1858.152214,-5.513804789317508,1.5816753609124958,0.0,0.0,0.0,0.0007980368293996768,42.073229291716686,-0.06723460287692277,-50.66536370824813,-4.0,0.5,0.9896201043647507,-0.9872995531655324,-0.9737982815635469,-0.006289308176100629,0.11502100840336134,-0.004511278195488722,0.9681795406457783,-0.9961113794812663,-0.9058208628443661,Biotechnology,Healthcare,AIM
2020Q1,2020,Q1,2020-05-14,2020-03-31,-3808000.0,45000.0,-3325000.0,-0.22,-159000.0,-3.533333333333333,42407000.0,35111000.0,29710000.0,703000.0,7296000.0,0.0,-331917000.0,44775224.32,23791224.32,2.0074530360275813,42.261735419630156,0.1557761690286981,0.18814616501950956,-0.0757265190853603,2.0074530360275813,-0.10845603941784626,995.0049848888889,-2.9395499159663867,1.2752477662271084,0.0,0.0,0.0,0.0010611455655905864,41.12517780938833,-0.0897964958615323,-13.310114244946492,-3.533333333333333,-2.239104829210836,0.9744295125489253,-0.9710837942263155,-0.9698842595203608,0.04790419161676647,-2.2053872053872055,-0.07674870466321243,0.955550924381993,-0.982359856741672,-0.910708650198701,Biotechnology,Healthcare,AIM
2019Q4,2019,Q4,2020-03-30,2019-12-31,-1188000.0,50000.0,-3088000.0,-0.06792,-167000.0,-3.34,20219000.0,12907000.0,10446000.0,1127000.0,7312000.0,0.0,-328109000.0,9514735.168000001,14424735.168000001,0.7379509651108768,9.26885536823425,0.3155447846085365,0.49430541566591774,-0.1433412245276888,0.7379509651108768,-0.09204307739986053,190.29470336000003,-2.0022590841750842,0.7371763514372046,0.0,0.0,0.0,0.0024729215094712893,8.516415261756876,-0.058756615065037834,-3.9910801879194637,-3.34,0.9398938053097345,0.9938325938134404,-0.9710837942263156,-0.9880588236147514,0.011834319526627219,0.5970149253731343,0.03650546021840874,0.9666506549960203,-0.8970991643264201,-0.9725767745817236,Biotechnology,Healthcare,AIM
2019Q3,2019,Q3,2019-11-14,2019-09-30,-2948000.0,61000.0,-3205000.0,-1.13,-169000.0,-2.7704918032786887,22490000.0,13844000.0,12621000.0,4191000.0,8646000.0,0.0,-326918000.0,1984136.7480000001,-720863.2520000003,5.316734348392806,3.0114531138153184,0.30729212983548243,0.4992054319560821,-0.1388888888888889,5.316734348392806,-0.21294423577000868,32.526831934426234,-0.16826125746268655,0.14332105952036983,0.0,0.0,0.0,0.002712316585148955,2.8136482939632548,-0.1310804802134282,-0.772939909622127,-2.7704918032786887,-0.05607476635514003,0.9027001083617265,-0.8119998279473427,-0.9271759646666661,0.0913978494623656,-0.452932479053721,0.005893300248138958,0.8037112747527559,-0.47162208228823327,-0.8413716773814284,Biotechnology,Healthcare,AIM
2019Q2,2019,Q2,2019-08-14,2019-06-30,-2029000.0,29000.0,-3224000.0,-1.07,-186000.0,-6.413793103448276,13808000.0,6548000.0,3754000.0,1747000.0,7260000.0,0.0,-323970000.0,8392267.26,12320267.26,3.4486699604940845,2.148826559816829,0.3539252607184241,0.746334758704948,-0.23304900968628017,3.4486699604940845,-0.30986560781918143,289.38852620689653,-1.0340398299655003,1.281653521686011,0.0,0.0,0.0,0.002100231749710313,1.6828849456210646,-0.14694380069524912,-2.9079235135135133,-6.413793103448276,0.6526015758901597,0.9241455774956717,-0.8507461116585608,-0.9586891190611517,0.19480519480519481,0.39756532066508316,-0.10184552289815448,0.6147835245075599,-0.5217290961250918,-0.9073786908843322,Biotechnology,Healthcare,AIM
2019Q1,2019,Q1,2019-04-01,2019-03-31,-3368000.0,0.0,-2926000.0,-3.080037,-231000.0,0.0,15965000.0,3930000.0,5855000.0,2087000.0,12035000.0,0.0,-321941000.0,8144442.24,12040442.24,3.3970650395330204,2.8054623862002876,0.3939868462261196,1.6005089058524173,-0.2280947926410976,3.3970650395330204,-0.8569974554707379,0.0,-0.604545890736342,2.0723771603053436,0.0,0.0,0.0,0.0,2.386679444178246,-0.2109614782336361,-5.106233379310345,0.0,-1.2173215365565697,0.7459752230728965,-1.0,-0.9644597745284226,-4.5,-1.0958307405102676,-0.09958662157083803,0.36922844560730517,-1.0,-0.9134746791813033,Biotechnology,Healthcare,AIM
2018Q4,2018,Q4,2019-04-01,2018-12-31,-1607000.0,240000.0,-2661000.0,-1.38908,-42000.0,-0.175,13845000.0,5174000.0,3799000.0,5292000.0,8671000.0,0.0,-318573000.0,9162497.52,14788497.52,4.472370105481895,0.7178760393046107,0.4279523293607801,1.145148821028218,-0.19833047626145933,4.472370105481895,-0.31059141863161965,38.177073,-1.4254040945861854,1.7708731194433707,0.0,0.0,0.0,0.01733477789815818,0.5515873015873016,-0.11607078367641747,-3.76902407239819,-0.175,0.5490054177920589,0.8544783505832454,0.9288183774591625,-0.9489058658356865,0.7529411764705882,0.4779077322936972,0.12409479921000659,0.7923850459427999,2.6025063175133063,-0.8970630374175761,Biotechnology,Healthcare,AIM
2018Q3,2018,Q3,2018-11-14,2018-09-30,-3078000.0,38000.0,-3038000.0,-3.080037,-170000.0,-4.473684210526316,15170000.0,6439000.0,4943000.0,4962000.0,8731000.0,0.0,-316966000.0,11324100.48,13222100.48,6.004524608386379,0.9961708988311165,0.3924192485168095,0.924522441372884,-0.20310201898649552,6.004524608386379,-0.4780245379717347,298.00264421052634,-0.9197612475633529,1.7586737816431124,0.0,0.0,0.0,0.0025049439683586024,0.8268843208383716,-0.2029004614370468,-3.7323996308503626,-4.473684210526316,-0.4000002727240497,0.8228298854304009,-0.6879472879185662,-0.9407933068535769,-0.1111111111111111,-0.2745341614906832,0.05856832971800434,0.647254511807938,-0.2799296341414859,-0.8788811973598479,Biotechnology,Healthcare,AIM
2018Q2,2018,Q2,2018-08-14,2018-06-30,-2415000.0,33000.0,-3227000.0,-2.200026,-153000.0,-4.636363636363637,15685000.0,9096000.0,5285000.0,2077000.0,6589000.0,0.0,-313888000.0,14295353.6,13339353.6,8.958972515377305,2.5445353875782377,0.1665285304430985,0.28715919085312225,-0.2253491620111732,8.958972515377305,-0.26550131926121373,433.1925333333333,-1.4798502691511386,1.5716087950747581,0.0,0.0,0.0,0.0021039209435766656,2.059220028887819,-0.1539687599617469,-5.205882592862345,-4.636363636363637,0.2857144248591819,0.8241354725101795,-0.7140957390052481,-0.9215083557283512,-0.006578947368421052,0.10984150387025433,-0.2556420233463035,0.7804276897545539,-0.6907068514726828,-0.8502890217601092,Biotechnology,Healthcare,AIM
2018Q1,2018,Q1,2018-05-15,2018-03-31,-2713000.0,56000.0,-2570000.0,-3.080037,-152000.0,-2.7142857142857144,16260000.0,10200000.0,5663000.0,2650000.0,6060000.0,0.0,-311473000.0,14507574.4,13211574.4,12.37422570102415,2.136981132075472,0.16365313653136532,0.26088235294117645,-0.16797385620915034,12.37422570102415,-0.26598039215686275,259.0638285714286,-1.3368572060449688,1.4223112156862745,0.0,0.0,0.0,0.0034440344403444036,1.7615094339622641,-0.1668511685116851,-5.675889827856025,-2.7142857142857144,-0.2738848471563344,0.7120535102369624,-0.48899138737715747,-0.9055288572603977,0.3821138211382114,-0.3612644254892122,0.07984246330110992,0.6134483534967408,-0.23645878237079926,-0.8143622973188182,Biotechnology,Healthcare,AIM
2017Q4,2017,Q4,2018-03-30,2017-12-31,-1993000.0,50000.0,-2793000.0,-2.41783,-246000.0,-4.92,14207000.0,8703000.0,3505000.0,2707000.0,5504000.0,0.0,-308760000.0,12694127.6,13117127.6,10.558126105491487,1.2947912818618397,0.1291616808615471,0.21084683442491095,-0.2650408047067755,10.558126105491487,-0.22900149373779158,253.882552,-1.5923391369794282,1.4585921636217396,0.0,0.0,0.0,0.0035193918490884777,0.7872183228666421,-0.1402829591046667,-16.421898576972833,-4.92,-0.37375065411151337,0.8600787463421884,-0.6384373023894983,-0.9253807389990504,0.20388349514563106,-0.59185303514377,-0.053167420814479636,0.7804623169303831,-0.3864400929765351,-0.8291533555966976,Biotechnology,Healthcare,AIM
2017Q3,2017,Q3,2017-11-14,2017-09-30,-1252000.0,90000.0,-2652000.0,-1.760021,-309000.0,-3.433333333333333,14725000.0,10041000.0,3735000.0,2200000.0,4684000.0,0.0,-306767000.0,9630762.24,10593762.24,14.679760176490454,1.6977272727272728,0.0995585738539898,0.1460013942834379,-0.23046841053271921,14.679760176490454,-0.12468877601832487,107.00846933333334,-1.9230755271565494,0.9591437346877801,0.0,0.0,0.0,0.006112054329371817,1.065909090909091,-0.08502546689303905,-5.018635872850443,-3.433333333333333,0.5,0.9278932473100792,-0.12453825269997126,-0.8959570193194266,-60.8,0.42909256725946193,0.02857142857142857,0.8426930795315511,0.05591642141920431,-0.7989293232036747,Biotechnology,Healthcare,AIM
2017Q2,2017,Q2,2017-08-14,2017-06-30,-2193000.0,213000.0,-2730000.0,-3.520042,-5000.0,-0.023474178403755867,16108000.0,10332000.0,4680000.0,2743000.0,5776000.0,0.0,-306022000.0,13652980.0,12947980.0,16.64867303694871,1.7061611374407584,0.032095852992301964,0.050038714672861015,-0.25163609549267213,16.64867303694871,-0.21225319396051104,64.09849765258215,-1.5564272685818512,1.3214266356949282,0.0,0.0,0.0,0.013223243109014154,1.2063434196135618,-0.13614353116463868,-5.907823453050628,-0.023474178403755867,0.2727273102925626,0.6966619152741745,0.8038195384181807,-0.8721514961138779,0.9731182795698925,0.22261609358383552,0.15766738660907129,0.7491640648376201,2.3539726980239233,-0.8005691012773326,Biotechnology,Healthcare,AIM
2017Q1,2017,Q1,2017-05-15,2017-03-31,-2821000.0,84000.0,-3241000.0,-4.840058,-186000.0,-2.2142857142857144,16863000.0,12948000.0,5190000.0,2636000.0,3915000.0,0.0,-303322000.0,13937409.775926,13161409.775926,22.48205498623087,1.9688922610015174,0.0,0.0,-0.2503089280197714,22.48205498623087,-0.2178714859437751,165.92154495149998,-1.2351479773064518,1.0764141007048191,0.0,0.0,0.0,0.0049813200498132005,1.437784522003035,-0.1672893316728933,-4.634988285974726,-2.2142857142857144,-1.3763983267213953,0.45421799462598256,-0.4790467872608634,-0.8399931477623842,0.2900763358778626,-1.4049445865302643,0.206609547123623,0.5726053461197151,-0.3576521252638999,-0.7647918735801174,Biotechnology,Healthcare,AIM
2016Q4,2016,Q4,2017-03-31,2016-12-31,-1173000.0,16000.0,-4085000.0,-2.03672,-262000.0,-16.375,18873000.0,15498000.0,6941000.0,2435000.0,3375000.0,0.0,-300501000.0,17485113.935926,15077113.935926002,26.909707149876894,2.8505133470225874,0.0,0.0,-0.2635823977287392,26.909707149876894,-0.075687185443283,1092.819620995375,-3.726580122746377,1.1282174432782295,0.0,0.0,0.0,0.0008477719493456261,2.4098562628336757,-0.062152281036401205,-8.271104037807948,-16.375,0.6439343651274136,0.8318519279404704,-0.8119868104400109,-0.8177178327926593,-0.048,0.590146750524109,-0.2662740235585865,0.7866307909047848,-0.7417013837040022,-0.6925728070329171,Biotechnology,Healthcare,AIM
2016Q3,2016,Q3,2016-11-14,2016-09-30,-2862000.0,22000.0,-3226000.0,-5.720069,-250000.0,-11.363636363636363,21576000.0,16631000.0,9332000.0,2431000.0,4945000.0,0.0,-299328000.0,27509161.183803,23036161.183803,33.51692976781399,3.8387494858083095,0.0,0.0,-0.19397510672839877,33.51692976781399,-0.17208826889543624,1250.416417445591,-2.4029665604300314,1.6540894223920992,0.0,0.0,0.0,0.0010196514645902854,3.2945290004113534,-0.13264738598442713,-8.986985032278014,-11.363636363636363,-0.08332916673295333,0.4598052539439797,-0.7471625181127657,-0.7880113877153002,0.09090909090909091,-1.1964696853415195,-0.14641080312722105,0.6439777489642293,-0.6095614353886775,-0.6695114592083483,Biotechnology,Healthcare,AIM
2016Q2,2016,Q2,2016-08-15,2016-06-30,-1303000.0,15000.0,-2814000.0,-5.280084,-275000.0,-18.333333333333332,21918000.0,17489000.0,10730000.0,4429000.0,4429000.0,1326000.0,-296466000.0,29760445.909704,28222445.909704,37.23408785107217,2.422668773989614,0.0,0.0,-0.16090113785808222,37.23408785107217,-0.07450397392646807,1984.0297273136,-5.709985784670759,1.701666528086454,0.0,0.2187028657616893,0.0,0.000684369011771147,1.4703093249040415,-0.059448854822520304,-19.150866093760616,-18.333333333333332,0.0,0.689955209841035,-0.7725624364848216,-0.7814074620818674,-0.20087336244541484,0.3978743068391867,0.23511823865180756,0.7948962886811833,-0.719090817479377,-0.6737834865137333,Biotechnology,Healthcare,AIM
2016Q1,2016,Q1,2016-05-16,2016-03-31,-2164000.0,39000.0,-3679000.0,-5.280084,-229000.0,-5.871794871794871,21500000.0,18408000.0,9538000.0,3092000.0,3092000.0,1326000.0,-295163000.0,32182755.851137,31169755.851137,39.26093549714949,3.0847347994825354,0.0,0.0,-0.1998587570621469,39.26093549714949,-0.11755758365927857,825.1988679778718,-3.7179708700481746,1.748302686393796,0.0,0.20211161387631976,0.0,0.001813953488372093,2.5384864165588614,-0.10065116279069768,-29.12466592863077,-5.871794871794871,0.21082645183950727,-0.36532245548920894,-0.49264588711719326,-0.7811002256123629,0.32448377581120946,0.3101689512272872,-0.2940555750967288,0.5962101221870137,-0.37433627428785926,-0.7002620179188622,Biotechnology,Healthcare,AIM
2015Q4,2015,Q4,2016-03-29,2015-12-31,-3137000.0,27000.0,-2843000.0,-6.69065,-339000.0,-12.555555555555555,22804000.0,20371000.0,10571000.0,2433000.0,2433000.0,1326000.0,-292999000.0,19804774.057726,17690774.057726,43.44765955087094,4.344841759145089,4.385195579722856e-05,4.9089391782435816e-05,-0.13954744023953272,43.44765955087094,-0.15399342202150115,733.5101502861481,-1.5783211713202103,0.9722043128823327,0.0,0.27601809954751133,0.0,0.001184002806525171,3.662145499383477,-0.13756358533590599,-5.842116241217109,-12.555555555555555,0.36642585928312327,0.20721632642186347,-0.4536186476646696,-0.7577570999537944,-0.02727272727272727,0.1751249013936366,0.28621641978408235,0.6128073681313034,-0.6567476221782451,-0.6929348811035135,Biotechnology,Healthcare,AIM
2015Q3,2015,Q3,2015-11-16,2015-09-30,-3803000.0,23000.0,-3983000.0,-10.560169,-330000.0,-14.347826086956522,26497000.0,23170000.0,13979000.0,3327000.0,3327000.0,1326000.0,-289862000.0,41950952.614736,40792952.614736,49.57549511305866,4.201683198076345,0.00011322036456957391,0.0001294777729823047,-0.1718588194684156,49.57549511305866,-0.1641346568839016,1823.954461510261,-2.7577539189282145,1.81057197301407,0.0,0.26621417797888386,0.0,0.0008680227950334,3.7195671776375114,-0.14352568215269654,-11.962062336679782,-14.347826086956522,0.0,0.36126103995869924,-0.640851198321543,-0.7628718345338436,0.2826086956521739,0.21506707946336429,0.1873087125076515,0.6794491246792939,-0.6725676883839189,-0.6486330690512029,Biotechnology,Healthcare,AIM
2015Q2,2015,Q2,2015-08-12,2015-06-30,-4845000.0,47000.0,-4901000.0,-10.560169,-460000.0,-9.787234042553191,29866000.0,26764000.0,17061000.0,3102000.0,3102000.0,1009000.0,-286059000.0,47229176.705508,45394176.705508,59.84178729379357,5.5,0.0002343802317016005,0.0002615453594380511,-0.18302337739935767,59.84178729379357,-0.18102675235390822,1004.8761001171915,-2.437006021956037,1.7646531424864744,0.0,0.5024777006937562,0.0,0.0015736958414250318,5.065764023210832,-0.16222460322775062,-9.087776930057341,-9.787234042553191,0.0,0.2570961652013259,-0.3538574776821138,-0.7290984307961589,-0.36904761904761907,-0.40638606676342526,0.004468819825309771,0.07009111316814456,-0.4477068594035863,-0.5404628970486861,Biotechnology,Healthcare,AIM
2015Q1,2015,Q1,2015-05-12,2015-03-31,-3445000.0,36000.0,-4923000.0,-10.560169,-336000.0,-9.333333333333334,30791000.0,26970000.0,17917000.0,3821000.0,3821000.0,480000.0,-281214000.0,49134989.129206,46207989.129206,66.65793382649164,4.689086626537556,0.000487155337598649,0.0005561735261401557,-0.18233333333333332,66.65793382649164,-0.12773451983685577,1364.8608091446113,-3.565674102264587,1.821838677389915,0.0,0.775,0.0,0.0011691728102367575,4.450405652970427,-0.11188334253515637,-11.04405240036098,-9.333333333333334,0.04114049790888443,0.4703796427350152,-0.3005782829094198,-0.71286612157708,-0.16666666666666666,0.2268850987432675,-0.07653619068445222,0.051269332497703914,-0.6821958809005371,-0.525589356721508,Biotechnology,Healthcare,AIM
2014Q4,2014,Q4,2015-03-19,2014-12-31,-4456000.0,40000.0,-4573000.0,-11.01326,-288000.0,-7.2,29440000.0,25004000.0,16507000.0,4436000.0,4436000.0,0.0,-277769000.0,53407596.0,51273596.0,61.798849736655434,3.7211451758340846,0.0007472826086956522,0.0008798592225243961,-0.18256946662408177,61.798849736655434,-0.17821148616221405,1335.1899,-2.996386669658887,2.1359620860662294,0.0,0.0,0.0,0.001358695652173913,3.631199278629396,-0.1513586956521739,-12.789175287356322,-7.2,-0.04290565804391962,0.3152912239565826,-0.3782918070305955,-0.7507944715848764,-0.10344827586206896,-0.06044740599714422,-0.056364056364056364,0.0907639456133504,-0.3309386966327097,-0.5813842120920337,Biotechnology,Healthcare,AIM
2014Q3,2014,Q3,2014-11-07,2014-09-30,-4202000.0,45000.0,-4329000.0,-10.560169,-261000.0,-5.8,30638000.0,26365000.0,17666000.0,4257000.0,4273000.0,0.0,-273313000.0,61015682.527875,59785682.527875,73.0079612322603,4.149870801033591,0.0010444545988641555,0.001213730324293571,-0.16379734382685687,73.0079612322603,-0.15937796320879954,1355.904056175,-3.6301572184599595,2.314268254423478,0.0,0.0,0.0,0.0014687642796527187,4.094667606295514,-0.13714994451334944,-15.597055860908743,-5.8,0.33333331228989843,-0.15651370666757652,0.20633021806853577,-0.7335295845596882,-0.011627906976744186,0.15213882163034706,0.1486725663716814,-0.08976625054005498,-0.28939563862928347,-0.5382376460321164,Biotechnology,Healthcare,AIM
2014Q2,2014,Q2,2014-08-08,2014-06-30,-4956000.0,36000.0,-5085000.0,-15.840253,-258000.0,-7.166666666666667,33549000.0,29368000.0,20458000.0,4161000.0,4181000.0,0.0,-269111000.0,57581475.777449,55015475.777449,83.48091064916017,4.91660658495554,0.0015201645354556022,0.0017365840370471262,-0.1726245035135961,83.48091064916017,-0.16875510760010895,1599.4854382624721,-2.9046345731158696,1.9606876797006605,0.0,0.0,0.0,0.001073057319145131,4.857486181206441,-0.14772422426897971,-16.188213600632274,-7.166666666666667,-0.4999999526522729,0.3100348718548084,0.14093364731030827,-0.6553384734314309,-0.044534412955465584,-0.291970802919708,0.00528169014084507,-0.5745207381021807,-0.2711964138001609,-0.509903285411319,Biotechnology,Healthcare,AIM
2014Q1,2014,Q1,2014-05-09,2014-03-31,-3836000.0,76000.0,-5112000.0,-10.560169,-247000.0,-3.25,35010000.0,31993000.0,21887000.0,2988000.0,3017000.0,0.0,-264155000.0,70691173.395864,66646173.395863995,95.58366595759937,7.324966532797858,0.001713796058269066,0.0018754102459913105,-0.15925729773513195,95.58366595759937,-0.11990122839371112,930.1470183666315,-4.607088985653284,2.2095825147958617,0.0,0.0,0.0,0.0021708083404741504,7.213520749665328,-0.10956869465866895,-23.29198464443624,-3.25,-0.10629583301904981,0.4386571155307093,0.18386408984852437,0.45323694923287483,-1.0583333333333333,-0.20062597809076682,-0.49824150058616645,-2.3902463291733014,0.384952408267975,-0.46707222718162467,Biotechnology,Healthcare,AIM
2013Q4,2013,Q4,2014-03-14,2013-12-31,-3195000.0,36000.0,-3412000.0,-9.54552,-120000.0,-3.3333333333333335,31867000.0,29298000.0,18552000.0,2532000.0,2569000.0,0.0,-260319000.0,47716542.050576,46969542.050576,87.53196778125672,7.327014218009479,0.0017573037938933692,0.0019113932691651307,-0.11601496089765385,87.53196778125672,-0.10905181241040345,1325.459501404889,-3.7336887363518,1.628662094701891,0.0,0.0,0.0,0.0011296952960743087,7.185624012638231,-0.1002604575265949,-14.063230784136753,-3.3333333333333335,0.39738841292497035,0.4912577813622849,-0.34949783694638975,0.14648376580575023,0.4444444444444444,0.37792056074766356,0.2348060103162144,-0.13106020050562076,0.02049124819745534,-0.5119645582460925,Biotechnology,Healthcare,AIM
2013Q3,2013,Q3,2013-11-08,2013-09-30,-5136000.0,36000.0,-4459000.0,-15.840253,-216000.0,-6.0,42878000.0,32151000.0,29553000.0,10630000.0,10727000.0,0.0,-257124000.0,40172774.71702,45756774.71702,101.41631442811179,2.780150517403575,0.16749848407108542,0.22338340953625083,-0.11317833392557998,101.41631442811179,-0.15974619762993375,1115.910408806111,-1.955450482720989,1.2495031170731858,0.0,0.0,0.0,0.0008395913988525584,2.7489181561618063,-0.11978170623629833,-9.353381773462164,-6.0,0.0,0.3269119406537805,-0.052255749312531734,0.12581551579492437,0.6393989983305509,-0.19915946766285314,0.05809040980143642,-0.27172851264679515,-0.1712540894220284,-0.5149082317013028,Biotechnology,Healthcare,AIM
2013Q2,2013,Q2,2013-08-09,2013-06-30,-4283000.0,36000.0,-4734000.0,-15.840253,-599000.0,-16.63888888888889,46143000.0,36144000.0,32882000.0,9858000.0,9999000.0,0.0,-251988000.0,38455919.673332006,44376919.673332006,114.1391876614477,3.3355650233313043,0.15662180612443924,0.19995019920318724,-0.108970374974104,114.1391876614477,-0.11849822930500221,1068.219990925889,-2.2446836138998365,1.0639641343883357,0.0,0.0,0.0,0.0007801833430856252,3.299147900182593,-0.09282014606765923,-9.286626339853177,-16.63888888888889,-0.4999999526522729,0.32300653936235263,0.06295718517302146,0.028668243715827223,-3.0201342281879193,-0.18609803378565495,-0.03770276194651469,0.07246154966419824,-0.30099868246192457,-0.4832960972015491,Biotechnology,Healthcare,AIM
2013Q1,2013,Q1,2013-05-01,2013-03-31,-3611000.0,42000.0,-4562000.0,-10.560169,-149000.0,-3.5476190476190474,51659000.0,41380000.0,38581000.0,10028000.0,10279000.0,453000.0,-247705000.0,800657510.4,806414510.4,130.98418566960837,3.8473274830474673,0.14218238835440097,0.17750120831319477,-0.09345870976993834,130.98418566960837,-0.08726437892701788,19063.274057142855,-55.43184093049017,19.348900686321898,0.0,0.4216335540838852,0.0,0.0008130238680578408,3.772935779816514,-0.06990069494183007,-130.37901162677088,-3.5476190476190474,0.3888759258584102,0.49478279036199496,-0.9105850131047494,0.009018209574808499,0.6760869565217391,0.33852353910972705,0.4293933708567855,0.2890150482789319,0.0450651834664911,-0.43577613219635525,Biotechnology,Healthcare,AIM
2012Q4,2012,Q4,2013-03-18,2012-12-31,-5459000.0,53000.0,-7995000.0,-17.27991,-460000.0,-8.679245283018869,57699000.0,44700000.0,44728000.0,12649000.0,12999000.0,453000.0,-244094000.0,618841534.08,616730534.08,141.49330834778866,3.5360898094711044,0.0017504636128875717,0.0022595078299776287,-0.17805442964678633,141.49330834778866,-0.12212527964205816,11676.255360000001,-28.340425631067962,13.844329621476511,0.0,1.1324503311258278,0.0,0.0009185601136934783,3.4748201438848922,-0.09461169171042826,-103.36421147152164,-8.679245283018869,0.34546841713363513,0.2881806747439282,-0.9176515609412496,-0.05540809426403261,0.5152792413066386,0.1712463944132382,-0.6102719033232629,-0.0743141184085069,0.05501818521379098,-0.4294244176991536,Biotechnology,Healthcare,AIM
2012Q3,2012,Q3,2012-11-02,2012-09-30,-6587000.0,39000.0,-4965000.0,-26.400422,-949000.0,-24.333333333333332,48578000.0,36612000.0,36454000.0,9790000.0,11966000.0,799000.0,-238635000.0,431580441.6,434296441.6,141.0932297447281,3.7235955056179777,0.12091893449709745,0.16043920026220912,-0.11655203173783422,141.0932297447281,-0.17991368950071016,11066.16516923077,-16.380007651434646,11.787950442477875,0.0,1.2365456821026284,0.0,0.0008028325579480423,3.6157303370786518,-0.13559636049240398,-98.06417668711657,-24.333333333333332,-1.4999999526522727,0.3877507097572421,-0.9272715176769153,-0.16465830254336133,-4.968553459119497,-1.1956666666666667,-0.3666391412056152,-1.5230315176966402,0.4549852016278208,-0.48502641477297065,Biotechnology,Healthcare,AIM
2012Q2,2012,Q2,2012-08-08,2012-06-30,-3000000.0,49000.0,-3633000.0,-10.560169,-159000.0,-3.2448979591836733,41110000.0,33535000.0,30487000.0,7358000.0,7575000.0,1107000.0,-232048000.0,487988532.6624,490276532.6624,130.22188395554554,4.143381353628704,0.1084407686694235,0.1329357387803787,-0.09531430370448106,130.22188395554554,-0.08945877441479051,9958.949646171428,-40.6657110552,14.55161868681676,0.0,0.1878952122854562,0.0,0.0011919241060569204,3.93517260125034,-0.07297494526879104,-88.77360972574131,-3.2448979591836733,0.0,0.5941970600050646,-0.8888232899793077,-0.33368559994678476,0.23557692307692307,-0.29982668977469673,0.03042433947157726,0.42945493209611535,1.1214208083649735,-0.46236243749929784,Biotechnology,Healthcare,AIM
2012Q1,2012,Q1,2012-05-07,2012-03-31,-2308000.0,72000.0,-3747000.0,-10.560169,-208000.0,-2.888888888888889,42733000.0,36134000.0,33644000.0,5982000.0,6599000.0,1108000.0,-229048000.0,334031670.72,332793670.72,140.50682625044232,5.624205951186894,0.05644349799920436,0.06675153594952123,-0.09686926397973165,140.50682625044232,-0.06387336027010572,4639.32876,-36.18194006932409,9.244248373277246,0.0,0.2527075812274368,0.0,0.0016848805372896825,5.381143430290873,-0.05400978166756371,-103.83328278520362,-2.888888888888889,0.12817093850566266,0.7706221993792287,-0.8568873341014251,-0.3321622014260263,0.4680306905370844,0.2590690208667737,0.03923076923076923,0.5604198279650086,0.4597329731247439,1.1362406377797265,Biotechnology,Healthcare,AIM
2011Q4,2011,Q4,2012-03-14,2011-12-31,-3115000.0,38000.0,-3900000.0,-12.11266,-391000.0,-10.289473684210526,43513000.0,37965000.0,31786000.0,5069000.0,5548000.0,897000.0,-226740000.0,434512742.4,433632742.4,147.6266579564411,6.270664825409351,0.051088180543745546,0.05855393125246938,,147.6266579564411,-0.08204925589358619,11434.545852631578,-34.87261174959871,11.445087380482022,0.0,0.4782608695652174,0.0,0.0008733022315170179,5.988952456105741,-0.07158780134672396,-105.54110818557201,-10.289473684210526,-0.1470138404035011,0.6561714565794212,-0.9116487173447254,-0.2225429432626486,-1.2732558139534884,-0.13686131386861314,-0.09642957548495923,0.3544384809500267,-0.10631903534251794,0.9335971878317576,Biotechnology,Healthcare,AIM
2011Q3,2011,Q3,2011-11-09,2011-09-30,-2740000.0,45000.0,-3557000.0,-10.560169,-172000.0,-3.8222222222222224,45535000.0,40573000.0,34219000.0,3603000.0,4962000.0,1089000.0,-223625000.0,354993693.11999995,351140693.11999995,158.10721815000565,9.49736330835415,0.0037114307675414518,0.004165331624479333,-0.0869448314634206,158.10721815000565,-0.0675325955684815,7888.748735999999,-32.38993550364963,8.749505659428683,0.0,0.1992653810835629,0.0,0.000988250796090919,9.092145434360255,-0.06017349291753596,-127.64965592233008,-3.8222222222222224,0.0,0.667640618091461,-0.9104295439345876,-0.12774573718752472,-0.023809523809523808,-0.1944202266782912,-0.09513546798029557,0.556392712473941,0.46353263011092977,0.7551373302825249,Biotechnology,Healthcare,AIM
2011Q2,2011,Q2,2011-08-05,2011-06-30,-2294000.0,36000.0,-3248000.0,-10.560169,-168000.0,-4.666666666666667,47604000.0,43672000.0,33044000.0,1949000.0,3932000.0,966000.0,-220885000.0,471097566.72,469205566.72,170.33558512878918,16.954335556695742,0.003949247962356105,0.004304817732185382,-0.07373774064656738,170.33558512878918,-0.052527935519325886,13086.043520000001,-51.34018817785528,10.787176376625757,0.0,0.2111801242236025,0.0,0.0007562389715149988,16.218573627501282,-0.04818922779598353,-145.71530056294463,-4.666666666666667,-1.0000001893909263,0.7864445569124366,-0.931059889682635,-0.13470835607909987,-0.11258278145695365,-1.6489607390300232,0.09526462395543175,0.5521489935561953,0.31286331653587535,0.5351327689177363,Biotechnology,Healthcare,AIM
2011Q1,2011,Q1,2011-05-02,2011-03-31,-866000.0,42000.0,-3590000.0,-5.280084,-151000.0,-3.5952380952380953,51680000.0,45947000.0,36674000.0,2832000.0,5733000.0,787000.0,-217725000.0,386849274.24,384086274.24,179.35576044781362,12.949858757062147,0.0030379256965944275,0.003416980433978279,-0.07760316465273125,179.35576044781362,-0.01884780290334516,9210.697005714286,-111.67704221709006,8.41946752214508,0.0,0.24523506988564167,0.0,0.0008126934984520124,12.57379943502825,-0.016756965944272447,-193.3279731334333,-3.5952380952380953,0.3743561184154398,0.9370200510392583,-0.9233797779113067,-0.27195594983362015,0.7729323308270677,0.599444958371878,0.2602513908922316,0.8505835786055009,-0.8897343839049411,0.3816418169783034,Biotechnology,Healthcare,AIM
2010Q4,2010,Q4,2011-03-29,2010-12-31,-2162000.0,27000.0,-4853000.0,-8.43944,-665000.0,-24.62962962962963,51680000.0,45947000.0,36674000.0,2832000.0,5733000.0,787000.0,-217725000.0,469359084.48,466596084.48,179.35576044781362,12.949858757062147,0.0030379256965944275,0.003416980433978279,,179.35576044781362,-0.04705421463860535,17383.669795555557,-54.273714671600366,10.215228077567634,0.0,0.8792884371029225,0.0,0.0005224458204334365,12.57379943502825,-0.0418343653250774,-216.59394761421322,-24.62962962962963,0.20082339591345563,0.7305899720435656,-0.9542347154903306,-0.002788481772913807,-3.5547945205479454,0.3355869698832207,-0.3144637053087757,0.6523500582233748,-0.948266357561416,0.19735697429377183,Biotechnology,Healthcare,AIM
2010Q3,2010,Q3,2010-11-08,2010-09-30,-3254000.0,35000.0,-3692000.0,-10.560169,-146000.0,-4.171428571428572,55876000.0,53402000.0,38556000.0,2362000.0,2474000.0,1075000.0,-221821000.0,403254028.32,400383028.32,209.06624489588185,16.323454699407282,0.003096141456081323,0.0032395790419834465,,209.06624489588185,-0.060934047413954535,11521.543666285714,-30.981409674247082,7.551290744166885,0.0,0.16837209302325581,0.0,0.0006263869997852387,15.768839966130399,-0.05823609420860477,-134.867568,-4.171428571428572,0.33333331228989843,0.5712648042514644,-0.9508733527461962,0.47946725566851967,0.4912891986062718,0.1147986942328618,0.02042982223401433,0.6927429541966452,-0.9336941819767031,0.23777556306692105,Biotechnology,Healthcare,AIM
2010Q2,2010,Q2,2010-08-06,2010-06-30,-3676000.0,41000.0,-3769000.0,-15.840253,-287000.0,-7.0,57587000.0,55687000.0,36818000.0,1879000.0,1900000.0,934000.0,-218567000.0,391329005.76,386054005.76,220.89863661426537,19.594465141032465,0.0009724416969107611,0.0010056207014204393,,220.89863661426537,-0.06601181604324169,9544.609896585365,-26.613778955386287,7.0272955224738265,0.0,0.3511777301927195,0.0,0.0007119662423810929,19.033528472591804,-0.06383385139007068,-110.85807528611898,-7.0,0.0,0.6359793294812558,-0.948355805198875,0.42820998514647396,-1.6574074074074074,0.09099901088031652,0.07463785907193715,0.4920476345285676,-0.9049712219554301,0.13028577115697146,Biotechnology,Healthcare,AIM
2010Q1,2010,Q1,2010-05-03,2010-03-31,-4044000.0,32000.0,-4073000.0,-15.840253,-108000.0,-3.375,60884000.0,58396000.0,53992000.0,2458000.0,2488000.0,0.0,-214891000.0,536575670.4,485917670.4,232.14931721958297,21.965825874694875,0.0010676039682018265,0.0011130899376669634,,232.14931721958297,-0.06925131858346462,16767.9897,-33.17109732937685,9.188568915679156,0.0,0.0,0.0,0.0005255896458839761,21.87794955248169,-0.06642139149858747,-125.80906691676435,-3.375,0.015191363167253004,0.5754660265028572,-0.9602220139999917,0.08412051334618909,0.136,0.0004943153732081067,-0.0249119275289381,0.589106138183672,-0.9349722869529056,0.10342033258963684,Biotechnology,Healthcare,AIM
2009Q4,2009,Q4,2010-03-12,2009-12-31,-4046000.0,40000.0,-3974000.0,-16.0846,-125000.0,-3.125,64994000.0,62379000.0,58404000.0,2615000.0,2615000.0,0.0,-210847000.0,589701974.4000001,531629974.4000001,247.98346220358187,22.334225621414912,0.0,0.0,,247.98346220358187,-0.06486157200339858,14742.549360000003,-36.43734394463668,9.453533631510606,0.0,0.0,0.0,0.0006154414253623412,22.207265774378584,-0.062251900175400804,-198.55285333333336,-3.125,-0.5231385028023697,0.5862268147136411,-0.9601602469409855,-0.0037562946890314724,-0.03305785123966942,-0.6616016427104723,-0.6167615947925142,0.5434244175871165,-0.9049193415882507,0.30597342860136917,Biotechnology,Healthcare,AIM
2009Q3,2009,Q3,2009-11-09,2009-09-30,-2435000.0,25000.0,-2458000.0,-10.560169,-121000.0,-4.84,67694000.0,66309000.0,62074000.0,1385000.0,1385000.0,864000.0,-206801000.0,637654934.4,576612934.4,273.9814891331295,44.81877256317689,0.0,0.0,,273.9814891331295,-0.03672201360297999,25506.197376,-65.46765240246407,9.616416088313802,0.0,0.16898148148148148,0.0,0.00036930894909445444,44.07364620938628,-0.03597069164179986,-241.8107449374289,-4.84,0.5,0.8720193326217621,-0.9643140037757146,0.07526062735788683,0.1037037037037037,0.3708010335917313,0.3822568484543855,0.6868225293257278,-0.9472373685275369,0.5115155691459085,Biotechnology,Healthcare,AIM
2009Q2,2009,Q2,2009-08-10,2009-06-30,-3870000.0,17000.0,-3979000.0,-21.120338,-135000.0,-7.9411764705882355,48443000.0,45908000.0,42785000.0,2535000.0,2535000.0,864000.0,-204366000.0,505381456.8,464724456.8,242.2112832850578,16.877712031558186,0.0,0.0,,242.2112832850578,-0.08429903284830531,29728.320988235293,-32.64738093023256,11.008570549795243,0.0,0.17592592592592593,0.0,0.0003509278946390603,16.432741617357003,-0.0798877030737155,-179.40413801916932,-7.9411764705882355,0.0,0.7151602611790983,-0.9774853484194838,0.4327816535375823,-0.4673913043478261,-0.2536443148688047,-0.3946722747984578,0.5126601908419771,-0.9559625577256352,0.23041465076985765,Biotechnology,Healthcare,AIM
2009Q1,2009,Q1,2009-05-01,2009-03-31,-3087000.0,29000.0,-2853000.0,-21.120338,-92000.0,-3.1724137931034484,12392000.0,9945000.0,6680000.0,2447000.0,2447000.0,864000.0,-200496000.0,156284322.58560002,152663322.58560002,65.77293951138212,2.729873314262362,0.0,0.0,,65.77293951138212,-0.31040723981900453,5389.114571917242,-12.656650679105928,15.714864010618404,0.0,0.1400462962962963,0.0,0.0023402194964493223,2.264405394360441,-0.24911233053582957,-108.00575161409814,-3.1724137931034484,-0.12563878445747964,0.8044626088559198,-0.9520371990544343,-0.45468639967215574,0.2923076923076923,-0.08812125484666902,0.044221105527638194,0.6196308055502626,-0.9103652505269076,-0.7330133297438861,Biotechnology,Healthcare,AIM
2008Q4,2008,Q4,2009-03-16,2008-12-31,-2837000.0,25000.0,-2985000.0,-18.76298,-130000.0,-5.2,13211000.0,11544000.0,7313000.0,1667000.0,1667000.0,864000.0,-197409000.0,51892526.4,45773526.4,76.34819645242787,4.386922615476904,0.0,0.0,,76.34819645242787,-0.24575537075537077,2075.701056,-4.5728345435319,4.495194594594595,0.0,0.17939814814814814,0.0,0.0018923624252516842,3.6706658668266345,-0.21474528801756113,-32.575346139359695,-5.2,0.2892924211590254,0.6424635839629448,-0.9579704600795658,-0.36413378166534394,0.2857142857142857,0.16925329428989752,0.1350333236742973,0.40103465158722035,-0.9282045856786255,-0.5755067988441989,Biotechnology,Healthcare,AIM
2008Q3,2008,Q3,2008-11-10,2008-09-30,-3415000.0,17000.0,-3451000.0,-26.400422,-182000.0,-10.705882352941176,14943000.0,12781000.0,9006000.0,2162000.0,2162000.0,864000.0,-194572000.0,168554628.0,160962628.0,90.08253395451118,4.165587419056429,0.0,0.0,,90.08253395451118,-0.2671934903372193,9914.978117647059,-12.339284626647146,13.187906110632971,0.0,0.23032407407407407,0.0,0.0011376564277588168,3.511563367252544,-0.22853510004684469,-62.42764,-10.705882352941176,-0.24999997632613638,0.6903508837450297,-0.9569189934617053,-0.1462599197107312,-0.011111111111111112,-0.21877230549607424,-0.10255591054313098,0.189950311496816,-0.9570416723895039,-0.362526651015713,Biotechnology,Healthcare,AIM
2008Q2,2008,Q2,2008-08-11,2008-06-30,-2802000.0,15000.0,-3130000.0,-21.120338,-180000.0,-12.0,17497000.0,15562000.0,11563000.0,1935000.0,1935000.0,865000.0,-191157000.0,225860210.4,215718210.4,110.9582106366443,5.975710594315245,0.0,0.0,,110.9582106366443,-0.18005397763783576,15057.34736,-20.15169614561028,14.513572188664698,0.0,0.2254335260115607,0.0,0.0008572898211121906,5.242894056847545,-0.16014173858375721,-91.2935369442199,-12.0,0.0,0.6562013951446022,-0.9277715924807758,0.01511012071414519,-3.3902439024390243,0.11469194312796209,0.03543913713405239,0.5012608123199067,-0.9660387448217838,-0.28260478745296536,Biotechnology,Healthcare,AIM
2008Q1,2008,Q1,2008-05-12,2008-03-31,-3165000.0,208000.0,-3245000.0,-21.120338,-41000.0,-0.1971153846153846,20365000.0,18160000.0,14091000.0,2205000.0,2205000.0,783000.0,-188355000.0,321306242.40000004,311662242.40000004,129.81350031810027,6.390476190476191,0.0,0.0,,129.81350031810027,-0.174284140969163,1544.7415500000002,-25.379640000000002,17.69307502202643,0.0,0.31800766283524906,0.0,0.010213601767738768,5.752380952380952,-0.15541369997544807,-114.5068575908767,-0.1971153846153846,0.1299802683341778,0.1416146878331752,0.3820952767147357,0.7301886257908866,-1.3360655737704918,0.06802120141342756,0.19117647058823528,0.40255941228310527,-0.535082543984198,-0.39378034667657874,Biotechnology,Healthcare,AIM
2007Q4,2007,Q4,2008-03-17,2007-12-31,-3396000.0,285000.0,-4012000.0,-24.2757,122000.0,0.4280701754385965,23142000.0,20955000.0,16599000.0,2187000.0,2187000.0,511000.0,-185190000.0,358237994.40000004,346766994.40000004,149.79305612146428,7.589849108367627,0.0,0.0,,149.79305612146428,-0.16206156048675735,1256.9754189473686,-26.372054946996467,17.095585511811024,0.0,0.31898238747553814,0.0,0.012315270935960592,7.083676268861454,-0.1467461757842883,-105.30217354497356,0.4280701754385965,0.42530039055246177,-0.05550246327527537,1.2577043235032135,1.5316264443668965,0.7681159420289855,0.4060860440713536,0.3507039974105842,0.3755123540484368,-0.4895876053983229,-0.39822443023321114,Biotechnology,Healthcare,AIM
2007Q3,2007,Q3,2007-11-07,2007-09-30,-5718000.0,285000.0,-6179000.0,-42.240676,69000.0,0.24210526315789474,25957000.0,23294000.0,19296000.0,2663000.0,2663000.0,627000.0,-181794000.0,433271620.9536,426707620.9536,168.90480886362317,7.245963199399174,0.0,0.0,,168.90480886362317,-0.24547093672190265,1520.251301591579,-18.943320258551942,18.600138273958958,0.0,0.3444976076555024,0.0,0.010979697191509034,6.754036800600826,-0.22028739838964442,-111.98542800558283,0.24210526315789474,-0.600000030302546,-0.33265706664346745,0.5899503150422098,0.7315235600505784,1.8518518518518519,-0.45681528662420384,-0.48605098605098607,0.4726016630854498,-0.2860761732793544,-0.3371205795066885,Biotechnology,Healthcare,AIM
2007Q2,2007,Q2,2007-08-09,2007-06-30,-3925000.0,234000.0,-4158000.0,-26.400422,-81000.0,-0.34615384615384615,29577000.0,26721000.0,22499000.0,2856000.0,2856000.0,598000.0,-176076000.0,555869160.0,548880160.0,195.43609434997256,7.877801120448179,0.0,0.0,,195.43609434997256,-0.1468882152614049,2375.5092307692307,-35.40567898089172,20.802707982485686,0.0,0.5267558528428093,0.0,0.00791155289583122,7.612745098039215,-0.1327044663082801,-165.73320214669053,-0.34615384615384615,0.28571428957940637,0.3376949779616539,-0.22385079539221067,0.5435996903500758,-5.2631578947368425,0.23039215686274508,0.15829959514170042,0.599525059800394,-0.5703861865753638,0.15608672984127295,Biotechnology,Healthcare,AIM
2007Q1,2007,Q1,2007-05-01,2007-03-31,-5100000.0,255000.0,-4940000.0,-36.960591,19000.0,0.07450980392156863,34335000.0,27424000.0,26197000.0,6911000.0,6911000.0,843000.0,-172151000.0,544395815.04,544203815.04,210.3906465768558,3.7906236434669367,0.11612057667103538,0.1453836056009335,,210.3906465768558,-0.18596849474912486,2134.8855491764702,-26.68606936470588,19.85107260210035,0.0,0.27995255041518385,0.0,0.007426823940585408,3.640428302705831,-0.14853647881170817,-110.87491141344195,0.07450980392156863,-0.04915928089456441,-0.5971467075233841,-0.8061538090705713,0.36545979952182905,1.3653846153846154,-0.11062717770034843,-0.11764705882352941,0.6252716705550073,-0.5107848660070404,0.7443173714362311,Biotechnology,Healthcare,AIM
