Quarters,Year,Quarter,FillingDate,Date,NetIncome,Revenue,OperatingIncome,EPSDiluted,GrossProfit,GrossProfitRatio,TotalAssets,CommonStockEquity,CurrentAssets,CurrentLiability,TotalLiability,Inventory,RetainedEarnings,MarketCap,EnterpriseValue,bookValuePerShare,currentRatio,debtToAssets,debtToEquity,roic,shareholdersEquityPerShare,roe,priceToSalesRatio,peRatio,pbRatio,payoutRatio,inventoryTurnover,dividendYield,assetTurnover,quickRatio,returnOnAssets,priceToFreeCashFlowsRatio,grossProfitMargin,epsdilutedGrowth,fiveYNetIncomeGrowthPerShare,fiveYRevenueGrowthPerShare,fiveYShareholdersEquityGrowthPerShare,grossProfitGrowth,netIncomeGrowth,operatingIncomeGrowth,threeYNetIncomeGrowthPerShare,threeYRevenueGrowthPerShare,threeYShareholdersEquityGrowthPerShare,Industry,Sector,Symbol
2023Q1,2023,Q1,2023-04-28,2023-03-31,71524000.0,476668000.0,90657000.0,0.33,147293000.0,0.3090054294,1187830000.0,927695000.0,719624000.0,158514000.0,260135000.0,98073000.0,909335000.0,1669898880.0,1522210880.0,4.2720997273799,4.539813518048879,0.02543798354983457,0.03257104975234317,0.07040764195338442,4.2720997273799,0.07709861538544457,3.503274564266953,5.836848051003859,1.800051611790513,0.1213438845702142,3.358467672040215,0.005197320690460011,0.40129311433454284,3.801613737587847,0.06021400368739634,24.841183523496422,0.30900542935544234,-0.17500000000000002,0.3639693091400363,0.08601911893026036,0.009343039670116647,-0.024181313475947874,-0.17793230274122177,0.020716754675343684,1.4359069798843167,0.9117536658700532,0.35126113092993366,Oil & Gas Equipment & Services,Energy,RES
2022Q4,2022,Q4,2023-02-27,2022-12-31,87005000.0,482030000.0,88817000.0,0.4,150943000.0,0.313140261,1129013000.0,857735000.0,703341000.0,178603000.0,271278000.0,97107000.0,856013000.0,1925734020.0000002,1829555020.0000002,3.959666325051473,3.9380133592380866,0.026788885513275754,0.03526147353203495,0.07410355527794639,3.959666325051473,0.1014357581304249,3.9950501421073383,5.533400436756509,2.245138673366483,0.050318947186943276,3.4095070386274933,0.0022734188390149536,0.4269481396582679,3.277632514571424,0.07706288590122523,17.343798870606037,0.31314026097960707,0.25000000000000006,0.5075009500849607,0.12785681417091072,-0.05937962428120562,0.1712811360285559,0.25475915777329106,0.27978386167146974,4.645313761383288,0.9992555451871195,0.011117336338961364,Oil & Gas Equipment & Services,Energy,RES
2022Q3,2022,Q3,2022-10-28,2022-09-30,69340000.0,459601000.0,69400000.0,0.32,128870000.0,0.2803953864,1055583000.0,773410000.0,655122000.0,198244000.0,282173000.0,93346000.0,771779000.0,1478577870.0,1465823870.0,3.6249232514213134,3.3046246040233247,0.021913009209128982,0.02990781086357818,0.06361408249456392,3.6249232514213134,0.08965490490166923,3.2170901934504057,5.330898002595904,1.911764613852937,0.0,3.543065583956463,0.0,0.43540015328022524,2.7811737051310508,0.0656888184065109,-35.564965362967236,0.2803953864330147,0.4545454545454546,0.2298051199223134,-0.007739549869469055,-0.10817778157826162,0.3637614290551981,0.47723641321715415,0.8118212197159566,1.996031576194683,0.557520813076275,-0.1012665800770556,Oil & Gas Equipment & Services,Energy,RES
2022Q2,2022,Q2,2022-07-29,2022-06-30,46939000.0,375507000.0,38304000.0,0.22,94496000.0,0.2516491037,965079000.0,706662000.0,583220000.0,173233000.0,258417000.0,90090000.0,705133000.0,1474310690.0,1441762690.0,3.312079640418262,3.366679558744581,0.047338093565397234,0.06464901183309701,0.03730102077600964,3.312079640418262,0.06642355185364432,3.926186968551851,7.852269381537741,2.0863024897334226,0.0,3.119225219225219,0.0,0.38909457153248594,2.7782928194974397,0.048637469056937305,473.9025040180006,0.25164910374507,2.1117397454031117,0.09161999067026032,-0.04002440916270595,-0.15069274808391664,0.6778111184105395,2.1128722063797336,29.47255369928401,6.661607542570294,0.054996722214043774,-0.22771865205955696,Oil & Gas Equipment & Services,Energy,RES
2022Q1,2022,Q1,2022-04-29,2022-03-31,15079000.0,284624000.0,1257000.0,0.0707,56321000.0,0.1978786048,891168000.0,657768000.0,517202000.0,139232000.0,233400000.0,84381000.0,656517000.0,2275398840.0,2250120840.0,3.084463451690957,3.714677660307975,0.053762029157240834,0.07283875165711923,0.001075975774876142,3.084463451690957,0.022924496174943142,7.99440258024622,37.724630943696525,3.459272631079651,0.0,2.705620933622498,0.0,0.31938310172717155,2.9889249597793612,0.01692049086143129,-209.98512735326688,0.19787860475574792,0.236013986013986,3.236223524118543,-0.02529518532231546,-0.16849784616052177,0.15620381014944984,0.22206013453278223,-0.9373317379599162,21.331786014307674,-0.15253781318277046,-0.2936233869512383,Oil & Gas Equipment & Services,Energy,RES
2021Q4,2021,Q4,2022-02-28,2021-12-31,12339000.0,268252000.0,20058000.0,0.0572,48712000.0,0.1815904448,864365000.0,641791000.0,492010000.0,130849000.0,222574000.0,78983000.0,640936000.0,979005600.0,942872600.0,2.9762149879428677,3.760135728970034,0.05356533408918686,0.07214186549826969,0.016552457124712924,2.9762149879428677,0.01922588506227105,3.6495742809000493,19.83559445660102,1.5254274366577283,0.0,2.779585480419837,0.0,0.3103457451423878,3.0536878386537154,0.01427521938070144,-690.9002117148906,0.18159044480563052,1.8599999999999999,1.5808787651882337,0.20611477273100506,-0.20957563722002848,0.3315474400677911,1.343144701860995,2.581785714285714,-0.08056008255039637,-0.2910699055392595,-0.32765315592253386,Oil & Gas Equipment & Services,Energy,RES
2021Q3,2021,Q3,2021-10-29,2021-09-30,5266000.0,225310000.0,5600000.0,0.02,36583000.0,0.1623674049,826640000.0,630783000.0,457855000.0,120721000.0,195857000.0,79881000.0,626501000.0,1048190220.0000001,1012000220.0000001,2.924665124236706,3.792670703522999,0.05400779057388948,0.07077711352398527,0.005722177663153387,2.924665124236706,0.008348354346899014,4.652213483644757,49.76216388150399,1.6617287086050196,0.0,2.3626018702820444,0.0,0.27256121165198877,3.0653158936721865,0.006370366786025356,-22.06716252631579,0.16236740490879234,6.882352941176471,1.1343420683407828,0.2726341172581229,-0.25203053495458155,0.4591177409061902,8.253443526170798,2.5131045663334235,-0.8950355643224276,-0.4899904491651513,-0.35670909476652796,Oil & Gas Equipment & Services,Energy,RES
2021Q2,2021,Q2,2021-07-30,2021-06-30,-726000.0,188757000.0,-3701000.0,-0.0034,25072000.0,0.1328268621,790206000.0,624134000.0,446228000.0,96223000.0,166072000.0,81198000.0,619756000.0,1054394550.0,958774550.0,2.9300827664558775,4.6374359560604015,0.03213718954297993,0.04068837781630227,-0.005744703248422186,2.9300827664558775,-0.0011632117461955285,5.585989128879989,-363.08352272727274,1.689372073945659,0.0,2.0158747752407695,0.0,0.23887062360953978,3.6653502800785676,-0.0009187477695689479,33.497301204053755,0.13282686205014912,0.9251101321585903,0.9850003282957965,0.32776840691754405,-0.2816912368303579,0.3469431610615666,0.9248602773752846,0.6769378491620112,-1.012235743124642,-0.592471398772539,-0.33275671427786196,Oil & Gas Equipment & Services,Energy,RES
2021Q1,2021,Q1,2021-04-30,2021-03-31,-9662000.0,182610000.0,-11456000.0,-0.0454,18614000.0,0.1019330814,800073000.0,623176000.0,449641000.0,103547000.0,176897000.0,80165000.0,619019000.0,1149978600.0,1092239600.0,2.926272193239074,4.342385583358282,0.03459934280996859,0.0444208377729566,-0.015721523187830447,2.926272193239074,-0.015504448181573103,6.2974568753080336,-29.755190436762575,1.8453512330384998,0.0,2.0457306804715274,0.0,0.22824167294734354,3.4276608689773727,-0.012076398028679883,-462.5818986323411,0.10193308143037073,0.05613305613305601,0.7012006240535753,-0.029070957305771906,-0.31883953155486294,0.4608381729712761,0.056353159488231275,0.3168346353390184,-1.187883080322313,-0.5757578015610262,-0.3086274527964891,Oil & Gas Equipment & Services,Energy,RES
2020Q4,2020,Q4,2021-02-26,2020-12-31,-10239000.0,148637000.0,-16769000.0,-0.0481,12742000.0,0.0857256269,790505000.0,631567000.0,428359000.0,79565000.0,158938000.0,82918000.0,627778000.0,670030200.0,615816200.0,2.9691737029166747,5.383761704266951,0.03830715808249157,0.04794740700511585,-0.012044631657838827,2.9691737029166747,-0.01621205667807216,4.507829140792669,-16.35975681218869,1.0609012187147207,0.0,1.638908319062206,0.0,0.18802790621185192,4.137623326839691,-0.012952479743961139,-10.127727561292662,0.08572562686275961,0.3777490297542044,0.7284723091681761,-0.4430312679303905,-0.33375750680153016,5.335488261313372,0.37707610877897424,0.4718757873519778,-1.1806681692490657,-0.6458252888352783,-0.2946715569586432,Oil & Gas Equipment & Services,Energy,RES
2020Q3,2020,Q3,2020-10-30,2020-09-30,-16437000.0,116588000.0,-31752000.0,-0.0773,-2939000.0,-0.0252084263,800877000.0,637555000.0,430328000.0,93262000.0,163322000.0,84566000.0,638590000.0,561116160.0,447500160.0,2.999637722071665,4.614183697540263,0.03995994391148703,0.05019645363929386,-0.023976645208461374,2.999637722071665,-0.02578130514230145,4.812812296291214,-8.53434568351889,0.880106281026735,0.0,1.4134167395880142,0.0,0.14557541295354967,3.5714867791812313,-0.020523750838143683,-127.84601503759399,-0.025208426253130682,0.35583333333333333,0.5301858032265654,-0.5984893733643725,-0.35053830817780435,0.714936954413191,0.34495676084963933,0.1539568345323741,-1.292642320716224,-0.7473259239085209,-0.2620137359568724,Oil & Gas Equipment & Services,Energy,RES
2020Q2,2020,Q2,2020-07-31,2020-06-30,-25093000.0,89300000.0,-37530000.0,-0.12,-10310000.0,-0.1154535274,782868000.0,648653000.0,409103000.0,58814000.0,134215000.0,93392000.0,649844000.0,654201240.0,542185240.0,3.053878711694279,6.955877852212058,0.04264959099107385,0.05147436302614803,-0.033739832090981,3.053878711694279,-0.03868478215625303,7.325881746920492,-6.517766309329295,1.0085534792870765,0.0,1.0665795785506254,0.0,0.11406776110404308,5.126245451763186,-0.03205265766387182,12.200694516971279,-0.1154535274356103,0.8421052631578947,0.2624860656768393,-0.6996169400950377,-0.3634787363185306,-1.4574090505767525,0.8435822793489711,-1.6876253222572328,-1.5861929007714333,-0.770678944136004,-0.2169024848730518,Oil & Gas Equipment & Services,Energy,RES
2020Q1,2020,Q1,2020-05-08,2020-03-31,-160423000.0,243777000.0,-13964000.0,-0.76,22540000.0,0.092461553,869132000.0,671235000.0,479824000.0,118178000.0,197897000.0,97267000.0,672912000.0,437360660.0,392458660.0,3.1615648741704385,4.060180405828496,0.043427235448700544,0.05623067927030027,-0.013711391686257332,3.1615648741704385,-0.23899677460203952,1.794101412356375,-0.6815741196711195,0.6515760650144883,0.0,2.274532986521636,0.0,0.28048328677347056,3.093731489786593,-0.18457840696234865,14.666688799463447,0.09246155297669592,-5.909090909090909,-22.371935359936593,-0.3966253166652591,-0.3644929991042277,0.1993827488958655,-5.866835031247325,0.20473831083774702,-46.268236590196246,-0.16147707856574373,-0.14771303225046223,Oil & Gas Equipment & Services,Energy,RES
2019Q4,2019,Q4,2020-02-28,2019-12-31,-23362000.0,235997000.0,-17559000.0,-0.11,18793000.0,0.0796323682,1053218000.0,830333000.0,436858000.0,101402000.0,222885000.0,100947000.0,832113000.0,1111031960.0,1100011960.0,3.9161293973937528,4.308179325851561,0.037032219350599783,0.04697272058318771,-0.01644723646871222,3.9161293973937528,-0.02813569977346438,4.707822387572723,-11.88930699426419,1.33805588842067,-0.00029963188083212053,2.1516637443410898,6.300448818772053e-06,0.2240723193109119,3.1236267529240056,-0.022181542662582675,-573.2879050567595,0.07963236820807044,0.6666666666666667,-1.3033712923864968,-0.6236593970074359,-0.22372986927054972,-0.19374490540134712,0.6623061245139561,0.12279562371983814,-0.11853509238067947,0.07916091709879183,0.04004720628007644,Oil & Gas Equipment & Services,Energy,RES
2019Q3,2019,Q3,2019-10-31,2019-09-30,-69181000.0,293240000.0,-20017000.0,-0.33,23309000.0,0.0794877916,1109863000.0,855175000.0,481111000.0,136220000.0,254688000.0,107028000.0,854170000.0,1189460250.0,1181168250.0,4.0333687065204575,3.531867567170753,0.03714963017958072,0.04821352354781185,-0.015812295145157064,4.0333687065204575,-0.08089689244891396,4.056268755967808,-4.298363170523698,1.390896892448914,0.0,2.5220596479425943,0.0,0.2642127902272623,2.6343928938481866,-0.06233291856742679,-1636.1213892709766,0.07948779157004501,-12.0,-2.082185617344436,-0.5204742957366817,-0.18187181014980464,-0.5388648188814371,-12.210662777507697,-3.386669846190533,-0.7952906670068519,0.6848570797662995,0.03151523528164187,Oil & Gas Equipment & Services,Energy,RES
2019Q2,2019,Q2,2019-07-31,2019-06-30,6171000.0,358516000.0,8387000.0,0.03,50547000.0,0.1409895235,1223967000.0,921675000.0,540127000.0,172384000.0,302292000.0,118606000.0,920917000.0,1558083000.0,1554246000.0,4.288695627896589,3.1332780304436607,0.03578936360212326,0.04752759920796376,0.005851214264237521,4.288695627896589,0.006695418667100659,4.34592319450178,63.12117160913952,1.6904906827243875,1.7400745422135797,2.596571842908453,0.006891802298080397,0.29291312592578067,2.3802557081863744,0.005041802597619054,-29.02052561977314,0.1409895234801236,9.571428571428571,-0.9023422748979412,-0.38396694630186795,-0.0965254782058197,0.27143072743736796,9.350473612990529,2.8975113122171945,1.1263706008866385,1.499615320273606,0.051372229942720046,Oil & Gas Equipment & Services,Energy,RES
2019Q1,2019,Q1,2019-05-02,2019-03-31,-739000.0,334656000.0,-4420000.0,-0.0035,39756000.0,0.118796615,1226492000.0,927863000.0,577852000.0,163527000.0,298629000.0,124464000.0,927556000.0,2554141820.0,2488022820.0,4.366599055960017,3.5336794535458975,0.038235063905838765,0.0505408664856773,-0.0031812458371226152,4.366599055960017,-0.0007964537868198215,7.632141124019889,-864.0533897158322,2.7527143770147102,-29.074424898511502,2.369359814886232,0.008412218864181942,0.27285624366078215,2.695775009631437,-0.0006025314474126207,171.81096596259923,0.1187966150315548,-1.0583333333333333,-1.0189990453956834,-0.32451966312839237,-0.039587624534712255,-0.33497265017313194,-1.0553060919024098,-1.2249363867684477,0.9770959359339023,0.783269615361373,0.016431303055756488,Oil & Gas Equipment & Services,Energy,RES
2018Q4,2018,Q4,2019-02-28,2018-12-31,13362000.0,376751000.0,19650000.0,0.06,59781000.0,0.1586750931,1199580000.0,950419000.0,618938000.0,143237000.0,249161000.0,130083000.0,947711000.0,2119148219.9999998,2002886219.9999998,4.426606615558019,4.321076258229368,0.0,0.0,0.013925126044597119,4.426606615558019,0.014059062371438282,5.624797863841104,39.64878423888639,2.229698922264811,2.726612782517587,2.4366750459322124,0.017192284926629626,0.31406909084846363,3.320559631938675,0.01113889861451508,88.19494839354086,0.15867509309862482,-0.7391304347826088,-0.6447608160918944,-0.22575925877114933,-0.018119720934232496,-0.37763133237553875,-0.7325835051133748,-0.6397998276905028,1.3510489624127793,0.3986142229509614,-0.006729237477360232,Oil & Gas Equipment & Services,Energy,RES
2018Q3,2018,Q3,2018-10-31,2018-09-30,49967000.0,439994000.0,54553000.0,0.23,96054000.0,0.2183075224,1245662000.0,976601000.0,663590000.0,177585000.0,269061000.0,128957000.0,971382000.0,3378914110.0,3250541110.0,4.546411429795119,3.7367457837092095,0.0,0.0,0.0503156509712467,4.546411429795119,0.05116419090293784,7.6794549698404975,16.90572833069826,3.459871646660202,0.4292833269958172,2.667090580581124,0.006348193325340252,0.3532210182216364,2.9434130134864995,0.04011280748710324,78.8379129237733,0.21830752237530512,-0.1785714285714286,-0.06942499788569892,-0.10301410007142504,0.03256410667835667,-0.17018133439306107,-0.1664247701983551,-0.2729078089805275,2.4131467891424117,0.499306299855838,-0.01564110986201245,Oil & Gas Equipment & Services,Energy,RES
2018Q2,2018,Q2,2018-07-31,2018-06-30,59943000.0,467926000.0,75029000.0,0.28,115753000.0,0.2473745849,1218648000.0,944987000.0,631058000.0,183396000.0,273661000.0,126504000.0,940308000.0,3135376580.0,3041201580.0,4.391325966337352,3.4409583633230825,0.0,0.0,0.05988180307348412,4.391325966337352,0.06343261864978036,6.700582100588554,13.076491750496306,3.317904457944924,0.3591578666399746,2.7838882564978182,0.006866479815320939,0.38397141750530095,2.6840716264258764,0.0491881166669949,154.21654517731542,0.24737458487025726,0.16666666666666682,0.4878989317946704,0.025915797386323044,0.03365395469952644,0.12110528915534291,0.14987531172069826,0.23407019967762097,2.7389480434358746,0.5535729233914541,-0.08471402527327267,Oil & Gas Equipment & Services,Energy,RES
2018Q1,2018,Q1,2018-04-30,2018-03-31,52130000.0,436334000.0,60798000.0,0.24,103249000.0,0.2366283627,1181017000.0,913707000.0,652082000.0,178511000.0,267310000.0,120944000.0,909185000.0,3892244280.0000005,3791261280.0000005,4.232554799977765,3.6528953397829826,0.0,0.0,0.05216914665574518,4.232554799977765,0.05705330045627318,8.920332314236344,18.666047765202382,4.259838525916951,0.4154421638212162,2.7540431935441196,0.005564142032729764,0.36945615516118735,2.8884886645640884,0.044139923472735786,65.76847772089016,0.23662836267629844,-0.1111111111111112,0.4883906667859175,0.026198213796385924,0.0028098447503399735,-0.002849030363903268,-0.09658076703117689,0.008526308804989715,5.830194590600073,0.0621394620516314,-0.14921302768881023,Oil & Gas Equipment & Services,Energy,RES
2017Q4,2017,Q4,2018-02-28,2017-12-31,57703000.0,427299000.0,60284000.0,0.27,103544000.0,0.242322121,1147224000.0,911697000.0,640135000.0,145360000.0,235527000.0,114866000.0,906745000.0,5529134220.0,5438084220.0,4.209632735231376,4.4037905888827735,0.0,0.0,0.06018972033684716,4.209632735231376,0.06329186122143651,12.93973124205767,23.955141933694954,6.064662075228941,0.5249813701194045,2.818545087319137,0.005478796280695099,0.37246344218740196,3.502655476059439,0.050297936584311344,-305.81494579646017,0.24232212104404643,0.03846153846153849,0.03593328719911415,-0.09597216115743808,0.008028848630722358,-0.24194681972589901,0.006435971674747968,-0.3807943958831928,-0.2664127031675808,-0.33289312263894144,-0.16555051631444676,Oil & Gas Equipment & Services,Energy,RES
2017Q3,2017,Q3,2017-10-31,2017-09-30,57334000.0,470999000.0,97357000.0,0.26,136592000.0,0.290004862,1148626000.0,881853000.0,642440000.0,164363000.0,266773000.0,113359000.0,877320000.0,5378388820.0,5241496820.0,4.064625411369943,3.9086655755857462,0.0,0.0,0.06438905312694401,4.064625411369943,0.06501537104256605,11.419108787916747,23.45200413367286,6.0989630017701355,0.0,2.949981915860232,0.0,0.41005427354073476,3.1360525179024474,0.049915290094425864,148.36525392402967,0.29000486200607645,0.3,-0.13906001627179818,-0.011307479660439072,-0.03683536275373872,0.3193343056669017,0.30780109489051094,0.453046177726038,-0.12352694852426327,-0.2473032007907534,-0.17553170260698295,Oil & Gas Equipment & Services,Energy,RES
2017Q2,2017,Q2,2017-07-31,2017-06-30,43840000.0,398810000.0,67002000.0,0.2,103531000.0,0.2595998094,1105885000.0,848311000.0,601678000.0,148344000.0,257574000.0,112658000.0,844198000.0,4396281300.0,4270469300.0,3.899742564244012,4.055964514911287,0.0,0.0,0.04995898204152738,3.899742564244012,0.05167916011934302,11.023498157017126,25.070034785583942,5.182393367526768,0.0,2.621021143638268,0.0,0.3606252006311687,3.2224896187240466,0.0396424583026264,198.20925608656447,0.2595998094330634,9.0,-0.4006566413451356,-0.21221613140480086,-0.021924995467986,1.782044391895523,11.063841496973032,167.3467336683417,-0.3145827580779438,-0.3229902315951793,-0.1784639540673588,Oil & Gas Equipment & Services,Energy,RES
2017Q1,2017,Q1,2017-04-28,2017-03-31,3634000.0,298119000.0,398000.0,0.02,37214000.0,0.1248293467,1049054000.0,807608000.0,524653000.0,124770000.0,241446000.0,111945000.0,803770000.0,3986325029.9999995,3881827029.9999995,3.709507470844644,4.204961128476397,0.0,0.0,0.000988346410623929,3.709507470844644,0.004499707779021506,13.371589969106294,274.23810057787557,4.935965257897395,0.0,2.330653445888606,0.0,0.2841788887893283,3.2022280997034542,0.0034640733460813266,-165.02421882762044,0.12482934667028939,1.2030456852791878,-0.955432304220305,-0.41249846090622894,-0.0006921545736968564,96.42051282051283,1.1721703700194248,1.0108969444748659,-0.9088139416482917,-0.4127000966681925,-0.1841117454973503,Oil & Gas Equipment & Services,Energy,RES
2016Q4,2016,Q4,2017-02-28,2016-12-31,-21107000.0,220997000.0,-36524000.0,-0.0985,-390000.0,-0.0017647298,1035452000.0,806799000.0,479057000.0,101468000.0,228653000.0,108316000.0,803152000.0,4244688699.9999995,4112853699.9999995,3.7653381247958184,4.721261875665235,0.0,0.0,-0.029276284233054093,3.7653381247958184,-0.026161410710722248,19.206996927560102,-50.27584095323826,5.261147696018463,-0.514568626522007,2.0438993315853615,0.002558727098173301,0.2134304632179956,3.5299306185201247,-0.020384334570796137,-2261.4217900905696,-0.0017647298379616012,0.4527777777777777,-1.2847908160543458,-0.5393585858459887,0.06463509513406174,0.9828239231921078,0.45798880386215396,0.3526064838612475,-1.5622878739963781,-0.544916807069788,-0.16479787570067755,Oil & Gas Equipment & Services,Energy,RES
2016Q3,2016,Q3,2016-10-31,2016-09-30,-38942000.0,175884000.0,-56417000.0,-0.18,-22706000.0,-0.1290964499,1052892000.0,837810000.0,455806000.0,87084000.0,215082000.0,110868000.0,832937000.0,3599668800.0,3460581800.0,3.9101397328554226,5.234095815534427,0.0,0.0,-0.04659633545878179,3.9101397328554226,-0.04648070564925222,20.4661526915467,-23.109167479841815,4.296521645719197,0.0,1.7912292095104088,0.0,0.16704847220797575,3.836939047356575,-0.03698574972551791,-831.5243243243243,-0.12909644993291033,0.21739130434782614,-1.476524940943097,-0.6438399113767178,0.18534956808340514,0.43628193351374167,0.20013967054183954,0.2499933530084284,-1.7270788752843038,-0.6405318938695574,-0.11194356195225519,Oil & Gas Equipment & Services,Energy,RES
2016Q2,2016,Q2,2016-08-01,2016-06-30,-48686000.0,142998000.0,-75222000.0,-0.23,-40279000.0,-0.2816752682,1091277000.0,874009000.0,449537000.0,76046000.0,217268000.0,115954000.0,869122000.0,3327504390.0,3186150390.0,4.079141055618562,5.911382584225337,0.0,0.0,-0.05557420263632307,4.079141055618562,-0.0557042318786191,23.26958691729954,-17.08655665899848,3.8071740565600583,0.0,1.5806009279541888,0.0,0.13103730766798896,4.245088499066354,-0.044613787333555095,110.61814401116985,-0.28167526818556904,-0.5333333333333334,-1.6764820457833833,-0.6718643890338812,0.3748695619552912,-0.22813062170320456,-0.4975239149826213,-0.0017979144192736426,-2.2137298391515485,-0.6851182572896032,-0.03982981080448158,Oil & Gas Equipment & Services,Energy,RES
2016Q1,2016,Q1,2016-05-03,2016-03-31,-32511000.0,189095000.0,-75087000.0,-0.15,-32797000.0,-0.1734419207,1155196000.0,919823000.0,463462000.0,81901000.0,235373000.0,125089000.0,915221000.0,3036093980.0,2927784980.0,4.296010013497672,5.658807584766975,0.0,0.0,-0.0353636822963835,4.296010013497672,-0.03534484351880742,16.05591887675507,-23.34666712804897,3.300737185306303,0.0,1.7738730024222753,0.0,0.1636908368796291,3.9701224649271682,-0.028143276119377145,69.17349752796702,-0.17344192072767656,0.16666666666666666,-1.504074969575105,-0.4967848681263476,0.6064286763227291,-1.1147075891417886,0.14175972123228003,-0.4499198640585475,-1.9358902518218795,-0.5516082359148954,0.01784414810273409,Oil & Gas Equipment & Services,Energy,RES
2015Q4,2015,Q4,2016-02-29,2015-12-31,-37881000.0,268086000.0,-51787000.0,-0.18,-15509000.0,-0.0578508389,1237094000.0,952281000.0,492208000.0,107464000.0,284813000.0,128441000.0,948551000.0,2553464050.0,2488268050.0,4.456596109116947,4.580212908508896,0.0,0.0,-0.03564711396872938,4.456596109116947,-0.039779224829645875,9.524794468939072,-16.85187858029091,2.681418667389142,-7.919537499010058e-05,2.207978760676108,1.174874578712005e-06,0.2167062486763334,3.2455054715997917,-0.030620955238647992,33.91820264867234,-0.057850838909902044,-0.12499999999999993,-1.6951808232050467,-0.16832813361303386,0.7988846197225639,-0.3184561761455411,-0.07699087368151707,-0.03785722874664315,-1.6892857589922636,-0.4251314656081706,0.0671661228514264,Oil & Gas Equipment & Services,Energy,RES
2015Q3,2015,Q3,2015-10-30,2015-09-30,-35173000.0,291924000.0,-49898000.0,-0.16,-11763000.0,-0.0402947342,1288091000.0,986909000.0,478042000.0,117264000.0,301182000.0,136248000.0,984168000.0,1891059150.0,1903051150.0,4.618652277481643,4.076630508937099,0.01513868197200353,0.019758660626258348,-0.032330703015852516,4.618652277481643,-0.035639557446532556,6.47791599868459,-13.441127782674208,1.9161433830272092,0.0,2.2289281310551345,0.0,0.22663305620487995,2.7264974757811435,-0.027306300564168214,72.14203448670507,-0.04029473424589962,0.0,-1.774101457765584,-0.01631980459850264,1.0499673895366326,0.15117621590417088,-0.03282924680663633,0.07448900100159514,-1.5362704587599119,-0.3778073292638795,0.09444834275832896,Oil & Gas Equipment & Services,Energy,RES
2015Q2,2015,Q2,2015-07-31,2015-06-30,-34055000.0,297560000.0,-53914000.0,-0.16,-13858000.0,-0.0465721199,1383782000.0,1019995000.0,511605000.0,116729000.0,363787000.0,146945000.0,1016754000.0,2940230340.0,2980286340.0,4.797763854786969,4.382844023336103,0.039673879267109996,0.0538237932538885,-0.03248226155837149,4.797763854786969,-0.03338741856577728,9.881134359456917,-21.58442475407429,2.882592895063211,-0.31822052562032005,2.119282724829018,0.0036857656533127265,0.21503387094209925,2.97000745316074,-0.02461009031769455,27.282456527790664,-0.046572119908589865,-5.0,-2.1023930083743974,0.20365693961174094,1.3277235932119564,-1.2896194277832347,-5.511791202967673,-5.898155719087853,-1.4763717749826863,-0.3985831671199041,0.20330325058879373,Oil & Gas Equipment & Services,Energy,RES
2015Q1,2015,Q1,2015-05-01,2015-03-31,7548000.0,406270000.0,11007000.0,0.04,47849000.0,0.1177763556,1549980000.0,1062095000.0,634233000.0,133559000.0,487885000.0,153698000.0,1059105000.0,2734832520.0,2874956520.0,4.974870252749517,4.748710307804042,0.10038839210828526,0.14650290228275248,0.006051796344798845,4.974870252749517,0.007106708910219896,6.7315640337706455,90.58136327503975,2.574941525946361,3.015633280339163,2.3319821988575,0.008322995954428682,0.2621130595233487,3.448663137639545,0.004869740254712964,28.16511349124614,0.1177763556255692,-0.888888888888889,-0.4269469732306374,0.9391408706997209,1.5777751554953603,-0.7343906121633323,-0.9027783144634646,-0.911976392687491,-0.9056004539197187,-0.18353633237421224,0.3401851627538437,Oil & Gas Equipment & Services,Energy,RES
2014Q4,2014,Q4,2015-02-27,2014-12-31,77637000.0,632206000.0,125046000.0,0.36,180148000.0,0.2849514241,1759358000.0,1078382000.0,851628000.0,239012000.0,680976000.0,155611000.0,1074561000.0,2787443440.0,3002171440.0,5.044802372743391,3.5631181697990058,0.12760336440906286,0.20818225823502248,0.05969034066668545,5.044802372743391,0.07199396874205986,4.409074637064501,8.975885982199207,2.5848386193389725,0.2934940814302459,2.905051699429989,0.008174515641472532,0.3593390316240356,2.818339664954061,0.044128028519494045,-158.86489456286333,0.28495142406114465,0.2,16.164191082968856,3.2145552708263962,1.6742569739736541,0.09075496945367797,0.19653232642367266,0.17236853207826666,0.050028561498442516,0.32089444242599924,0.4263987658025916,Oil & Gas Equipment & Services,Energy,RES
2014Q3,2014,Q3,2014-11-03,2014-09-30,64885000.0,620684000.0,106661000.0,0.3,165159000.0,0.2660919244,1616033000.0,1060945000.0,785056000.0,241476000.0,555088000.0,153948000.0,1049636000.0,4725835920.0,4869313920.0,4.929996003754612,3.251072570358959,0.09405748521224505,0.14326850119468965,0.05395204885813194,4.929996003754612,0.06115774144748314,7.613916131235863,18.208507050936273,4.454364665463337,0.3535331740772135,2.9589536726686934,0.004853956080641919,0.3840787904702441,2.53105070483195,0.04015078899997711,-478.178277850855,0.26609192439308893,0.03448275862068969,7.294116205997714,3.7311939869133837,1.5604761045239517,0.0862936483402285,0.025314855490416066,0.035232114606283546,-0.20946946128295607,0.2514007935591558,0.49451657305248425,Oil & Gas Equipment & Services,Energy,RES
2014Q2,2014,Q2,2014-07-31,2014-06-30,63283000.0,582831000.0,103031000.0,0.29,152039000.0,0.260862926,1530861000.0,1021645000.0,768227000.0,205460000.0,509216000.0,138836000.0,1009711000.0,5055611760.0,5164847760.0,4.746891610601049,3.739058697556702,0.08583405025015335,0.12861610441983273,0.05446680192385243,4.746891610601049,0.061942259786912285,8.67423277073457,19.972234881405747,4.948501446197064,0.3618191299401103,3.1028839782189057,0.004529026572246126,0.3807210452157315,2.944505013141244,0.0413381750531237,-85.84984903802068,0.26086292595966926,0.611111111111111,6.481838345935824,3.620320895473951,1.390346518352196,0.30874048824157285,0.6066568498019701,0.5794548687760608,-0.1246218102528142,0.3314428428383815,0.5999340793393211,Oil & Gas Equipment & Services,Energy,RES
2014Q1,2014,Q1,2014-04-29,2014-03-31,39388000.0,501692000.0,65232000.0,0.18,116172000.0,0.2315603996,1434295000.0,978312000.0,672828000.0,192539000.0,455983000.0,135727000.0,966966000.0,4393873500.0,4430380500.0,4.5465876612059954,3.494502412498247,0.0563342966405098,0.0825912387868083,0.03733444599096674,4.5465876612059954,0.040261184570975314,8.758109557258239,27.888401924443993,4.491280389078331,0.5835787549507464,2.8404075828685524,0.005231375004309978,0.349782994432805,2.6715107069217146,0.027461575198965346,116.94231229872514,0.23156039960772745,0.058823529411764594,7.869755711290308,1.8623501238178526,1.205463747172925,0.021274351220198325,0.04635656031665914,0.011317478527797587,-0.3923186582896655,0.328489084991557,0.7001284390466093,Oil & Gas Equipment & Services,Energy,RES
2013Q4,2013,Q4,2014-02-28,2013-12-31,37643000.0,486981000.0,64502000.0,0.17,113752000.0,0.2335861153,1383860000.0,968702000.0,604925000.0,168052000.0,415158000.0,126604000.0,956918000.0,3835447350.0000005,3880047350.0000005,4.5082956750794665,3.5996298764668078,0.03851545676585782,0.055022081094082596,0.03643382624414334,4.5082956750794665,0.03885921573404411,7.875969185656115,25.472513813989323,3.9593676383449194,0.5808782509364291,2.9480032226469937,0.00570102989420517,0.35190048126255546,2.686977840192321,0.02720145101383088,189.31132033563674,0.23358611526938422,-0.31999999999999995,0.8576514759876502,1.1525580662547603,1.1724163814231503,-0.1523885457106026,-0.29979538690476193,-0.24856999732056526,-0.31301917769712295,0.5023597173545875,0.8197529128725879,Oil & Gas Equipment & Services,Energy,RES
2013Q3,2013,Q3,2013-11-01,2013-09-30,53760000.0,491121000.0,85839000.0,0.25,134203000.0,0.2732585249,1352329000.0,946951000.0,571929000.0,165738000.0,405378000.0,128203000.0,939336000.0,3327101960.0,3355564960.0,4.403030669369688,3.4508018680085435,0.038008502368876214,0.05427947169388912,0.05322624571913881,4.403030669369688,0.05677168090006769,6.774505590272051,15.472014322916667,3.5134890400876073,0.40723586309523807,2.784006614509801,0.006580201106911673,0.36316680334445245,2.5825881813464626,0.03975363983172734,64.5725756428918,0.27325852488490615,0.3157894736842105,1.1118710602335629,1.0966876993856962,1.1572325637029952,0.14487165269021762,0.33016627078384797,0.2650730255110312,0.17553016900998913,0.6442152704143118,0.9542647389465412,Oil & Gas Equipment & Services,Energy,RES
2013Q2,2013,Q2,2013-07-31,2013-06-30,40416000.0,457566000.0,67853000.0,0.19,117221000.0,0.2561838074,1328982000.0,917147000.0,546392000.0,162548000.0,411835000.0,134170000.0,909867000.0,2936008800.0,2992949800.0,4.248352116655781,3.3614193961168395,0.05056501893930843,0.07327069706382947,0.041718409823322054,4.248352116655781,0.04406709066267458,6.416579903227076,18.161178741092634,3.2012412404990696,0.5447100158353128,2.5366698964000896,0.007498274528332476,0.3442981169045179,2.406735241282575,0.03041124710492693,52.53285619710498,0.2561838073633093,0.1875,0.8151936671637114,1.1497337236234904,1.139701757589159,0.11880923520372615,0.1522408484433801,0.18584735839493874,0.28839676139682313,0.8227312954894097,1.0611663586453666,Oil & Gas Equipment & Services,Energy,RES
2013Q1,2013,Q1,2013-05-01,2013-03-31,35076000.0,425821000.0,57219000.0,0.16,104773000.0,0.2460493963,1352576000.0,912489000.0,550665000.0,161377000.0,440087000.0,132682000.0,904860000.0,3264529400.0,3341846400.0,4.220695301442223,3.4122892357647,0.06476530708810448,0.09600115727422467,0.03493854411953245,4.220695301442223,0.038439915440076536,7.666435896773527,23.267543334473714,3.5776095931019443,0.6276371308016878,2.4196801374715484,0.006743697881844777,0.3148222354973029,2.462587605420847,0.025932738714867037,90.00880641870468,0.24604939634259465,-0.38461538461538464,1.3892689872745982,1.1702700074262427,1.2133198811495496,5.300320144475456,-0.36664198912984597,-0.35929994289361417,1.6297287203629574,1.0070567396797268,1.186992410698669,Oil & Gas Equipment & Services,Energy,RES
2012Q4,2012,Q4,2013-03-01,2012-12-31,55381000.0,469942000.0,89307000.0,0.26,-24364000.0,-0.0518446957,1367163000.0,899232000.0,567827000.0,164511000.0,467931000.0,140867000.0,891464000.0,2635614720.0,2728451720.0,4.176103432902363,3.4516050598440224,0.07826425963838986,0.11899042738692574,0.0545814616629175,4.176103432902363,0.061586998683320876,5.608382991943687,11.897648652064788,2.930961887477314,1.1095140932810892,3.5090262446137137,0.02331372621867888,0.34373516544845056,2.467476338968215,0.040507971617137095,66.67715846994535,-0.05184469572840904,-0.13333333333333328,1.7538896340815537,1.547337174794105,1.2174605980452908,-1.1212036792908062,-0.16140218049666868,-0.127588699593623,11.738392213732611,2.110035648665711,1.2137584199163105,Oil & Gas Equipment & Services,Energy,RES
2012Q3,2012,Q3,2012-11-01,2012-09-30,66040000.0,472418000.0,102368000.0,0.3,201017000.0,0.4255066488,1358146000.0,907953000.0,557504000.0,166961000.0,450193000.0,142558000.0,898232000.0,2566751430.0,2639309430.0,4.2200733438375835,3.3391271015386828,0.06162813129074488,0.09218538845072377,0.06615706048060493,4.2200733438375835,0.07273504245263797,5.433221066936484,9.71665441399152,2.8269650851971413,0.26559660811629315,1.903793543680467,0.006833540558307978,0.34784036473251034,2.3502554488772827,0.04862511099690313,27.441027935469386,0.4255066487729087,-0.09090909090909098,3.4715508687957244,1.9413674880737115,1.3452076243106168,-0.08138849410721712,-0.0860780514807639,-0.14592267516561264,7.407674566959475,2.6018827867380643,1.191765865125528,Oil & Gas Equipment & Services,Energy,RES
2012Q2,2012,Q2,2012-08-02,2012-06-30,72260000.0,500106000.0,119858000.0,0.33,218827000.0,0.437561237,1383641000.0,856813000.0,594879000.0,166156000.0,526828000.0,119046000.0,847443000.0,2555077770.0,2707821770.0,3.9871610522446055,3.580243867209129,0.11708239348212433,0.18907276150105098,0.07184032710210611,3.9871610522446055,0.08433578855596262,5.10907241664767,8.839876037918629,2.982071665579304,0.24234707998892888,2.362775733749979,0.00685380312318243,0.3614420214492054,2.5475757721659162,0.052224529339619165,71.53073264277715,0.43756123701775224,-0.10810810810810806,2.060971877963231,1.9498450117452069,1.2789671920836256,-0.04341268939228355,-0.10519472478484304,-0.08405358521133757,7.269105122256958,2.9706352263581186,1.0077763136739497,Oil & Gas Equipment & Services,Energy,RES
2012Q1,2012,Q1,2012-05-02,2012-03-31,80755000.0,502557000.0,130857000.0,0.37,228758000.0,0.4551881677,1369007000.0,800398000.0,591627000.0,206760000.0,568609000.0,111813000.0,790893000.0,2287728200.0,2462794200.0,3.7120768017809107,2.8614190365641323,0.13206652705208957,0.22588762090859799,0.08209604522071005,3.7120768017809107,0.10089355545616056,4.552176569026001,7.082311311993065,2.8582382764574623,0.2175840505231874,2.448722420469892,0.007680545267571559,0.36709600462232844,2.0896740181853355,0.058988011018205166,36.773101652414326,0.4551881677103294,0.0571428571428572,1.8803173977651195,1.939011691437046,1.2286115635567103,0.06768040250726931,0.08278247811104705,0.07229952308373076,17.147630199531253,1.861367739756165,0.8006583009284438,Oil & Gas Equipment & Services,Energy,RES
2011Q4,2011,Q4,2012-02-29,2011-12-31,74581000.0,482782000.0,122034000.0,0.35,214257000.0,0.443796579,1338211000.0,762592000.0,626555000.0,179466000.0,575619000.0,100438000.0,760492000.0,2623383854.0,2819290854.0,3.5367405620999905,3.491218392341725,0.15191924143502034,0.26659078511182915,0.07704795655931372,3.5367405620999905,0.09779934748856531,5.433889113512931,8.793740543838243,3.440088348684487,0.19879057668843272,2.6735398952587666,0.005651479472740553,0.3607667251278012,2.671648111620028,0.05573186889063085,-69.80983671731552,0.44379657899424585,-0.0789473684210527,1.528048277030851,2.0120156912956078,1.2751073870155172,-0.03617650101889797,-0.10263382705057092,-0.09237359989290017,2.667726767073853,1.1265847308973855,0.7042522690826637,Oil & Gas Equipment & Services,Energy,RES
2011Q3,2011,Q3,2011-11-03,2011-09-30,83111000.0,502235000.0,134454000.0,0.38,222299000.0,0.4426194909,1214031000.0,718828000.0,565293000.0,185075000.0,495203000.0,93136000.0,713537000.0,2370871680.0,2504701680.0,3.2987228730995684,3.054399567742807,0.11597726911421537,0.1958743955438575,0.09798259848004237,3.2987228730995684,0.11562014835259617,4.720642089858333,7.131642261553826,3.2982461451139913,0.14223147357148874,3.005669129015633,0.004985929900685303,0.4136920721134798,2.4130811833040657,0.0684587131630082,59.08861728641212,0.4426194908757852,0.15151515151515146,1.8527807094250992,2.2162292481614383,1.3178680266965093,0.1112838560673472,0.13593931524636096,0.12733614495208231,2.2222801018162164,1.1161617500673044,0.6161850631626403,Oil & Gas Equipment & Services,Energy,RES
2011Q2,2011,Q2,2011-08-02,2011-06-30,73165000.0,443029000.0,119267000.0,0.33,200038000.0,0.4515234894,1114792000.0,646264000.0,510129000.0,175610000.0,468528000.0,78657000.0,640562000.0,3563576100.0,3729486100.0,2.966929495345981,2.904897215420534,0.15527560298243978,0.2678471955733261,0.09005370270380549,2.966929495345981,0.11321224762635702,8.04366328163619,12.176505501264266,5.514118224131315,0.14113305542267476,3.0892482550821923,0.0028976510421652004,0.39740956160431723,2.324138716474005,0.06563107736689894,-135.74493752856924,0.45152348943297166,0.10000000000000009,1.6119572514887097,1.9900469020211884,1.273419585223608,0.10818851137616407,0.11661375984372138,0.12171058819103511,2.256782247818878,1.0629028933033693,0.4943074588723601,Oil & Gas Equipment & Services,Energy,RES
2011Q1,2011,Q1,2011-05-05,2011-03-31,65524000.0,381761000.0,106326000.0,0.3,180509000.0,0.472832479,997123000.0,581712000.0,456014000.0,157914000.0,415411000.0,71291000.0,576112000.0,3671779800.0,3809901800.0,2.674261283315519,2.887736362830401,0.1502322180914491,0.2575157466237588,0.09020200653713836,2.674261283315519,0.11263993178755123,9.618006553838658,14.009293541297845,6.312023475534285,0.15801843599291862,2.82296503064903,0.0028198858765985913,0.3828624953992637,2.3393872614207734,0.06571305646344533,-549.1743643434041,0.47283247895934893,0.15384615384615377,1.5866917979818453,1.758796391341435,1.2432889980823838,0.17467641068023715,0.1812298318040057,0.1840575513931268,3.4360337035887314,0.9338273742832925,0.402374548034351,Oil & Gas Equipment & Services,Energy,RES
2010Q4,2010,Q4,2011-03-04,2010-12-31,55471000.0,328144000.0,89798000.0,0.26,153667000.0,0.4682913599,887871000.0,538895000.0,398678000.0,117504000.0,348976000.0,64059000.0,527150000.0,2627671800.0,2739886800.0,2.4774218758978956,3.3928887527233114,0.1365626312831481,0.224997448482543,0.08418319191751338,2.4774218758978956,0.10293470898783622,8.00767894582866,11.842547457229905,4.8760367047384,0.12404679922842567,2.7236922212335504,0.0026186679782459897,0.3695852212765143,2.7257625272331154,0.06247641830851554,-490.8783485895759,0.46829135989077963,0.2380952380952382,1.5314183716659027,1.7436118053807117,1.2783632162830225,0.10020691482125853,0.19888045991916833,0.20712461352332304,1.7305369239866735,0.7607713419926502,0.3154811615192753,Oil & Gas Equipment & Services,Energy,RES
2010Q3,2010,Q3,2010-11-04,2010-09-30,46269000.0,302200000.0,74390000.0,0.21,139671000.0,0.462180675,802865000.0,490240000.0,356740000.0,125740000.0,312625000.0,61888000.0,478560000.0,2046332208.375,2151398208.375,2.2530369512490767,2.8371242245904247,0.13489191831752537,0.22091220626631855,0.07756586262032743,2.2530369512490767,0.09438030352480417,6.771450060804103,11.056712963188096,4.174143701809318,0.1274935702089952,2.626179550155119,0.0028827186396506057,0.37640201030061093,2.2587243518371243,0.057629863052941654,-461.19725228194727,0.462180675049636,0.4999999999999998,0.9580339241620828,1.5518539406548313,1.24935601830059,0.23147119504840502,0.4641161951775204,0.4281326191710342,2.0977342979032643,0.8604596306566963,0.252072891964941,Oil & Gas Equipment & Services,Energy,RES
2010Q2,2010,Q2,2010-08-06,2010-06-30,31602000.0,252896000.0,52089000.0,0.14,113418000.0,0.4484768442,710175000.0,448267000.0,290190000.0,87980000.0,261908000.0,57597000.0,438190000.0,1319416249.5,1416583249.5,2.0611398487251993,3.298363264378268,0.1420072517337276,0.22497752455567777,0.0584265998924417,2.0611398487251993,0.0704981629252209,5.217228621646843,10.437759077748243,2.943371360149197,0.12439086133789001,2.4216191815545947,0.0029793478756152004,0.35610377723800474,2.528961127528984,0.04449889111838631,103.2164788781976,0.4484768442363659,1.2508038585209005,1.6084359887236208,1.4386720812779883,1.3061620496091941,0.3578115647072908,1.358358208955224,1.3080911024459412,0.3227230176537982,0.4739136925702535,0.17809891097741554,Oil & Gas Equipment & Services,Energy,RES
2010Q1,2010,Q1,2010-05-07,2010-03-31,13400000.0,213144000.0,22568000.0,0.0622,83530000.0,0.3918946815,685861000.0,419166000.0,278992000.0,74146000.0,266695000.0,58146000.0,410519000.0,1074397269.825,1184876269.825,1.9299085267945013,3.762738381032018,0.16665184344932865,0.2726843303130502,0.025247405184288738,1.9299085267945013,0.03196824169899276,5.0407108331691255,20.044725183302237,2.563178477798772,0.2937313432835821,2.229112922643002,0.003663449368817834,0.31076850848787146,2.8454805383972164,0.019537486458626456,-49.23459214668683,0.39189468152985774,3.5916666666666663,0.34077156504752787,1.2929695667788699,1.185633412041743,0.667232190974232,3.575932333717801,4.2134415491955,-0.5255226964788435,0.23745329751102037,0.15865503034782574,Oil & Gas Equipment & Services,Energy,RES
2009Q4,2009,Q4,2010-03-03,2009-12-31,-5202000.0,152415000.0,-7023000.0,-0.024,50101000.0,0.3287143654,649043000.0,409723000.0,219454000.0,67773000.0,239320000.0,55783000.0,401055000.0,1003917573.45,1089728573.45,1.8864314169656495,3.2380741593259854,0.1391279160240539,0.22039280196620645,-0.009986868652155725,1.8864314169656495,-0.012696382678053222,6.586737351638619,-48.24671152681661,2.4502348500084206,-0.7552864282968089,1.8341430184823333,0.003913667918470483,0.23483035792697865,2.2618446874123914,-0.008014877288561775,67.19662472891567,0.3287143653839845,0.49895615866388304,-1.458840140221315,0.7676808334588332,1.2431897625330408,0.20097322434499126,0.49908521906596054,0.5275797120947128,-1.1750520605553867,-0.05599653309276652,0.21349982462054284,Oil & Gas Equipment & Services,Energy,RES
2009Q3,2009,Q3,2009-11-05,2009-09-30,-10385000.0,132159000.0,-14866000.0,-0.0479,41717000.0,0.3156576548,658067000.0,417416000.0,203214000.0,56608000.0,240651000.0,55429000.0,410186000.0,1009773777.6,1108298777.6,1.9254216022731465,3.589845958168457,0.15477147463708102,0.24400118826302777,-0.02009264301958953,1.9254216022731465,-0.024879257143952317,7.640597897986517,-24.308468406355317,2.419106545029419,-0.38680789600385174,1.6316729509823378,0.003978118752051064,0.2008290949097888,2.474756218202374,-0.015781067885184942,39.361260528572544,0.31565765479460345,0.10634328358208962,-2.0063647664529225,0.47771928604773445,1.4202685261239785,0.16080471923868886,0.10658981417756366,0.2355240152216394,-1.3583045176246358,-0.1493073747239959,0.3529093960009603,Oil & Gas Equipment & Services,Energy,RES
2009Q2,2009,Q2,2009-08-05,2009-06-30,-11624000.0,127018000.0,-19446000.0,-0.0536,35938000.0,0.2829362767,682652000.0,430362000.0,205737000.0,54650000.0,252290000.0,54044000.0,424588000.0,804244542.075,924982542.075,1.9858591941194181,3.764629460201281,0.18098533366927805,0.2870838968124509,-0.02107306018649197,1.9858591941194181,-0.02700981964020987,6.331736778055079,-17.297069469954405,1.868762906750596,-0.5855127322780455,1.6852934645844126,0.008462600171883175,0.18606552093892642,2.6068618481244283,-0.017027709579698,58.40555861111111,0.28293627674817745,-3.4144144144144146,-2.542267736246427,0.4744581976263367,1.6390743154531515,-0.4579568935611831,-3.6027765338110167,-3.315827081100393,-1.4170955555813445,-0.13835496765018326,0.5216712067102852,Oil & Gas Equipment & Services,Energy,RES
2009Q1,2009,Q1,2009-05-05,2009-03-31,4466000.0,176271000.0,8397000.0,0.0222,66301000.0,0.3761310709,727597000.0,446112000.0,234807000.0,72803000.0,281485000.0,56611000.0,443018000.0,637667353.35,767855353.35,2.0615109484497496,3.225237970962735,0.18210630335199293,0.2970106161681372,0.008122822637555734,2.0615109484497496,0.010010938957033212,3.617539773133414,35.69566465237349,1.4293884794625564,1.5235109717868338,1.9425553337690555,0.010670140104013529,0.24226460526912563,2.3061961732346195,0.0061380132133584935,13.69972400098827,0.37613107090786346,-0.7645811240721103,-0.2363513170788362,1.1855350605787212,1.834521841532145,-0.3160332590575225,-0.7811642493139945,-0.7711802054663869,-0.8227815518765783,0.2804271787417502,0.729286834811526,Oil & Gas Equipment & Services,Energy,RES
2008Q4,2008,Q4,2009-03-05,2008-12-31,20408000.0,227844000.0,36697000.0,0.0943,96936000.0,0.4254489914,793461000.0,449084000.0,292823000.0,92329000.0,344377000.0,49779000.0,445356000.0,938702088.9,1110115088.9,2.075244742965012,3.171517074808565,0.21985957721929622,0.38845739327163736,0.03484513759968695,2.075244742965012,0.04544361411228189,4.119933326749881,11.49919258256566,2.0902594812997117,0.28567228537828304,2.629783643705177,0.006210703128222261,0.2871521095554791,2.480434099795297,0.025720230735978202,55.049383585503165,0.4254489914151788,-0.21416666666666667,5.123156367058109,2.241635658114514,1.9479738496279713,-0.05279512209421628,-0.20837858805275408,-0.17035178151564478,-0.0638524518518386,0.9148806813068522,0.9085006607696012,Oil & Gas Equipment & Services,Energy,RES
2008Q3,2008,Q3,2008-11-07,2008-09-30,25780000.0,237217000.0,44232000.0,0.12,102339000.0,0.4314151178,801055000.0,444551000.0,289740000.0,106531000.0,356504000.0,40633000.0,430778000.0,1361038540.05,1543345540.05,2.0410551664451377,2.7197717096432026,0.23169445294018512,0.4174999043979206,0.04242632941018035,2.0410551664451377,0.05799109663458186,5.737525304046506,13.198589410880526,3.061602695866166,0.22715283165244377,3.319420175719243,0.004302596750702497,0.2961307276029736,2.2505280153194844,0.03218255924998908,663.9212390487804,0.4314151178035301,0.1999999999999999,8.921541335330774,2.39761615641801,1.9022092794424275,0.08279196732759168,0.14792056282839078,0.17015873015873015,0.0898998490670095,1.0011550686928377,1.0377205619204841,Oil & Gas Equipment & Services,Energy,RES
2008Q2,2008,Q2,2008-08-04,2008-06-30,22458000.0,214689000.0,37800000.0,0.1,94514000.0,0.4402368077,753154000.0,432341000.0,248191000.0,91182000.0,320813000.0,35707000.0,410854000.0,1625877658.3500001,1799399658.3500001,1.9854879782135977,2.7219297668399465,0.2423807083279117,0.4222361515562947,0.03763979540877634,1.9854879782135977,0.051945108143803154,7.573176354401018,18.09909228726957,3.760637224667566,0.2603971858580461,3.365586579662251,0.0035968265939116005,0.2850532560405973,2.2220394376083,0.029818602835542267,-130.1535109149856,0.44023680766131473,0.4992503748125939,3.733941696585487,2.0046617285774633,1.8435792511384435,0.18800356976758803,0.5218540353730433,0.4857906528831414,0.851428054745044,1.0677183751340726,1.2215169087839803,Oil & Gas Equipment & Services,Energy,RES
2008Q1,2008,Q1,2008-05-01,2008-03-31,14757000.0,197227000.0,25441000.0,0.0667,79557000.0,0.4033778337,737359000.0,414416000.0,237937000.0,107958000.0,322943000.0,34418000.0,394244000.0,1467138925.35,1624698925.35,1.9069522383046082,2.2039774727208727,0.22926417118391448,0.40792343924944985,0.02682730079589704,1.9069522383046082,0.035609146365005215,7.438834061005846,24.854965869587314,3.540256470189375,0.39262722775631903,3.4188506014294844,0.003949182930047191,0.2674775787642112,1.7879545749272865,0.02001331780042015,3742.701340178571,0.40337783366374785,-0.2858672376873662,46.77315070799047,2.2082139605919857,1.8285163260576291,-0.06576088871143887,-0.272910918407568,-0.2665129018307626,0.47570889290007273,1.1205287854213868,1.1596352725219823,Oil & Gas Equipment & Services,Energy,RES
2007Q4,2007,Q4,2008-03-04,2007-12-31,20296000.0,186189000.0,34685000.0,0.0934,85157000.0,0.4573685878,701015000.0,409272000.0,235060000.0,90722000.0,291743000.0,29602000.0,385281000.0,1131034133.25,1281096133.25,1.8832819111120314,2.590992262075351,0.22310506907840774,0.3821419496080846,0.03734818008191605,1.8832819111120314,0.04959049238648136,6.074656039024862,13.931736958637172,2.7635267823110308,0.23970240441466298,3.4130126342814675,0.004301373280415982,0.26559916692224844,2.147086704437733,0.028952304872220995,-126.5988508226998,0.45736858783279355,0.40029985007496255,19.218114014591485,1.8202352319179138,1.7853972342687778,0.2073869275485609,0.36278788692674413,0.4063577018205409,0.7891804116339667,1.1581557643480942,1.2394446280827047,Oil & Gas Equipment & Services,Energy,RES
2007Q3,2007,Q3,2007-10-31,2007-09-30,14893000.0,161961000.0,24663000.0,0.0667,70530000.0,0.435475207,650536000.0,390405000.0,216726000.0,78619000.0,260131000.0,28180000.0,369850000.0,1372154033.25,1511347033.25,1.7994455160779597,2.756661875628029,0.22881131866645352,0.38127073167607994,0.02899808936651529,1.7994455160779597,0.0381475647084438,8.47212621093967,23.033539804774055,3.514693800668536,0.3265292419257369,3.2445351312987936,0.0035440627525481208,0.24896546847522658,2.3001310115875295,0.022893429418202837,-84.24324860326621,0.4354752069942764,-0.3936363636363637,15.163978694405577,2.1821188694223825,1.5724902276233692,-0.14859971028488653,-0.3746378332983414,-0.36279550445678854,0.44210769558374663,0.8095568410365224,1.2619156977862611,Oil & Gas Equipment & Services,Energy,RES
2007Q2,2007,Q2,2007-08-03,2007-06-30,23815000.0,171031000.0,38705000.0,0.11,82840000.0,0.4843566371,611713000.0,379280000.0,210857000.0,80362000.0,232433000.0,25030000.0,359820000.0,1641796773.75,1762223773.75,1.7495473678141036,2.6238396256937357,0.20458940712392903,0.3299673064754271,0.04700162083769073,1.7495473678141036,0.06279002320185614,9.599410479679122,17.234902096892714,4.328719610182451,0.20403107285324376,3.5234119057131443,0.0029595623999806265,0.2795935348766497,2.2033174883651476,0.038931655858221094,-38.82509456215858,0.48435663710087645,-0.15384615384615388,13.07311643384277,2.6202734068114535,1.4745518904545767,-0.00818926296633303,-0.150829024781601,-0.12004092304194612,2.158682585358355,0.9846926316389532,1.3250316718020125,Oil & Gas Equipment & Services,Energy,RES
2007Q1,2007,Q1,2007-05-04,2007-03-31,28045000.0,171045000.0,43985000.0,0.13,83524000.0,0.4883159402,547643000.0,359251000.0,203496000.0,80395000.0,188392000.0,24006000.0,340861000.0,1597022922.375,1672485922.375,1.665645490888817,2.53120218919087,0.14507626318605368,0.2211545688112211,0.06369422494705645,1.665645490888817,0.07806519675658523,9.336858267561167,14.23625354229809,4.445423735424536,0.17422000356569797,3.6457968841123054,0.003059442623862796,0.31232938246266273,2.116139063374588,0.05121036879865168,-40.5572522633771,0.4883159402496419,-0.07142857142857148,24.91437834023092,2.6425682484728026,1.3110548535658029,0.00932907965970611,-0.04964418841070824,-0.0702418195654012,3.8114190161005603,1.1277967470038361,1.2902175356984127,Oil & Gas Equipment & Services,Energy,RES
