Quarters,Year,Quarter,FillingDate,Date,NetIncome,Revenue,OperatingIncome,EPSDiluted,GrossProfit,GrossProfitRatio,TotalAssets,CommonStockEquity,CurrentAssets,CurrentLiability,TotalLiability,Inventory,RetainedEarnings,MarketCap,EnterpriseValue,bookValuePerShare,currentRatio,debtToAssets,debtToEquity,roic,shareholdersEquityPerShare,roe,priceToSalesRatio,peRatio,pbRatio,payoutRatio,inventoryTurnover,dividendYield,assetTurnover,quickRatio,returnOnAssets,priceToFreeCashFlowsRatio,grossProfitMargin,epsdilutedGrowth,fiveYNetIncomeGrowthPerShare,fiveYRevenueGrowthPerShare,fiveYShareholdersEquityGrowthPerShare,grossProfitGrowth,netIncomeGrowth,operatingIncomeGrowth,threeYNetIncomeGrowthPerShare,threeYRevenueGrowthPerShare,threeYShareholdersEquityGrowthPerShare,Industry,Sector,Symbol
2023Q1,2023,Q1,2023-05-04,2023-03-31,31400000.0,1263100000.0,16500000.0,0.15,184300000.0,0.1459108542,6383800000.0,1853300000.0,503300000.0,457900000.0,4098300000.0,100500000.0,0.0,2555325000.0,5861525000.0,18.0809756097561,1.099148285651889,0.5211159497477991,1.795014298818324,0.0031444923076528394,18.0809756097561,0.016942750768898722,2.02305834850764,20.344944267515924,1.378797280526628,2.671974522292994,10.734328358208955,0.03283339692602702,0.1978602086531533,0.7772439397248307,0.004918700460540743,14.307530795072788,0.14591085424748634,-0.42307692307692313,-0.2757212543554007,-0.21348781362791208,0.0,0.003812636165577342,-0.27816091954022987,-0.2465753424657534,1.6706394199077126,0.23415491943077138,0.0,Oil & Gas Midstream,Energy,CEQP
2022Q4,2022,Q4,2023-02-27,2022-12-31,43500000.0,1402900000.0,21900000.0,0.26,183600000.0,0.1308717656,6567000000.0,1907200000.0,653800000.0,510200000.0,4225400000.0,122600000.0,0.0,2754799995.15,6155799995.15,18.13183101783773,1.2814582516660133,0.5190345667732602,1.7871749161073827,0.004081452854899184,18.13183101783773,0.022808305369127518,1.9636467283127808,15.832183880172416,1.4444211383966026,1.92183908045977,9.945350734094617,0.030347030690860713,0.21362874980965432,0.8618188945511565,0.006624029237094564,34.478097561326656,0.1308717656283413,1.65,1.2304699298156818,-0.24831620195934584,0.0,-0.0452418096723869,2.011627906976744,0.1116751269035533,-0.19418155131232592,0.14202832953201178,0.0,Oil & Gas Midstream,Energy,CEQP
2022Q3,2022,Q3,2022-11-03,2022-09-30,-43000000.0,1566000000.0,19700000.0,-0.4,192300000.0,0.1227969349,6899400000.0,1938200000.0,972900000.0,627600000.0,4526800000.0,159100000.0,0.0,2974167000.0,6562667000.0,18.097105508870214,1.5501912045889101,0.5210453082876771,1.85476215044887,0.003663724499681679,18.097105508870214,-0.022185532968733875,1.899212643678161,-17.29166860465116,1.5344995356516355,-2.013953488372093,8.63419233186675,0.029117396568518177,0.2269762588051135,1.1024537922243467,-0.006232426008058672,-67.90335616438357,0.12279693486590039,-2.0526315789473686,0.18384360546939862,0.06687777664435376,0.0,0.24708171206225682,-2.0913705583756346,2.078125,-2.2163402632501663,0.2747070659249614,0.0,Oil & Gas Midstream,Energy,CEQP
2022Q2,2022,Q2,2022-07-28,2022-06-30,39400000.0,1448000000.0,6400000.0,0.38,154200000.0,0.1064917127,6202800000.0,1923400000.0,865800000.0,645200000.0,3845000000.0,168300000.0,0.0,2359840000.0,5301040000.0,19.6265306122449,1.3419094854308742,0.4763977558521958,1.5363418945617136,0.0012952216153667442,19.6265306122449,0.020484558594156183,1.6297237569060774,14.973604060913704,1.2269106790059268,2.010152284263959,7.687462863933452,0.03356159739643366,0.23344296124330946,1.009299442033478,0.006351970078029277,-105.82242152466368,0.10649171270718231,1.714285714285714,5.667358843537415,0.21038241004975436,0.0,0.06639004149377593,2.283333333333333,1.5039370078740157,-0.865361331099604,0.5523582567355301,0.0,Oil & Gas Midstream,Energy,CEQP
2022Q1,2022,Q1,2022-04-28,2022-03-31,12000000.0,1583800000.0,-12700000.0,0.14,144600000.0,0.0912994065,6240100000.0,1966000000.0,659400000.0,744400000.0,3839600000.0,94000000.0,0.0,2573120000.0,5426720000.0,22.86046511627907,0.885814078452445,0.4592073844970433,1.457527975584944,-0.001404748381359321,22.86046511627907,0.006103763987792472,1.6246495769667888,53.60666666666667,1.3088097660223805,6.325,15.310638297872341,0.029497264021887824,0.2538100350955914,0.6683234819989253,0.0019230461050303682,13.121468638449771,0.09129940649071852,-0.8803418803418802,1.3813789329685362,0.5500053161762848,0.0,-0.21922246220302377,-0.8473282442748091,-1.1290650406504066,-0.007603039373704924,0.5839278908268732,0.0,Oil & Gas Midstream,Energy,CEQP
2021Q4,2021,Q4,2022-02-28,2021-12-31,78600000.0,1380400000.0,98400000.0,1.17,185200000.0,0.1341640104,4445700000.0,-434500000.0,604700000.0,598400000.0,2911500000.0,156500000.0,0.0,1744082150.74,3817382150.74,-6.873446296617192,1.0105280748663101,0.46935240794475563,-4.802301495972382,0.05827500488247108,-6.873446296617192,-0.180897583429229,1.2634614247609388,5.547335085050891,-4.0139980454315305,0.6921119592875318,7.6370607028754,0.031191191296188952,0.3105022831050228,0.6539104278074866,0.017680005398474932,66.0637178310606,0.1341640104317589,2.481012658227848,2.2179929263377165,0.8969206267530717,0.0,1.9679487179487178,2.5751503006012024,8.235294117647058,0.5955043812449335,1.0238859365552078,0.0,Oil & Gas Midstream,Energy,CEQP
2021Q3,2021,Q3,2021-10-28,2021-09-30,-49900000.0,1226300000.0,-13600000.0,-0.79,62400000.0,0.050884775340455025,4574500000.0,0.0,655500000.0,776700000.0,3063700000.0,175000000.0,0.0,1788215541.4199998,3837615541.42,0.0,0.8439551950560061,0.45113127117717783,0.0,-0.006485482747346638,0.0,0.0,1.4582202898311993,-8.958995698496993,0.0,-1.088176352705411,6.650857142857143,0.03036546699335866,0.26807301344409223,0.5591605510493112,-0.010908295988632638,39.82662675768374,0.050884775340455025,-0.03947368421052635,-16.639857026867336,1.2870262541197774,0.0,-0.15217391304347827,-0.030991735537190084,-1.5375494071146245,-5.064057439523421,0.48993081484867007,0.0,Oil & Gas Midstream,Energy,CEQP
2021Q2,2021,Q2,2021-07-29,2021-06-30,-48400000.0,929600000.0,25300000.0,-0.76,73600000.0,0.07917383820998279,5130200000.0,0.0,529800000.0,626500000.0,3524600000.0,148100000.0,0.0,1900732000.0,4543932000.0,0.0,0.8456504389465284,0.5184593193247826,0.0,0.009402690691440587,0.0,0.0,2.0446772805507747,-9.817830578512396,0.0,-1.121900826446281,5.7798784604996625,0.028567941193182417,0.1812015126115941,0.5517956903431763,-0.009434330045612256,82.64052173913043,0.07917383820998279,-0.15151515151515146,-0.22293895057345914,0.6819320941099767,0.0,-0.5391358797745773,0.0,-0.7631086142322098,-1.1323003649409291,0.2425148767914547,0.0,Oil & Gas Midstream,Energy,CEQP
2021Q1,2021,Q1,2021-04-30,2021-03-31,-48400000.0,1032700000.0,106800000.0,-0.66,159700000.0,0.1546431683935315,5017300000.0,0.0,343700000.0,451100000.0,3316200000.0,52300000.0,0.0,2058288365.6000001,4671688365.6,0.0,0.7619153181112835,0.5241265222330735,0.0,0.03988089666791464,0.0,0.0,1.9931135524353638,-10.631654780991736,0.0,-1.2685950413223142,16.692160611854685,0.02983061121375072,0.20582783568851773,0.5761471957437375,-0.009646622685508142,8.259584131621189,0.1546431683935315,-3.869565217391304,0.5457550870598231,0.8009988540264099,0.0,0.4095322153574581,-3.781609195402299,0.9668508287292817,-2.5522244303134616,-0.10592292753845346,0.0,Oil & Gas Midstream,Energy,CEQP
2020Q4,2020,Q4,2021-02-26,2020-12-31,17400000.0,654500000.0,54300000.0,0.23,113300000.0,0.173109243697479,5243700000.0,-431600000.0,405900000.0,377800000.0,3155600000.0,89100000.0,0.0,1455133339.66,3971233339.66,-5.629565192914934,1.0743779777660138,0.48250281289928865,-5.862140871177016,0.024872067538190257,-5.629565192914934,-0.04031510658016682,2.2232747741176473,20.907088213505748,-3.371485958433735,3.5114942528735633,6.074074074074074,0.04198927915037419,0.12481644640234948,0.7310746426680783,0.0033182676354482524,14.086479570764764,0.173109243697479,3.875,1.0109778110041399,-0.07561764619939422,0.0,0.13640922768304914,4.052631578947368,0.9532374100719424,1.126480115300171,-0.5188659234899982,0.0,Oil & Gas Midstream,Energy,CEQP
2020Q3,2020,Q3,2020-10-29,2020-09-30,-5700000.0,519200000.0,27800000.0,-0.08,99700000.0,0.1920261941448382,5294200000.0,0.0,396300000.0,337200000.0,3177400000.0,100100000.0,0.0,914564000.0000001,3498264000.0,0.0,1.1752669039145907,0.49076347701257983,0.0,-0.013012437610756818,0.0,0.0,1.761486902927581,-40.11245614035088,0.0,-10.649122807017545,4.1908091908091905,0.06637042350234647,0.09806958558422424,0.7704626334519573,-0.0010766499187790412,9.497030114226376,0.1920261941448382,0.8297872340425532,0.9935541536621422,-0.7887720222632264,0.0,0.5106060606060606,0.8347826086956521,24.272727272727273,0.8421396000985057,-0.4838796231136579,0.0,Oil & Gas Midstream,Energy,CEQP
2020Q2,2020,Q2,2020-08-06,2020-06-30,-34500000.0,352700000.0,1100000.0,-0.47,66000000.0,0.18712787071165296,5323700000.0,0.0,314600000.0,284800000.0,3148500000.0,88900000.0,0.0,959652000.0,3582852000.0,0.0,1.1046348314606742,0.49399853485357925,0.0,0.00040817161715365276,0.0,0.0,2.7208732633966544,-6.954,0.0,-1.7594202898550724,3.2249718785151855,0.06325209555130401,0.06625091571651295,0.6060393258426966,-0.006480455322426132,123.0323076923077,0.18712787071165296,-0.021739130434782507,0.784565881147541,-0.8626703921393252,0.0,-0.519650655021834,-0.036036036036036036,-0.6944444444444444,-4.4715334699453555,-0.605293302138943,0.0,Oil & Gas Midstream,Energy,CEQP
2020Q1,2020,Q1,2020-05-07,2020-03-31,-33300000.0,727900000.0,3600000.0,-0.46,137400000.0,0.18876219260887483,5177100000.0,0.0,288900000.0,282200000.0,2923500000.0,20100000.0,0.0,308367000.00000006,2720967000.0,0.0,1.0237420269312545,0.4670182148306967,0.0,0.0020686763267017657,0.0,0.0,0.4236392361588131,-2.315067567567568,0.0,-1.8108108108108107,29.378109452736318,0.1955462160347897,0.14059994977883372,0.735648476257973,-0.006432172451758707,9.517500000000002,0.18876219260887483,-1.9583333333333333,-2.0060444741930685,-0.7504782384318447,0.0,0.05855161787365177,-1.9024390243902438,-0.9464285714285714,-0.24850593076736854,-0.1596204195268094,0.0,Oil & Gas Midstream,Energy,CEQP
2019Q4,2019,Q4,2020-02-21,2019-12-31,36900000.0,839700000.0,67200000.0,0.48,129800000.0,0.15457901631535073,5349300000.0,0.0,376400000.0,357800000.0,2990300000.0,53700000.0,0.0,2215958000.0,4581558000.0,0.0,1.0519843487982112,0.4470304525825809,0.0,0.021407274854463545,0.0,0.0,2.638987733714422,15.013265582655826,0.0,1.5772357723577235,13.219739292364991,0.026264035690207126,0.15697380965733834,0.7487423141419788,0.006898098816667602,65.95113095238095,0.15457901631535073,0.5483870967741935,-0.7567291159596662,-0.7868247038857619,0.0,0.13164777680906714,0.5569620253164557,0.25139664804469275,1.5027301512147486,0.01450620620883298,0.0,Oil & Gas Midstream,Energy,CEQP
2019Q3,2019,Q3,2019-10-31,2019-09-30,23700000.0,823600000.0,53700000.0,0.31,114700000.0,0.13926663428848957,5290700000.0,0.0,369400000.0,372300000.0,2913000000.0,43500000.0,0.0,2621418000.0,4954418000.0,0.0,0.9922105828632823,0.4412648609824787,0.0,0.015770538167802717,0.0,0.0,3.182877610490529,27.652088607594933,0.0,2.451476793248945,16.29655172413793,0.022163577117422707,0.15566938212334852,0.6986301369863014,0.004479558470523749,-45.27492227979275,0.13926663428848957,-0.8798449612403101,1.1457082172701951,-0.7985101842547685,0.0,0.18369453044375644,-0.8894589552238806,-0.7845968712394705,8.352345224189056,0.3479500200048923,0.0,Oil & Gas Midstream,Energy,CEQP
2019Q2,2019,Q2,2019-08-02,2019-06-30,214400000.0,683400000.0,249300000.0,2.58,96900000.0,0.1417910447761194,5087200000.0,0.0,267200000.0,297100000.0,2684400000.0,33200000.0,0.0,2620700000.0,4817500000.0,0.0,0.8993604846852912,0.4322417046705457,0.0,0.10985176606506068,0.0,0.0,3.834796605209248,3.0558535447761193,0.0,0.27098880597014924,17.66566265060241,0.02216964933033159,0.13433715993080672,0.6657691013126893,0.04214499135084133,-35.80191256830601,0.1417910447761194,17.428571428571427,13.359353760445684,-0.8128684697287589,0.0,-0.02905811623246493,20.22772277227723,6.790625,5.783535600953926,0.09182272849069863,0.0,Oil & Gas Midstream,Energy,CEQP
2019Q1,2019,Q1,2019-05-02,2019-03-31,10100000.0,835200000.0,32000000.0,0.14,99800000.0,0.11949233716475095,4346400000.0,0.0,326100000.0,353500000.0,2349900000.0,42000000.0,0.0,2566593090.0,4404293090.0,0.0,0.9224893917963225,0.422924719307933,0.0,0.012017398456329475,0.0,0.0,3.073028125,63.52953193069306,0.0,5.752475247524752,17.50952380952381,0.022637012554257287,0.1921590281612369,0.7244695898161244,0.002323762193999632,41.13129951923077,0.11949233716475095,-0.8205128205128205,-0.869521732237784,-0.7823413859545696,0.0,-0.15280135823429541,-0.818018018018018,-0.5543175487465181,1.0972820884137946,0.494846317463952,0.0,Oil & Gas Midstream,Energy,CEQP
2018Q4,2018,Q4,2019-02-22,2018-12-31,55500000.0,768400000.0,71800000.0,0.78,117800000.0,0.15330557001561687,4294500000.0,0.0,379300000.0,332100000.0,2260700000.0,64600000.0,0.0,1987666470.0,3742466470.0,0.0,1.1421258657031015,0.40882524158807776,0.0,0.040908180575000036,0.0,0.0,2.5867601119208747,8.953452567567568,0.0,1.0414414414414415,10.071207430340557,0.029079325365889985,0.17892653393875887,0.7600120445648901,0.012923506811037374,-42.20098662420382,0.15330557001561687,7.0,0.024790429251442803,-0.8542902275004289,0.0,0.8551181102362204,6.967741935483871,13.958333333333334,1.0376948823772258,0.1682943049303771,0.0,Oil & Gas Midstream,Energy,CEQP
2018Q3,2018,Q3,2018-11-01,2018-09-30,-9300000.0,930200000.0,4800000.0,-0.13,63500000.0,0.0682648892711245,4366400000.0,0.0,529600000.0,480300000.0,2330500000.0,91800000.0,0.0,2668313640.0,4344313640.0,0.0,1.102644180720383,0.38438988640527666,0.0,0.005107457987039139,0.0,0.0,2.8685375618146636,-71.72886129032257,0.0,-6.204301075268817,9.441176470588236,0.021624144603930445,0.2130359105899597,0.8827815948365605,-0.0021299010626603153,-57.88099002169197,0.0682648892711245,0.6388888888888888,0.7376751853789365,-0.4902237366466663,0.0,-0.10056657223796034,0.6352941176470588,1.5274725274725274,0.9891599591751525,-0.6099359108092095,0.0,Oil & Gas Midstream,Energy,CEQP
2018Q2,2018,Q2,2018-08-02,2018-06-30,-25500000.0,840500000.0,-9100000.0,-0.36,70600000.0,0.08399762046400952,4241900000.0,0.0,474600000.0,419600000.0,2149900000.0,73600000.0,0.0,2261393750.0,3818393750.0,0.0,1.131077216396568,0.3684905349018129,0.0,-0.005871920993025424,0.0,0.0,2.6905339083878643,-22.17052696078431,0.0,-2.2627450980392156,10.460597826086957,0.02551523811366331,0.19814234187510313,0.9215919923736893,-0.006011457130059643,-53.714815914489314,0.08399762046400952,-1.8571428571428572,-2.1738368725868726,-0.4793529490081215,0.0,-0.3218059558117195,-1.8471760797342194,-1.1978260869565218,0.8363506844506845,-0.6636626785403091,0.0,Oil & Gas Midstream,Energy,CEQP
2018Q1,2018,Q1,2018-05-03,2018-03-31,30100000.0,1115000000.0,46000000.0,0.42,104100000.0,0.09336322869955158,4271200000.0,0.0,442200000.0,470600000.0,2106400000.0,32300000.0,0.0,1821824000.0,3283824000.0,0.0,0.9396515087122822,0.34400168570893425,0.0,0.027618082962758472,0.0,0.0,1.633922869955157,15.131428571428573,0.0,1.9169435215946844,31.29721362229102,0.031671555539942386,0.26105075856902044,0.8361665958351041,0.007047199850159206,21.844412470023983,0.09336322869955158,1.2346368715083798,1.960747994582769,-0.5417025190626592,0.0,0.0698869475847893,1.238699444885012,1.398959236773634,-0.06846212645142505,-0.6084631428727987,0.0,Oil & Gas Midstream,Energy,CEQP
2017Q4,2017,Q4,2018-02-26,2017-12-31,-126100000.0,1246900000.0,-115300000.0,-1.79,97300000.0,0.0780335231373807,4284900000.0,0.0,530500000.0,505100000.0,2104400000.0,68400000.0,0.0,1813069200.0,3304969200.0,0.0,1.050287071866957,0.3484795444467782,0.0,-0.0766523136415402,0.0,0.0,1.4540614323522336,-3.5945067406819984,0.0,-0.4536082474226804,16.80701754385965,0.03154871308828146,0.290998623071717,0.8790338546822412,-0.029428924829050854,-68.93799239543726,0.0780335231373807,-2.653061224489796,-18.774131257648634,-0.47906966718936816,0.0,0.9857142857142858,-2.676384839650146,-6.5359477124183005,-1.8505758931112501,-0.6761241522653275,0.0,Oil & Gas Midstream,Energy,CEQP
2017Q3,2017,Q3,2017-11-03,2017-09-30,-34300000.0,955600000.0,-15300000.0,-0.49,49000000.0,0.05127668480535789,4525300000.0,0.0,452300000.0,478700000.0,2147000000.0,92900000.0,0.0,1701290000.0,3317290000.0,0.0,0.9448506371422603,0.35741276821426204,0.0,-0.00948720171221688,0.0,0.0,1.780336961071578,-12.400072886297375,0.0,-1.21865889212828,9.758880516684608,0.024569591310123495,0.21116832033235367,0.7236264884060999,-0.007579607981791262,34.30020161290322,0.05127668480535789,-4.444444444444445,0.0,0.0,0.0,-0.3194444444444444,-4.716666666666667,-2.013245033112583,-4.197807816421657,-0.7592596851626204,0.0,Oil & Gas Midstream,Energy,CEQP
2017Q2,2017,Q2,2017-08-04,2017-06-30,-6000000.0,850300000.0,15100000.0,-0.09,72000000.0,0.08467599670704458,4432600000.0,0.0,375500000.0,331000000.0,1996000000.0,63100000.0,0.0,1636892500.0,3249692500.0,0.0,1.134441087613293,0.36436854216486936,0.0,-0.18685806212102463,0.0,0.0,1.9250764436081382,-68.20385416666667,0.0,-6.966666666666667,12.334389857369255,0.025536191289287476,0.1918287235482561,0.8839879154078549,-0.001353607363624058,204.6115625,0.08467599670704458,0.7567567567567568,0.9502852525454748,-0.5866794919354571,0.0,-0.2515592515592516,0.7647058823529411,-0.5817174515235457,0.643471394731175,-0.7599971928704956,0.0,Oil & Gas Midstream,Energy,CEQP
2017Q1,2017,Q1,2017-05-04,2017-03-31,-25500000.0,828100000.0,36100000.0,-0.37,96200000.0,0.11616954474097331,4374800000.0,0.0,340000000.0,296000000.0,1897500000.0,58800000.0,0.0,1829546250.0,3394846250.0,0.0,1.1486486486486487,0.35802779555636827,0.0,0.022912198912198912,0.0,0.0,2.2093300929839392,-17.93672794117647,0.0,-1.6392156862745098,12.447278911564625,0.022847195035381043,0.18928865319557464,0.9081081081081082,-0.005828837889732102,50.539951657458566,0.11616954474097331,0.6372549019607843,-1.1130356676578177,-0.7744555247129414,0.0,-0.012320328542094456,0.6382978723404256,1.8494117647058823,-1.3395212088594566,-0.7775778277227087,0.0,Oil & Gas Midstream,Energy,CEQP
2016Q4,2016,Q4,2017-02-27,2016-12-31,-70500000.0,795000000.0,-42500000.0,-1.02,97400000.0,0.12251572327044025,4448900000.0,0.0,373400000.0,337300000.0,1909900000.0,66000000.0,0.0,1764483000.0,3287883000.0,0.0,1.1070263860065224,0.34278136168491086,0.0,-0.027888488093393855,0.0,0.0,2.219475471698113,-6.257031914893616,0.0,-0.5872340425531914,10.56969696969697,0.023462963372273916,0.17869585740295355,0.8639193596205159,-0.01584661376969588,22.001034912718204,0.12251572327044025,-24.5,-2.3813910348228333,-0.7889872194268247,0.0,0.37960339943342775,-21.741935483870968,-3.4853801169590644,-2.3424196350999136,-0.8445375335048593,0.0,Oil & Gas Midstream,Energy,CEQP
2016Q3,2016,Q3,2016-11-04,2016-09-30,-3100000.0,587600000.0,17100000.0,-0.04,70600000.0,0.12014976174268209,4544200000.0,0.0,357600000.0,278200000.0,1901000000.0,61800000.0,0.0,1467312500.0,3045412500.0,0.0,1.2854061826024443,0.34749790942300074,0.0,0.010142509173731494,0.0,0.0,2.497128148400272,-118.33165322580645,0.0,-13.35483870967742,8.36569579288026,0.02821484857520126,0.1293076889221425,1.007548526240115,-0.0006821882839663747,30.316373966942148,0.12014976174268209,0.9354838709677419,0.0,0.0,0.0,-0.19314285714285714,0.9280742459396751,1.8952879581151831,0.9098205421250535,-0.6678956517965866,0.0,Oil & Gas Midstream,Energy,CEQP
2016Q2,2016,Q2,2016-08-04,2016-06-30,-43100000.0,601900000.0,-19100000.0,-0.62,87500000.0,0.14537298554577172,4593400000.0,0.0,367300000.0,277500000.0,1912000000.0,43500000.0,0.0,1391927040.0,2974827040.0,0.0,1.3236036036036036,0.34479905952018114,0.0,-0.013998453590979745,0.0,0.0,2.3125553081907295,-8.073822737819025,0.0,-0.9605568445475638,11.825287356321839,0.029742938250556582,0.13103583402272825,1.0933333333333333,-0.009383027822527975,36.53351811023622,0.14537298554577172,0.5724137931034483,0.8021107666799125,-0.7476036608132587,0.0,-0.20670897552130554,0.5672690763052208,0.7024922118380063,-3.0466866237471755,-0.6153758474076014,0.0,Oil & Gas Midstream,Energy,CEQP
2016Q1,2016,Q1,2016-05-06,2016-03-31,-99600000.0,536000000.0,-64200000.0,-1.45,110300000.0,0.20578358208955225,5570000000.0,0.0,272400000.0,224100000.0,2811400000.0,26600000.0,0.0,804203040.0,3336203040.0,0.0,1.215528781793842,0.45477558348294433,0.0,-0.026925419604337416,0.0,0.0,1.5003788059701493,-2.0185819277108434,0.0,-0.9598393574297188,16.00375939849624,0.11887545214949698,0.096229802513465,0.9402052655064703,-0.017881508078994614,10.218590088945362,0.20578358208955225,0.9298500241896469,-1.4335846239632775,-0.8814705077205144,0.0,0.017527675276752766,0.9292764325782858,0.9504667849702955,-2.283023025868074,-0.772485546475006,0.0,Oil & Gas Midstream,Energy,CEQP
2015Q4,2015,Q4,2016-02-29,2015-12-31,-1408300000.0,629100000.0,-1296100000.0,-20.67,108400000.0,0.1723096487044985,5803700000.0,0.0,335800000.0,258200000.0,2856800000.0,44500000.0,0.0,1415512820.0,3960412820.0,0.0,1.3005422153369481,0.43858228371556074,0.0,-0.5084381258445527,0.0,0.0,2.250060117628358,-0.2512804125541433,0.0,-0.06696016473762692,11.701123595505617,0.06661896569753427,0.1083963678343126,0.9178931061192874,-0.2426555473232593,17.872636616161618,0.1723096487044985,-0.7561597281223451,-3.5298358990031837,-0.8735274045686531,0.0,0.022641509433962263,-5.206698986337594,-1.2031276559578445,-205.7834645704858,-0.7288596720043456,0.0,Oil & Gas Midstream,Energy,CEQP
2015Q3,2015,Q3,2015-11-09,2015-09-30,-226900000.0,630700000.0,-588300000.0,-11.77,106000000.0,0.16806722689075632,7328400000.0,0.0,415600000.0,310000000.0,2883800000.0,49900000.0,0.0,429408360.0,2957808360.0,0.0,1.3406451612903225,0.34624201735713117,0.0,-0.23159394541828568,0.0,0.0,0.680844078008562,-0.473125121198766,0.0,-0.1132657558395769,10.51503006012024,0.0598497896035373,0.0860624420064407,1.0048387096774194,-0.030961737896403035,8.38688203125,0.16806722689075632,-4.499999999999999,0.0,0.0,0.0,-0.011194029850746268,-4.6725,-1.3635998392928887,0.0,0.0,0.0,Oil & Gas Midstream,Energy,CEQP
2015Q2,2015,Q2,2015-08-07,2015-06-30,-40000000.0,641500000.0,-248900000.0,-2.14,107200000.0,0.16710833982852688,7979700000.0,0.0,401200000.0,305100000.0,2869500000.0,38800000.0,0.0,755120940.0,3275120940.0,0.0,1.314978695509669,0.31596425930799404,0.0,-0.09854470192616568,0.0,0.0,1.1771175993764613,-4.719505874999999,0.0,-0.6425,13.77061855670103,0.03403428330301634,0.0803914934145394,0.9970501474926253,-0.005012719776432698,41.03918152173913,0.16710833982852688,-5.863636363636364,0.5870269674587217,-0.2073229772723313,0.0,-0.15987460815047022,-5.819277108433735,-6.131958762886598,-0.2626407836244668,0.18794756234883495,0.0,Oil & Gas Midstream,Energy,CEQP
2015Q1,2015,Q1,2015-05-07,2015-03-31,8300000.0,731500000.0,48500000.0,0.44,127600000.0,0.17443609022556392,8348200000.0,0.0,438800000.0,341400000.0,2843300000.0,23900000.0,0.0,1096806000.0,3509906000.0,0.0,1.285295840656122,0.29716585611269497,0.0,0.01911434092702975,0.0,0.0,1.499393028024607,33.03632530120482,0.0,3.108433734939759,25.267782426778243,0.023522847249194477,0.08762367935602884,1.0471587580550674,0.0009942263002803,10.044010989010989,0.17443609022556392,-0.7864077669902912,-0.9668309058908803,-0.6281927699061617,0.0,-0.03843255463451394,-0.7838541666666666,243.5,-0.8597222040583947,-0.24037498641972466,0.0,Oil & Gas Midstream,Energy,CEQP
2014Q4,2014,Q4,2015-03-02,2014-12-31,38400000.0,997200000.0,-200000.0,2.06,132700000.0,0.13307260328920978,8461400000.0,0.0,538100000.0,424900000.0,2876900000.0,46600000.0,0.0,1474378200.0,3863978200.0,0.0,1.2664156272064016,0.28345191103127143,0.0,0.00010422149999979645,0.0,0.0,1.4785180505415163,9.59881640625,0.0,0.6666666666666666,18.551502145922747,0.01736325184406552,0.11785283759188787,0.9140974346905154,0.004538256080554045,-53.613752727272725,0.13307260328920978,12.733333333333334,-0.725577749082409,-0.34659252519086164,1.0,0.09488448844884488,12.714285714285714,-1.0046511627906978,7.987795654044789,0.004214744311411452,0.0,Oil & Gas Midstream,Energy,CEQP
2014Q3,2014,Q3,2014-11-07,2014-09-30,2800000.0,1036200000.0,43000000.0,0.15,121200000.0,0.11696583671105965,8716700000.0,0.0,585100000.0,558200000.0,3070000000.0,104700000.0,0.0,1923887980.0,4291187980.0,0.0,1.048190612683626,0.271834524533367,0.0,0.0179824006522442,0.0,0.0,1.8566762980119669,171.7757125,0.0,9.142857142857142,8.739255014326648,0.013306388036168302,0.11887526242729474,0.7751701898960945,0.00032122248098477634,-36.506413282732446,0.11696583671105965,1.6250000000000002,0.0,0.0,0.0,0.12744186046511627,1.6363636363636365,0.46258503401360546,0.0,0.0,0.0,Oil & Gas Midstream,Energy,CEQP
2014Q2,2014,Q2,2014-08-08,2014-06-30,-4400000.0,926300000.0,29400000.0,-0.24,107500000.0,0.11605311454172515,8591000000.0,0.0,493800000.0,538400000.0,2953900000.0,58800000.0,0.0,2708064920.0,4980864920.0,0.0,0.9171619613670133,0.2666744267256431,0.0,0.013379093270634634,0.0,0.0,2.9235290078808163,-153.867325,0.0,-5.840909090909091,13.92517006802721,0.009490171306528353,0.1078221394482598,0.7384843982169391,-0.0005121638924455825,-44.90986600331675,0.11605311454172515,-1.2285714285714286,0.9065498405918797,0.1971462495496208,0.0,-0.0989103101424979,-1.2244897959183674,-0.35667396061269147,0.9234094103154807,0.47261158668717573,0.0,Oil & Gas Midstream,Energy,CEQP
2014Q1,2014,Q1,2014-05-08,2014-03-31,19600000.0,971600000.0,45700000.0,1.05,119300000.0,0.1227871552079045,8480500000.0,0.0,451300000.0,520900000.0,3052200000.0,39800000.0,0.0,2517288400.0,4903088400.0,0.0,0.8663851027068535,0.28223571723365365,0.0,0.017985795979701725,0.0,0.0,2.590869081926719,32.108270408163264,0.0,1.3061224489795917,21.41457286432161,0.010169673049778482,0.11456871646718944,0.7141485889806105,0.002311184482047049,-5034.5768,0.1227871552079045,0.43835616438356173,-0.9396612588247314,-0.5209868712136204,0.0,0.2014098690835851,1.3614457831325302,5.117117117117117,-0.6767276386583668,-0.18595744155625862,0.0,Oil & Gas Midstream,Energy,CEQP
2013Q4,2013,Q4,2014-02-28,2013-12-31,8300000.0,808200000.0,-11100000.0,0.73,99300000.0,0.1228656273199703,8523200000.0,0.0,522000000.0,596100000.0,3014600000.0,73600000.0,0.0,1509475350.0000002,3772875350.0,0.0,0.875691997986915,0.266167636568425,0.0,-0.004864176528045286,0.0,0.0,1.8677002598366743,45.466125000000005,0.0,3.0120481927710845,9.63179347826087,0.016562045879053272,0.09482354045428946,0.3470894145277638,0.0009738126525248733,-20.343333557951485,0.1228656273199703,2.489795918367347,-0.9323938418995453,-0.2948495584422536,-1.0,0.2139364303178484,2.0,-1.7025316455696202,-0.9069450065841603,0.014051497284721711,0.0,Oil & Gas Midstream,Energy,CEQP
2013Q3,2013,Q3,2013-11-08,2013-09-30,-8300000.0,427200000.0,15800000.0,-0.49,81800000.0,0.19147940074906367,8050400000.0,0.0,387200000.0,396900000.0,2446500000.0,95700000.0,0.0,2295734349.9839997,4118734349.9839997,0.0,0.9755605946082136,0.22754148862168339,0.0,0.00920819279810436,0.0,0.0,5.373909995280898,-69.14862499951806,0.0,-2.6867469879518073,3.6091954022988504,0.009713667437243084,0.05306568617708437,0.6240866717057193,-0.001031004670575375,-39.71858736996539,0.19147940074906367,-2.75,0.0,0.0,0.0,1.1028277634961439,-6.1875,1.0256410256410255,0.0,0.0,0.0,Oil & Gas Midstream,Energy,CEQP
2013Q2,2013,Q2,2013-08-08,2013-06-30,1600000.0,118900000.0,7800000.0,0.28,38900000.0,0.32716568544995794,7565700000.0,0.0,282800000.0,277600000.0,2209700000.0,53200000.0,0.0,865048878.5245999,2737948878.5246,0.0,1.0187319884726225,0.24790832308973393,0.0,0.004455717027693995,0.0,0.0,7.275432115429772,135.16388726946874,0.0,10.6875,1.5037593984962405,0.01976766911618361,0.015715664115679977,0.6909221902017291,0.0002114807618594446,-8.431275619148147,0.32716568544995794,1.6363636363636362,1.0732456992177835,-0.6997026381166959,-1.0,0.04851752021563342,1.2758620689655173,0.25806451612903225,1.0575742300263309,-0.4879316686823501,0.0,Oil & Gas Midstream,Energy,CEQP
2013Q1,2013,Q1,2013-05-08,2013-03-31,-5800000.0,450400000.0,6200000.0,-0.44,37100000.0,0.08237122557726466,2566800000.0,0.0,225400000.0,197600000.0,1239800000.0,28400000.0,0.0,1613849700.803,2614649700.803,0.0,1.1406882591093117,0.3907978806295777,0.0,0.00655168976173861,0.0,0.0,3.583147648319272,-69.5624871035776,0.0,-6.586206896551724,14.55281690140845,0.023670110036264777,0.1754714040829048,0.8269230769230769,-0.0022596228767336763,21.262841907812913,0.08237122557726466,-5.4,-1.0266791457175726,-0.7379120022135662,-1.0,-0.15102974828375287,-5.461538461538462,-0.40384615384615385,-1.0321606368872625,-0.6823542777709157,0.0,Oil & Gas Midstream,Energy,CEQP
2012Q4,2012,Q4,2013-02-06,2012-12-31,1300000.0,438600000.0,10400000.0,0.1,43700000.0,0.09963520291837666,2678900000.0,0.0,316900000.0,237800000.0,1305000000.0,63500000.0,0.0,1379451175.707,2403951175.707,0.0,1.332632464255677,0.3831050057859569,0.0,0.009784058569955012,0.0,0.0,3.145123519623803,265.2790722513462,0.0,28.23076923076923,6.218897637795275,0.02660478358807474,0.1637239165329053,1.0260723296888141,0.00048527380641308,-57.00211469863636,0.09963520291837666,0.0,-0.9395991346042559,-0.6713173751541764,-1.0,-0.5625625625625625,-0.9975925925925926,-0.21804511278195488,-0.9868676028223103,-0.5937596901332478,1.0,Oil & Gas Midstream,Energy,CEQP
2012Q3,2012,Q3,2012-11-21,2012-09-30,540000000.0,304200000.0,13300000.0,0.0,99900000.0,0.32840236686390534,2207600000.0,0.0,278500000.0,239000000.0,1022800000.0,87100000.0,0.0,0.0,743200000.0,0.0,1.1652719665271967,0.33665519115781845,0.0,0.017843029863320734,0.0,0.0,0.0,0.0,0.0,0.08925925925925926,2.3455797933409874,,0.13779670230114152,0.5589958158995816,0.24460953071208552,0.0,0.32840236686390534,1.0,0.0,0.0,0.0,-0.2321291314373559,25.770642201834864,1.0151515151515151,0.0,0.0,0.0,Oil & Gas Midstream,Energy,CEQP
2012Q2,2012,Q2,2012-08-03,2012-06-30,-21800000.0,371600000.0,6600000.0,-1.73,130100000.0,0.3501076426264801,3240500000.0,0.0,1378100000.0,1450000000.0,2010600000.0,46300000.0,0.0,1379700359.0832,3082800359.0832,0.0,0.9504137931034483,0.5270791544514736,0.0,0.0038424598058048047,0.0,0.0,3.7128642601808397,-15.822251824348623,0.0,-2.1605504587155964,5.215982721382289,0.03413784717088686,0.11467366147199506,0.06441379310344827,-0.006727356889368924,657.000170992,0.3501076426264801,-1.5598705501618124,-1.1077043314694734,-0.40935337305026,-1.0,-0.34884884884884887,-1.5356265356265357,-0.9007518796992481,0.3298235090824386,-0.30485312286609195,0.0,Oil & Gas Midstream,Energy,CEQP
2012Q1,2012,Q1,2012-05-03,2012-03-31,40700000.0,662400000.0,66500000.0,3.09,199800000.0,0.3016304347826087,3268100000.0,0.0,334700000.0,249100000.0,1960700000.0,93800000.0,0.0,1212257317.6477,2878657317.6477003,0.0,1.3436370935367323,0.5143661454667849,0.0,0.03938078228591579,0.0,0.0,1.8300986075599337,7.446298019949016,0.0,2.1793611793611793,4.931769722814499,0.07316928403626063,0.2026865762981549,0.800080289040546,0.012453719286435544,10.42353669516509,0.3016304347826087,11.299999999999999,-0.8254169861740657,-0.555312886927082,-1.0,0.10508849557522124,12.0,0.38253638253638256,-0.8187626722664099,-0.5276180428786511,0.0,Oil & Gas Midstream,Energy,CEQP
2011Q4,2011,Q4,2012-02-01,2011-12-31,-3700000.0,668600000.0,48100000.0,-0.3,180800000.0,0.2704157941968292,3381000000.0,0.0,460100000.0,289700000.0,2033000000.0,156900000.0,0.0,1762554482.5224,3454554482.5224,0.0,1.5881946841560235,0.5059745637385389,0.0,0.028920492029160992,0.0,0.0,2.636186782115465,-119.09151908935135,0.0,-22.675675675675677,3.108986615678776,0.047601365422718915,0.19775214433599528,0.8429409734207801,-0.0010943507837917776,-51.99275759653097,0.2704157941968292,0.0,-1.0463410534748185,-0.39613873901321683,-1.0,0.5985853227232537,0.9262948207171314,3.216589861751152,-1.0268397926040147,-0.48048442091075566,-1.0,Oil & Gas Midstream,Energy,CEQP
2011Q3,2011,Q3,2011-11-16,2011-09-30,-50200000.0,448600000.0,-21700000.0,0.0,113100000.0,0.2521176995095854,3340900000.0,0.0,427400000.0,309800000.0,2194900000.0,212900000.0,0.0,0.0,1841500000.0,0.0,1.3795997417688832,0.5546409650094286,0.0,-0.011710739341608203,0.0,0.0,0.0,0.0,0.0,-1.6733067729083666,1.5758572099577266,,0.13427519530665388,0.5784377017430601,-0.015025891226914903,0.0,0.2521176995095854,1.0,0.0,0.0,0.0,-0.03333333333333333,-0.4140845070422535,-1.4382022471910112,0.0,0.0,0.0,Oil & Gas Midstream,Energy,CEQP
2011Q2,2011,Q2,2011-08-09,2011-06-30,-35500000.0,388700000.0,-8900000.0,-3.15,117000000.0,0.3010033444816054,3325900000.0,0.0,481600000.0,223700000.0,2042200000.0,145800000.0,0.0,2343547524.731,3971147524.731,0.0,2.152883325882879,0.5370576385339306,0.0,-0.005025110442686862,0.0,0.0,6.029193529022383,-16.503855807964786,0.0,-2.1859154929577467,1.8635116598079562,0.03311219387748801,0.11687062148591358,1.337058560572195,-0.01067380257975285,-44.80970410575526,0.3010033444816054,-2.046511627906977,0.6544534671718295,-0.43208501876516625,-1.0,-0.5181219110378913,-1.969945355191257,-1.0784832451499118,0.24244997910743282,-0.5423799778068804,-1.0,Oil & Gas Midstream,Energy,CEQP
2011Q1,2011,Q1,2011-05-10,2011-03-31,36600000.0,720500000.0,113400000.0,3.01,242800000.0,0.3369882026370576,3145400000.0,0.0,319100000.0,208600000.0,2058800000.0,66800000.0,0.0,2592968005.2039,4396868005.203899,0.0,1.5297219558964525,0.5793857696954282,0.0,0.061887453716074355,0.0,0.0,3.5988452535793196,17.711530090190575,0.0,2.1147540983606556,7.151197604790419,0.029849963379672936,0.2290646658612577,1.0273250239693192,0.01163603993132829,44.40013707540925,0.3369882026370576,-0.579020979020979,-0.8096256621338335,-0.5014755370815691,-1.0,0.18496827720839434,-0.4512743628185907,0.5815899581589958,-0.797990415571797,-0.4969285158900449,-1.0,Oil & Gas Midstream,Energy,CEQP
2010Q4,2010,Q4,2011-02-04,2010-12-31,66700000.0,596000000.0,71700000.0,7.15,204900000.0,0.34379194630872484,3256500000.0,0.0,417700000.0,299800000.0,2126100000.0,135500000.0,0.0,1886177651.3647,3673977651.3647003,0.0,1.3932621747831888,0.5549209273760172,0.0,0.03947178206205582,0.0,0.0,3.164727602960906,7.06963137692916,0.0,0.31634182908545727,2.886346863468635,0.01118664510987795,0.18301857822815906,0.7134756504336224,0.02048211269768156,-1047.8764729803888,0.34379194630872484,0.0,2.0706515055524957,-0.3477292521627077,-1.0,1.0347567030784508,2.3078431372549018,3.5698924731182795,3.8892888600678712,-0.2953484159693256,-1.0,Oil & Gas Midstream,Energy,CEQP
2010Q3,2010,Q3,2010-11-29,2010-09-30,-51000000.0,301600000.0,-27900000.0,0.0,100700000.0,0.3338859416445623,3097100000.0,0.0,1015000000.0,232400000.0,1907800000.0,137100000.0,0.0,0.0,1546200000.0,0.0,4.367469879518072,0.5458331987988764,0.0,-0.016536417249055597,0.0,0.0,0.0,0.0,0.0,-1.2647058823529411,1.4653537563822028,,0.09738142132963094,1.0856282271944921,-0.016467017532530433,0.0,0.3338859416445623,1.0,0.0,0.0,0.0,-0.03636363636363636,-0.46131805157593125,-1.146153846153846,0.0,0.0,0.0,Oil & Gas Midstream,Energy,CEQP
2010Q2,2010,Q2,2010-08-09,2010-06-30,-34900000.0,291600000.0,-13000000.0,-5.3,104500000.0,0.35836762688614543,2345200000.0,0.0,239800000.0,180100000.0,1447200000.0,89000000.0,0.0,1535260036.0319998,2804560036.0319996,0.0,1.331482509716824,0.5435357325601228,0.0,-0.010111311594013407,0.0,0.0,5.264952112592592,-10.997564728022923,0.0,-1.830945558739255,2.102247191011236,0.04162161360309656,0.12433907555858775,0.617434758467518,-0.014881460003411224,-126.88099471338842,0.35836762688614543,-1.3874269005847955,0.27786577245645977,-0.16172870260427996,-1.0,-0.5640383813099707,-1.3970420932878271,-1.117011701170117,-1.3292996655242184,-0.11482583627813069,-1.0,Oil & Gas Midstream,Energy,CEQP
2010Q1,2010,Q1,2010-05-05,2010-03-31,87900000.0,691100000.0,111100000.0,13.68,239700000.0,0.34683837360729275,2420800000.0,0.0,287500000.0,216300000.0,1418300000.0,78400000.0,0.0,1429476659.2494,2618076659.2494,0.0,1.3291724456773,0.49892597488433577,0.0,0.09177708053559751,0.0,0.0,2.0684078414837215,4.065633274315699,0.0,0.6973833902161547,5.75765306122449,0.04288282680473275,0.2854841374752148,0.8622283865002311,0.03631031064111038,20.96006831743988,0.34683837360729275,0.78125,-0.18164492026561188,-0.14673578447403915,-1.0,0.3681506849315068,0.9108695652173913,0.643491124260355,-0.2616584490436407,-0.09147690801565511,-1.0,Oil & Gas Midstream,Energy,CEQP
2009Q4,2009,Q4,2010-02-03,2009-12-31,46000000.0,501700000.0,67600000.0,7.68,175200000.0,0.34921267689854496,2470200000.0,-4300000.0,368700000.0,345200000.0,1667200000.0,115700000.0,0.0,1257352260.1394,2584452260.1394,-0.7186189147183181,1.0680764774044031,0.5436401910776455,-312.30232558139534,0.050391919659281324,-0.7186189147183181,-10.69767441860465,2.5061834963910705,6.833436196409782,-292.407502358,1.2130434782608697,2.821953327571305,0.044378971406003255,0.20310096348473808,0.5776361529548089,0.0186219739292365,87.92673147827972,0.34921267689854496,0.0,0.7686748512290617,-0.1757703456822173,-1.0039416955762757,0.9466666666666667,2.402439024390244,5.63013698630137,0.18001295810534731,-0.0719322854723364,-1.0047888119290325,Oil & Gas Midstream,Energy,CEQP
2009Q3,2009,Q3,2009-11-30,2009-09-30,-32800000.0,231500000.0,-14600000.0,0.0,90000000.0,0.38876889848812096,2133100000.0,0.0,246800000.0,257200000.0,1329400000.0,96500000.0,0.0,0.0,1081700000.0,0.0,0.9595645412130638,0.5125404341099807,0.0,-0.013478870024815548,0.0,0.0,0.0,0.0,0.0,-1.5365853658536586,1.4663212435233162,,0.10852749519478692,0.41329704510108867,-0.015376681824574563,0.0,0.38876889848812096,1.0,0.0,0.0,0.0,-0.0750256937307297,-1.2937062937062938,-5.294117647058823,0.0,0.0,0.0,Oil & Gas Midstream,Energy,CEQP
2009Q2,2009,Q2,2009-08-05,2009-06-30,-14300000.0,235000000.0,3400000.0,-2.59,97300000.0,0.41404255319148936,2095200000.0,0.0,221400000.0,235400000.0,1324000000.0,78600000.0,0.0,830316469.5513,1927916469.5513,0.0,0.9405267629566695,0.5300687285223368,0.0,0.0031057764832692607,0.0,0.0,3.5332615725587235,-14.516022194952797,0.0,-3.4405594405594404,1.751908396946565,0.059254515361579545,0.11216113020236732,0.413338997451147,-0.006825124093165331,46.12869275285,0.41404255319148936,-1.1450980392156862,0.39454601605245876,0.3986621103515735,-1.0,-0.5412541254125413,-1.1566265060240963,-0.9690346083788707,0.7167943545481958,-0.30140683986248296,-1.0,Oil & Gas Midstream,Energy,CEQP
2009Q1,2009,Q1,2009-05-07,2009-03-31,91300000.0,570100000.0,109800000.0,17.85,212100000.0,0.37203999298368706,2101800000.0,0.0,273500000.0,216800000.0,1291200000.0,55800000.0,0.0,659949479.9856,1725649479.9856,0.0,1.261531365313653,0.5156532495955848,0.0,0.10119972478594742,0.0,0.0,1.1576030169893001,1.8070905804644033,0.0,0.4874041621029573,6.415770609318996,0.06742940384008028,0.27124369587972214,0.7472324723247232,0.043438957084403845,9.028036661909713,0.37203999298368706,0.5866666666666668,6.378546767959666,0.4028935877375208,-1.0,0.21686746987951808,0.5961538461538461,0.4738255033557047,0.019954353407531038,-0.15279956883626272,-1.0,Oil & Gas Midstream,Energy,CEQP
2008Q4,2008,Q4,2009-02-06,2008-12-31,57200000.0,534000000.0,74500000.0,11.25,174300000.0,0.32640449438202246,2185700000.0,620600000.0,382400000.0,476500000.0,1561100000.0,64700000.0,0.0,510316880.84599996,1686316880.846,122.04043105482577,0.8025183630640084,0.5466898476460631,1.925394779245891,0.04096440863792291,122.04043105482577,0.09216886883660973,0.9556495895992508,2.2304059477534963,0.8222959730035448,0.7534965034965035,5.559505409582689,0.08445732762856895,0.24431532232236813,0.4256033578174187,0.026170105686965275,-14.334743843988763,0.32640449438202246,0.0,1.3198927206757578,0.5306342637086942,0.30585774962598167,0.9874572405929305,2.72809667673716,5.257142857142857,3.2265300034791315,-0.06199288903761557,-0.2666038920950616,Oil & Gas Midstream,Energy,CEQP
2008Q3,2008,Q3,2008-12-01,2008-09-30,-33100000.0,340900000.0,-17500000.0,0.0,87700000.0,0.2572601936051628,2137600000.0,637800000.0,372100000.0,449100000.0,1496200000.0,99900000.0,0.0,0.0,1089300000.0,0.0,0.8285459808505901,0.5176833832335329,1.7350266541235497,-0.01006297073712804,0.0,-0.05189714644089056,0.0,0.0,0.0,-1.244712990936556,2.5345345345345347,,0.15947791916167664,0.32709864172790026,-0.015484655688622754,0.0,0.2572601936051628,1.0,0.0,0.0,0.0,-0.011273957158962795,-0.5990338164251208,-2.5714285714285716,0.0,0.0,0.0,Oil & Gas Midstream,Energy,CEQP
2008Q2,2008,Q2,2008-08-11,2008-06-30,-20700000.0,375200000.0,-4900000.0,-4.16,88700000.0,0.23640724946695096,1973700000.0,732700000.0,360300000.0,318500000.0,1237800000.0,90300000.0,0.0,761766914.8655,1674566914.8655,147.39192532839814,1.1312401883830456,0.4679029234432791,1.2604067148901323,-0.0029880184874444345,147.39192532839814,-0.02825167189845776,2.0302956153131664,-9.200083512868357,1.03967096337587,-1.9420289855072463,3.1727574750830563,0.052772047742579944,0.19009981253483305,0.4216640502354788,-0.010487916096671226,19.532484996551283,0.23640724946695096,-1.2524271844660195,-0.08311563131786276,2.2560257761506097,0.7184021084505757,-0.5351153039832285,-1.252439024390244,-1.050411522633745,0.43237183110426025,0.4294237610243002,0.015652377867333964,Oil & Gas Midstream,Energy,CEQP
2008Q1,2008,Q1,2008-05-08,2008-03-31,82000000.0,648200000.0,97200000.0,16.48,190800000.0,0.29435359456957727,1863700000.0,775300000.0,312200000.0,236900000.0,1088400000.0,70600000.0,0.0,816803060.8199,1673503060.8199,156.0179502143159,1.3178556352891515,0.47099855126898105,1.132206887656391,0.058727176519419715,156.0179502143159,0.10576551012511286,1.2601096279233261,2.490253234207012,1.0535316146264673,0.4792682926829268,6.478753541076487,0.048114413235120584,0.3478027579546064,0.8644997889404812,0.04399849761227665,31.05715060151711,0.29435359456957727,8.868263473053894,0.45445410417376264,0.2888696254631548,0.538335065703657,0.37167505391804456,8.879518072289157,0.858508604206501,-0.013505872984193498,0.03414017536901619,0.024594004541515117,Oil & Gas Midstream,Energy,CEQP
2007Q4,2007,Q4,2008-02-06,2007-12-31,8300000.0,514600000.0,52300000.0,1.67,139100000.0,0.2703070345899728,1905100000.0,742100000.0,402500000.0,376900000.0,1159900000.0,126600000.0,0.0,909519352.1596,1743419352.1596,149.44218454226913,1.0679225258689307,0.44984515248543383,1.1548308853254279,0.03156499368103861,149.44218454226913,0.011184476485648834,1.7674297554597747,27.395161209626508,1.2256021454785069,4.602409638554217,2.9660347551342814,0.04200020583321988,0.27011705422287546,0.4911117007163704,0.00435672668101412,-14.622497623144694,0.2703070345899728,0.0,-0.6658434516353131,0.4573600098940587,0.8737666737779758,0.9028727770177839,1.2618296529968454,5.118110236220472,-0.6154535125887834,0.018719229008483457,-0.18029488835520038,Oil & Gas Midstream,Energy,CEQP
2007Q3,2007,Q3,2007-11-29,2007-09-30,-31700000.0,275900000.0,-12700000.0,0.0,73100000.0,0.2649510692279812,1744400000.0,741200000.0,298600000.0,310800000.0,1003200000.0,100500000.0,0.0,0.0,702500000.0,0.0,0.9607464607464608,0.40713139188259573,0.9581759309228278,-0.006775425203305651,0.0,-0.04276848354020507,0.0,0.0,0.0,-1.2460567823343849,2.017910447761194,,0.15816326530612246,0.3857786357786358,-0.018172437514331577,0.0,0.2649510692279812,-1.0,0.0,0.0,0.0,-0.03562005277044855,-1.3992443324937027,-0.30927835051546393,0.0,0.0,0.0,Oil & Gas Midstream,Energy,CEQP
2007Q2,2007,Q2,2007-08-09,2007-06-30,79400000.0,246800000.0,-9700000.0,16.09,75800000.0,0.3071312803889789,1641200000.0,56500000.0,216600000.0,190200000.0,886700000.0,79100000.0,0.0,1052230366.1016,1713130366.1016002,11.447443066699083,1.138801261829653,0.40683646112600536,11.817699115044247,-0.016868971877882166,11.447443066699083,1.4053097345132743,4.263494190038898,3.3130679033425694,18.623546302683188,0.4282115869017632,2.1618204804045513,0.03231231591040879,0.15037777236168656,0.4968454258675079,0.04837923470631245,1315.287957627,0.3071312803889789,-0.12885760693015696,4.58491481962808,0.13582850529794435,-0.880645350759271,-0.5866957470010905,-0.08208092485549133,-1.0986775178026449,4.76736033581923,0.6461206308711415,-0.8913334305151495,Oil & Gas Midstream,Energy,CEQP
2007Q1,2007,Q1,2007-05-10,2007-03-31,86500000.0,552700000.0,98300000.0,18.47,183400000.0,0.33182558349918584,1697000000.0,854400000.0,283100000.0,199100000.0,842600000.0,54100000.0,0.0,897949382.1696,1491849382.1696,183.1275720164609,1.4218985434455047,0.3758986446670595,0.7466058052434457,0.06564380718100998,183.1275720164609,0.10124063670411985,1.624659638446897,2.595229428235838,1.0509707188314608,0.0,6.826247689463956,0.0,0.32569239835002944,0.9321948769462581,0.05097230406599882,10.453427033406287,0.33182558349918584,1.8503086419753083,0.716373891347598,0.5103788206513573,1.2645265909234678,0.4206041828040279,1.9421768707482994,1.3238770685579195,6.659783557841624,0.4902649506278222,0.567727326513269,Oil & Gas Midstream,Energy,CEQP
