Quarters,Year,Quarter,FillingDate,Date,NetIncome,Revenue,OperatingIncome,EPSDiluted,GrossProfit,GrossProfitRatio,TotalAssets,CommonStockEquity,CurrentAssets,CurrentLiability,TotalLiability,Inventory,RetainedEarnings,MarketCap,EnterpriseValue,bookValuePerShare,currentRatio,debtToAssets,debtToEquity,roic,shareholdersEquityPerShare,roe,priceToSalesRatio,peRatio,pbRatio,payoutRatio,inventoryTurnover,dividendYield,assetTurnover,quickRatio,returnOnAssets,priceToFreeCashFlowsRatio,grossProfitMargin,epsdilutedGrowth,fiveYNetIncomeGrowthPerShare,fiveYRevenueGrowthPerShare,fiveYShareholdersEquityGrowthPerShare,grossProfitGrowth,netIncomeGrowth,operatingIncomeGrowth,threeYNetIncomeGrowthPerShare,threeYRevenueGrowthPerShare,threeYShareholdersEquityGrowthPerShare,Industry,Sector,Symbol
2020Q2,2020,Q2,2020-06-30,2020-06-30,-3548300.0,118950.0,-203640.0,-0.91246,-90220.0,-0.7584699453551913,15007475.0,11155623.0,0.0,0.0,3851852.0,0.0,13017122.0,57044264.732,57948991.732,2.86872073258227,0.0,0.06028509126285401,0.08110053557743929,-0.016885082107899026,2.86872073258227,-0.31807277818549445,479.56506710382513,-4.019126393766029,5.113498791775233,0.0,0.0,0.0,0.007926050184991146,0.0,-0.23643550963769722,-42.66873965487579,-0.7584699453551913,0.0,0.0,0.0,0.0,0.0,0.0,0.0,-4.730855631752195,-0.5800458308325879,-0.2594054434946769,Medical Instruments & Supplies,Healthcare,DXR
2019Q4,2019,Q4,2019-12-31,2019-12-31,-931610.0,187220.0,-88030.0,-0.24864,-86640.0,-0.46277107146672364,14201069.0,12765669.0,0.0,0.0,1435400.0,0.0,16565424.0,35220484.0,36563034.0,3.4070312208088906,0.0,0.0945386576179582,0.1051687929555435,-0.006198506394655032,3.4070312208088906,-0.07297776559928039,188.12351244525158,-9.451509751934823,2.7590002529440487,0.0,0.0,0.0,0.013183514564995072,0.0,-0.06560139944394328,11.530649433133302,-0.46277107146672364,0.0,0.0,0.0,0.0,0.0,0.0,0.0,-3.9885458452874945,-0.2757410458406373,-0.16270518849711138,Medical Instruments & Supplies,Healthcare,DXR
2019Q2,2019,Q2,2019-06-30,2019-06-30,435910.0,192920.0,-56020.0,0.11634,-21870.0,-0.11336305204229732,18001784.0,13603768.0,0.0,0.0,4398016.0,0.0,17497035.0,29412851.0,33809917.0,3.630711582498412,0.0,0.24425723583840356,0.32322412437495257,-0.003068575106358105,3.630711582498412,0.03204332799559651,152.46138814016172,16.868648918354705,2.162110600533617,0.0,0.0,0.0,0.01071671563218401,0.0,0.024214822264282253,511.08342311033886,-0.11336305204229732,0.0,0.0,0.0,0.0,0.0,0.0,0.0,0.0,0.0,0.0,Medical Instruments & Supplies,Healthcare,DXR
2018Q4,2018,Q4,2018-12-31,2018-12-31,-238560.0,200430.0,-19390.0,-0.06336,10630.0,0.05303597265878362,17626511.0,13062008.0,0.0,0.0,4564503.0,0.0,17061123.0,30872999.999999996,35327613.0,3.469324833997344,0.0,0.25272233398884214,0.3410358499244527,-0.001163627700594174,3.469324833997344,-0.01826365440903114,154.03382727136653,-32.35349597585513,2.363572277707991,0.0,0.0,0.0,0.011370940057280763,0.0,-0.01353415885877812,-23.394130439724478,0.05303597265878362,0.0,0.0,0.0,0.0,0.0,0.0,0.0,0.0,0.0,0.0,Medical Instruments & Supplies,Healthcare,DXR
2018Q2,2018,Q2,2018-06-30,2018-06-30,-647220.0,229520.0,28200.0,-0.17358,72710.0,0.3167915650052283,17564760.0,13112303.0,0.0,0.0,4452457.0,0.0,8023912.0,24833275.2,29195972.2,3.51656949301637,0.0,0.2483778315217515,0.33271782996472854,0.0010535115931864338,3.51656949301637,-0.04935975015220438,108.19656326246078,-9.59228515806063,1.893891195162284,0.0,0.0,0.0,0.013067072934671468,0.0,-0.036847642666338734,6086.587058823529,0.3167915650052283,0.0,0.0,0.0,0.0,0.0,0.0,0.0,0.0,0.0,0.0,Medical Instruments & Supplies,Healthcare,DXR
2017Q4,2017,Q4,2017-12-31,2017-12-31,-636330.0,275310.0,125950.0,-0.17276,164790.0,0.5985616214449166,19311178.0,13757621.0,0.0,0.0,5553557.0,0.0,8482277.0,16843177.152,21177729.152,3.735093963630835,0.0,0.22445818685944482,0.3150655189585467,0.007157631834885062,3.735093963630835,-0.04625290956917624,61.17895155279503,-6.617312224789025,1.2242797756966848,-0.17616645451259566,0.0,0.006655513920465354,0.014256509882514676,0.0,-0.03295138183698581,451.3177157556267,0.5985616214449166,0.0,0.0,0.0,0.0,0.0,0.0,0.0,0.0,0.0,0.0,Medical Instruments & Supplies,Healthcare,DXR
2017Q2,2017,Q2,2017-06-30,2017-06-30,-603560.0,276110.0,148800.0,-0.15922,192660.0,0.6977653833617037,20742258.0,14683612.0,0.0,0.0,6058646.0,0.0,9092857.0,23502650.0,27571355.0,3.873537426630614,0.0,0.19615535589230448,0.277091563029587,0.008030551552929654,3.873537426630614,-0.04110432773625454,85.12060410705878,-9.735009775333024,1.6006041292837212,0.0,0.0,0.0,0.01331147264680634,0.0,-0.029098085656826755,-19.426246445811017,0.6977653833617037,0.0,0.0,0.0,0.0,0.0,0.0,0.0,0.0,0.0,0.0,Medical Instruments & Supplies,Healthcare,DXR
2016Q4,2016,Q4,2016-12-31,2016-12-31,-187950.0,260160.0,88220.0,-0.04984,152810.0,0.587369311193112,20624417.0,15344309.0,0.0,0.0,5280108.0,0.0,10379762.0,31081972.95,31699838.95,4.069093912923568,0.0,0.13584539141154875,0.18259095277604223,0.004442581789339938,4.069093912923568,-0.01224884092206433,119.47252825184502,-41.343406424581005,2.0256352338837806,-0.6064910880553339,0.0,0.0036673991121274688,0.012614174742490903,0.0,-0.009112984866432831,19.515394050317386,0.587369311193112,0.0,0.0,0.0,0.0,0.0,0.0,0.0,0.0,0.0,0.0,Medical Instruments & Supplies,Healthcare,DXR
2011Q4,2011,Q4,2012-03-28,2011-12-31,-1491188.0,342584.0,-2518538.0,0.0,342584.0,1.0,85724861.0,36216591.0,0.0,0.0,49508270.0,0.0,24740252.0,0.0,13993391.0,0.0,0.0,0.16393162772232434,0.38802702330542377,-0.02934633463071533,0.0,-0.041174167938666566,0.0,0.0,0.0,-0.282010718970378,0.0,,0.003996320273998461,0.0,-0.017395047161406305,0.0,1.0,1.0,-1.0,-1.0,-1.0,0.1010676934350674,0.6435693167886848,0.6401593019381526,1.0,-1.0,-1.0,Medical Instruments & Supplies,Healthcare,DXR
2011Q3,2011,Q3,2011-11-14,2011-09-30,-4183669.0,311138.0,-6999036.0,-0.99,311138.0,1.0,88252642.0,37622052.0,0.0,0.0,50630590.0,0.0,26651971.0,44552492.657400005,52680645.657400005,8.917236347915372,0.0,0.09243761790156946,0.216837295318182,-0.09099951089701452,8.917236347915372,-0.11120257342688272,143.19206479889954,-2.662285941920836,1.1842121917592374,0.0,0.0,0.0,0.003525537513086577,0.0,-0.04740559495091377,-66.35325158524017,1.0,-21.65446224256293,-3.941567093468835,-0.1884467387504127,-0.018442311746703285,0.1237327496848804,-21.67325493171472,-23.50720085716987,-1.669959652583015,-0.29320199381644546,-0.28086590434280084,Medical Instruments & Supplies,Healthcare,DXR
2011Q2,2011,Q2,2011-08-09,2011-06-30,-184520.0,276879.0,-285591.0,-0.0437,276879.0,1.0,96237008.0,45580753.0,0.0,0.0,50656255.0,0.0,30835640.0,43014052.82,80862616.82,10.78745282342358,0.0,0.3944463132104024,0.8328149602969481,-0.0017194840007323756,10.78745282342358,-0.004048199905780407,155.35325113136062,-58.2783069856926,0.9436889473940897,0.0,0.0,0.0,0.002877053284948343,0.0,-0.0019173497164417248,-40.38351127880962,1.0,0.8590322580645161,-2.505171841783916,-0.2207722787314582,0.2270027499185541,-0.26648545973311716,0.8608721353699345,0.8787622149007461,-1.1265806883413894,-0.486462845661906,-0.20269487923117527,Medical Instruments & Supplies,Healthcare,DXR
2011Q1,2011,Q1,2011-05-13,2011-03-31,-1326262.0,377469.0,-2355627.0,-0.31,377469.0,1.0,92666632.0,46096663.0,0.0,0.0,46569969.0,0.0,31654079.0,43317904.25,76990733.25,10.907517432586781,0.0,0.3641466434217659,0.7320322297516417,-0.016397962998366152,10.907517432586781,-0.028771323425298704,114.75883913645889,-8.165412311066742,0.9397188740104679,0.0,0.0,0.0,0.0040734079986850065,0.0,-0.014312185210313891,-11.105429323033395,1.0,0.0,-36.277140080755515,0.20877981690518846,0.2841545558259384,0.04454412627431013,-1.5848946184889856,-1.712497016929323,-1.189533625784743,-0.06175388003657233,-0.11214423108137866,Medical Instruments & Supplies,Healthcare,DXR
2010Q4,2010,Q4,2011-03-29,2010-12-31,2267523.0,361372.0,3306157.0,0.0,361372.0,1.0,91195415.0,46995044.0,0.0,0.0,44200371.0,0.0,32980341.0,0.0,27333353.0,0.0,0.0,0.30035604311905373,0.5828506937880513,0.030483139210695412,0.0,0.04825025804848698,0.0,0.0,0.0,1.2116498928566546,0.0,,0.003962611497518817,0.0,0.02486444082742537,0.0,1.0,-1.0,1.0,-1.0,-1.0,0.0,-0.12948421455126757,-0.24926883255720592,-1.0,-1.0,-1.0,Medical Instruments & Supplies,Healthcare,DXR
2010Q3,2010,Q3,2010-11-12,2010-09-30,2604804.0,453281.0,4403916.0,0.62,0.0,0.0,86248076.0,48315097.0,0.0,0.0,37932979.0,0.0,33460262.0,38856103.379999995,58378012.379999995,11.414747025001352,0.0,0.2275871290160722,0.40626953517241204,0.03833748559789247,11.414747025001352,0.05391283805142728,85.7218885856676,3.729273237065054,0.8042228163176408,0.40618564774931243,0.0,0.027229544600825592,0.005255549120887056,0.0,0.030201299794791945,-29.588666678342896,0.0,14.499999999999998,1.8650515172289082,0.4568437221585693,0.26136452287407086,0.0,12.829153305442885,28.673984232868406,0.440786353055243,0.4027076551128514,0.0075384779428799295,Medical Instruments & Supplies,Healthcare,DXR
2010Q2,2010,Q2,2010-08-13,2010-06-30,188356.0,368332.0,148410.0,0.04,0.0,0.0,80224846.0,43064506.0,0.0,0.0,37160340.0,0.0,31913492.0,42677387.1,61858402.1,10.151252450035772,0.0,0.24175075387492798,0.45035735461588716,0.003015678000083351,10.151252450035772,0.004373810766574218,115.86662874797737,56.64458140436196,0.9910107200579521,0.0,0.0,0.0,0.004591245958889096,0.0,0.002347851188146874,-52.83548451793335,0.0,3.0,1.1885377669515564,0.48759518638419597,0.12882070550976996,0.0,3.03806576569753,-0.6981530407404921,-0.9129162442978921,-0.2692860622873668,-0.10923754678269244,Medical Instruments & Supplies,Healthcare,DXR
2010Q1,2010,Q1,2010-05-11,2010-03-31,-92419.0,396272.0,491673.0,-0.02,0.0,0.0,86997985.0,46636771.0,0.0,0.0,40361214.0,0.0,32149178.0,47875396.52,72386377.52000001,10.980372402605429,0.0,0.2825913611677328,0.5271565434922585,-0.0012976250901235793,10.980372402605429,-0.0019816766473819553,120.81448227480115,-129.50636914487282,1.0265589896864857,0.0,0.0,0.0,0.004554956071683729,0.0,-0.0010623119604436816,-23.658971911905837,0.0,0.9432695070720957,0.7038699497783628,0.4557844580366509,0.2632670265679334,0.0,0.9383254532047154,1.6527831438073806,-1.0327587573277721,-0.1503679458906629,-0.014780082986013838,Medical Instruments & Supplies,Healthcare,DXR
2009Q4,2009,Q4,2010-03-29,2009-12-31,-1498495.0,459993.0,-753195.0,-0.3525440899203344,0.0,0.0,75186990.0,47625337.0,0.0,0.0,27561653.0,0.0,32241597.0,51218741.900000006,62103224.900000006,11.204596004534036,0.0,0.14845082905965515,0.23436203716521734,-0.025490284333375725,11.204596004534036,-0.031464239297666285,111.34678549456189,-8.54503049726559,1.0754515374872833,-2.8365246463952167,0.0,0.08298755186721991,0.006117986635719824,0.0,-0.019930243250860288,-38.02058142780366,0.0,-1.568619499871507,-4.81324971037175,1.253930290360028,0.295311006306791,0.0,-1.5706721881971573,-1.2790966280293876,-35.73744500432702,0.4943108069512863,0.13512001620917785,Medical Instruments & Supplies,Healthcare,DXR
2009Q3,2009,Q3,2009-11-12,2009-09-30,2625842.0,414376.0,2698689.0,0.62,0.0,0.0,79555271.0,50246131.0,0.0,0.0,29309140.0,0.0,37990610.0,49773565.78,61711432.78,11.821178265801956,0.0,0.15079918463227912,0.23876206508318024,0.04218694403889684,11.821178265801956,0.05225958591717241,120.11691261076896,4.738819565305149,0.990594992876168,0.404681241293269,0.0,0.021349264079186893,0.005208655501908855,0.0,0.03300651191295672,-55.11717599246997,0.0,-0.5753424657534246,49.30117543402471,-0.5985263977391794,0.45036840889032487,0.0,-0.5791040307141108,-0.5926438918448294,4.078550711204105,0.07282505481243057,0.3012067818212775,Medical Instruments & Supplies,Healthcare,DXR
2009Q2,2009,Q2,2009-08-13,2009-06-30,6238696.0,380420.0,6624889.0,1.46,0.0,0.0,74918883.0,45104649.0,0.0,0.0,29814234.0,0.0,36427397.0,43918355.400000006,59844203.400000006,10.578216794975889,0.0,0.2157028822760211,0.35828277923191465,0.10183154234495372,10.578216794975889,0.13831603034977613,115.44702013563958,1.7599172727762342,0.9736990836576513,0.0,0.0,0.0,0.005077758567222632,0.0,0.0832726777306597,-36.1254463617385,0.0,5.055555555555555,26.814329986718946,-0.5589940864520473,0.35320835639296255,0.0,5.042478220160243,5.670312038468507,49.430143609547116,0.06094155385062488,0.20320350958909555,Medical Instruments & Supplies,Healthcare,DXR
2009Q1,2009,Q1,2009-05-12,2009-03-31,-1543285.0,434037.0,-1418511.0,-0.36,0.0,0.0,62363755.0,32025852.0,0.0,0.0,30337903.0,0.0,30614853.0,66856686.0,85520532.0,7.472749863790736,0.0,0.2998770359482042,0.5839488048592744,-0.030423158649650454,7.472749863790736,-0.04818872578315793,154.03453161827218,-10.83025591514205,2.0875849298248177,0.0,0.0,0.0,0.00695976372814626,0.0,-0.02474650540205605,-16.90884728601572,0.0,-13.981848099073352,-85.42578605867286,-0.5849025921929123,-0.07755633472450299,0.0,-13.850273760380281,-1.8204033334085195,-41.77428107708696,0.3706165986923992,-0.12022457525802475,Medical Instruments & Supplies,Healthcare,DXR
2008Q4,2008,Q4,2009-03-23,2008-12-31,-103923.0,332302.0,1729041.0,-0.024029078229825765,0.0,0.0,76824181.0,43460641.0,0.0,0.0,33363540.0,0.0,32158138.0,66603229.0,77540949.0,10.04897031944202,0.0,0.17550151299367578,0.3102292025559402,-0.0018250227098307661,10.04897031944202,-0.0023911980497480466,200.42981685334425,-160.22254217064557,1.5324953214564876,-51.677665194422794,0.0,0.08063419868126814,0.0043254870494486624,0.0,-0.00135273814373628,-77.08073642096541,0.0,-1.01634631172097,0.7014382740288184,-0.525298267565526,0.2819713224089638,0.0,-1.0162345645647428,-0.8018595879006346,0.8746924060379165,-0.20161515775883468,0.2024398466053149,Medical Instruments & Supplies,Healthcare,DXR
2008Q3,2008,Q3,2008-11-13,2008-09-30,6401342.0,451253.0,8726342.0,1.47,0.0,0.0,91761470.0,53628415.0,0.0,0.0,38133055.0,0.0,37632559.0,70063137.0,68731509.0,12.39996323601668,0.0,0.029473732275649027,0.0504313431601512,0.1136340268810264,12.39996323601668,0.11936474348533328,155.26353730612317,2.7362675279652295,1.3064554863312667,0.0,0.0,0.0,0.00491767405208308,0.0,0.06976067406069236,-104.92907495518324,0.0,3.323529411764705,39.19337089512819,-0.4638921814175926,0.6585449637473128,0.0,3.253829970189561,3.5811369131928004,5.890812244921624,0.41940899974149715,0.37023393305138497,Medical Instruments & Supplies,Healthcare,DXR
2008Q2,2008,Q2,2008-07-31,2008-06-30,1504842.0,556587.0,1904842.0,0.34,0.0,0.0,104274718.0,59016283.0,0.0,0.0,45258435.0,0.0,32313221.0,69136400.3,70357516.3,13.5298928132074,0.0,0.011914316565209988,0.02105117328382067,0.024973047435766272,13.5298928132074,0.02549875938476166,124.2149031508102,11.485657680341191,1.1714800862670391,0.0,0.0,0.0,0.0053376984438356385,0.0,0.014431513494958576,-84.89379164942466,0.0,-0.7951807228915662,7.471616460864762,-0.23180700201198237,0.792510185420212,0.0,-0.7944487972148098,-0.7398115122944818,2.464981526323891,1.186254498292755,0.504525990861603,Medical Instruments & Supplies,Healthcare,DXR
2008Q1,2008,Q1,2008-05-15,2008-03-31,7321008.0,420913.0,7321008.0,1.66,0.0,0.0,81470591.0,54319391.0,0.0,0.0,27151200.0,0.0,30808379.0,58938834.94,60880032.94,12.28523574935124,0.0,0.03745174746553637,0.05617176378137229,0.1276090385447726,12.28523574935124,0.13477706331427758,140.02616916084796,2.0126611984305987,1.0850422630842824,0.0,0.0,0.0,0.0051664409799113895,0.0,0.08986074496501444,-24.978760827239675,0.0,1.3089211848939029,29.079548263185288,-0.39902353330589413,0.8144190598849105,0.0,1.2240784712112631,0.5905801950495445,23.533678991381137,0.4853747514910664,0.41338860529780713,Medical Instruments & Supplies,Healthcare,DXR
2007Q4,2007,Q4,2008-03-31,2007-12-31,3291704.0,469032.0,4602728.0,0.7189504825286094,0.0,0.0,102560500.0,54915885.0,0.0,0.0,47644615.0,0.0,23487371.0,66983235.550000004,68735615.55000001,11.99433546249469,0.0,0.03687788183559947,0.06887285891868992,0.07841357860669389,11.99433546249469,0.05994083496969957,142.81165368247795,5.087276646837018,1.2197424397330574,0.0,0.0,0.0,0.004573222634445035,0.0,0.03209524134535226,-53.20056513934889,0.0,0.6719778663456032,9.18782644776149,-0.030356600345891844,0.6675309526406614,0.0,0.6832168901356768,1.3536106254694844,12.855080836202673,1.2403730777154638,0.386609096090416,Medical Instruments & Supplies,Healthcare,DXR
2007Q3,2007,Q3,2007-11-14,2007-09-30,1955603.0,349547.0,1955603.0,0.43,0.0,0.0,82774691.0,51871218.0,0.0,0.0,30903473.0,0.0,20195667.0,71882214.5,72471428.5,11.329341037482923,0.0,0.007295829107957648,0.011642487361681,0.037267236394354294,11.329341037482923,0.037701119723080344,205.64391769919354,9.189264705055166,1.3857822752494455,0.0,0.0,0.0,0.004222872906888895,0.0,0.023625615225794077,-85.06609874842607,0.0,-0.15686274509803924,17.970660174561914,-0.5517031449083794,0.6498788149798155,0.0,-0.16424186348649417,-0.16424186348649417,34.39564746984043,-0.6855960135058355,0.3900237323927397,Medical Instruments & Supplies,Healthcare,DXR
2007Q2,2007,Q2,2007-08-09,2007-06-30,2339915.0,545318.0,2339915.0,0.51,0.0,0.0,80386989.0,52301644.0,0.0,0.0,28085345.0,0.0,18240064.0,69988624.5,73697924.5,11.396138682508326,0.0,0.046611983439260304,0.0716420501045818,0.04174793461985992,11.396138682508326,0.044738842243658726,128.34460718333156,7.477688772882776,1.338172553428722,0.0,0.0,0.0,0.006783659977611551,0.0,0.029108130919047112,-72.86147978650199,0.0,-0.2272727272727273,29.456827165456517,-0.263979912338002,0.49853555389819126,0.0,-0.23532039605306415,0.0,9.99535576986754,-0.4126700676622173,0.457840238546416,Medical Instruments & Supplies,Healthcare,DXR
2007Q1,2007,Q1,2007-05-15,2007-03-31,3059994.0,505882.0,0.0,0.66,0.0,0.0,83468271.0,51343092.0,0.0,0.0,32125179.0,0.0,15900149.0,61085995.62,73752642.62,11.145097874071451,0.0,0.15269601067931549,0.24823732859719472,0.0,11.145097874071451,0.05959894273605493,120.75147093590995,4.990695702344514,1.1897607495084246,0.0,0.0,0.0,0.006060770085916839,0.0,0.03666056530630663,-35.49742693320828,0.0,64.03218847899751,94.12496861598821,-0.22599712911007203,0.3917221027249586,0.0,64.21309379195704,-1.0,154.72977894834972,-0.549914927344934,0.37576195111627475,Medical Instruments & Supplies,Healthcare,DXR
2022Q4,2022,Q4,2022-12-31,2022-12-31,,,,,,,30261069.0,28969469.0,17233.0,0.0,1291600.0,0.0,24786362.0,0.0,1229164.0,0.0,0.0,0.040618657589393155,0.04242963514450334,,0.0,,0.0,0.0,0.0,0.0,0.0,,,0.0,,0.0,0.0,0.0,1.0,-1.0,-1.0,0.0,0.0,0.0,1.0,-1.0,-1.0,Medical Instruments & Supplies,Healthcare,DXR
2022Q2,2022,Q2,2022-06-30,2022-06-30,,,,,,,22430457.0,19615712.0,26144.0,16500.0,2814745.0,0.0,17795734.0,0.0,2798245.0,0.0,1.5844848484848484,0.12475202801262587,0.1426532465403244,,0.0,,0.0,0.0,0.0,0.0,0.0,,,1.5844848484848484,,0.0,0.0,0.0,1.0,-1.0,-1.0,0.0,0.0,0.0,-1.0,-1.0,-1.0,Medical Instruments & Supplies,Healthcare,DXR
2021Q4,2021,Q4,2021-12-31,2021-12-31,,,,,,,24981686.0,21152719.0,30700.0,87400.0,3828967.0,0.0,19608231.0,0.0,3022542.0,0.0,0.3512585812356979,0.12099031266344473,0.14289141741068842,,0.0,,0.0,0.0,0.0,0.0,0.0,,,0.3512585812356979,,0.0,0.0,0.0,1.0,-1.0,-1.0,0.0,0.0,0.0,1.0,-1.0,-1.0,Medical Instruments & Supplies,Healthcare,DXR
2021Q2,2021,Q2,2021-06-30,2021-06-30,,,,,,,16652992.0,14493285.0,0.0,0.0,2159707.0,0.0,13311367.0,0.0,1515707.0,0.0,0.0,0.09101709770832773,0.10457994857618545,,0.0,,0.0,0.0,0.0,0.0,0.0,,,0.0,,0.0,0.0,0.0,0.0,0.0,0.0,0.0,0.0,0.0,1.0,-1.0,-1.0,Medical Instruments & Supplies,Healthcare,DXR
2020Q4,2020,Q4,2020-12-31,2020-12-31,,,,,,,16552875.0,15675186.0,0.0,0.0,877689.0,0.0,14860033.0,0.0,170689.0,0.0,0.0,0.01031174342825642,0.010889121188099458,,0.0,,0.0,0.0,0.0,0.0,0.0,,,0.0,,0.0,0.0,0.0,0.0,0.0,0.0,0.0,0.0,0.0,1.0,-1.0,-1.0,Medical Instruments & Supplies,Healthcare,DXR
2016Q2,2016,Q2,2016-06-30,2016-06-30,,,,,,,20864600.0,15976009.0,0.0,0.0,4888591.0,0.0,13195180.0,0.0,-322751.0,0.0,0.0,0.10433720272614859,0.13626394426793326,,0.0,,0.0,0.0,0.0,0.0,0.0,,,0.0,,0.0,0.0,0.0,1.0,-1.0,-1.0,0.0,0.0,0.0,0.0,0.0,0.0,Medical Instruments & Supplies,Healthcare,DXR
2015Q4,2015,Q4,2015-12-31,2015-12-31,,,,,,,20893308.0,14427532.0,0.0,0.0,6465776.0,0.0,10242608.0,0.0,1389517.0,0.0,0.0,0.18403557732456727,0.26651211031796707,,0.0,,0.0,0.0,0.0,0.0,0.0,,,0.0,,0.0,0.0,0.0,0.0,0.0,0.0,0.0,0.0,0.0,0.0,0.0,0.0,Medical Instruments & Supplies,Healthcare,DXR
2015Q2,2015,Q2,2015-06-30,2015-06-30,,,,,,,31134730.0,19530149.0,0.0,0.0,11604581.0,0.0,15173477.0,0.0,4473687.0,0.0,0.0,0.2549536161065151,0.4064440061363587,,0.0,,0.0,0.0,0.0,0.0,0.0,,,0.0,,0.0,0.0,0.0,-1.0,-1.0,-1.0,0.0,0.0,0.0,0.0,0.0,0.0,Medical Instruments & Supplies,Healthcare,DXR
2014Q4,2014,Q4,2014-12-31,2014-12-31,,,,,,,46046231.0,24580735.0,0.0,0.0,21465496.0,0.0,10572428.0,0.0,21356338.0,0.0,0.0,0.46380208621200725,0.868824223523015,,0.0,,0.0,0.0,0.0,0.0,0.0,,,0.0,,0.0,0.0,0.0,1.0,-1.0,-1.0,0.0,0.0,0.0,0.0,0.0,0.0,Medical Instruments & Supplies,Healthcare,DXR
2014Q2,2014,Q2,2014-06-30,2014-06-30,,,,,,,45116157.0,25481480.0,0.0,0.0,19634677.0,0.0,11852148.0,0.0,17176579.0,0.0,0.0,0.38071901824439525,0.6740809011093547,,0.0,,0.0,0.0,0.0,0.0,0.0,,,0.0,,0.0,0.0,0.0,-1.0,-1.0,-1.0,0.0,0.0,0.0,1.0,-1.0,-1.0,Medical Instruments & Supplies,Healthcare,DXR
2013Q4,2013,Q4,2013-12-31,2013-12-31,,,,,,,47394235.0,26370847.0,0.0,0.0,21023388.0,0.0,12995375.0,0.0,20245061.0,0.0,0.0,0.4271629450290737,0.7677061339743847,,0.0,,0.0,0.0,0.0,0.0,0.0,,,0.0,,0.0,0.0,0.0,1.0,-1.0,-1.0,0.0,0.0,0.0,0.0,0.0,0.0,Medical Instruments & Supplies,Healthcare,DXR
2013Q2,2013,Q2,2013-06-30,2013-06-30,,,,,,,52339610.0,30740767.0,0.0,0.0,21598843.0,0.0,15433909.0,0.0,17986514.0,0.0,0.0,0.343650134190912,0.5851029676650553,,0.0,,0.0,0.0,0.0,0.0,0.0,,,0.0,,0.0,0.0,0.0,-1.0,-1.0,-1.0,0.0,0.0,0.0,-1.0,-1.0,-1.0,Medical Instruments & Supplies,Healthcare,DXR
