Quarters,Year,Quarter,FillingDate,Date,NetIncome,Revenue,OperatingIncome,EPSDiluted,GrossProfit,GrossProfitRatio,TotalAssets,CommonStockEquity,CurrentAssets,CurrentLiability,TotalLiability,Inventory,RetainedEarnings,MarketCap,EnterpriseValue,bookValuePerShare,currentRatio,debtToAssets,debtToEquity,roic,shareholdersEquityPerShare,roe,priceToSalesRatio,peRatio,pbRatio,payoutRatio,inventoryTurnover,dividendYield,assetTurnover,quickRatio,returnOnAssets,priceToFreeCashFlowsRatio,grossProfitMargin,epsdilutedGrowth,fiveYNetIncomeGrowthPerShare,fiveYRevenueGrowthPerShare,fiveYShareholdersEquityGrowthPerShare,grossProfitGrowth,netIncomeGrowth,operatingIncomeGrowth,threeYNetIncomeGrowthPerShare,threeYRevenueGrowthPerShare,threeYShareholdersEquityGrowthPerShare,Industry,Sector,Symbol
2023Q1,2023,Q1,2023-03-31,2023-03-31,695000.0,12145000.0,-1493000.0,0.006,9576000.0,0.7884726225,213990000.0,183311000.0,212660000.0,27210000.0,30679000.0,38000.0,-385189000.0,692683331.34,598033331.34,1.5825410117483194,7.815509004042632,0.002182344969391093,0.002547583069210249,-0.007821974665376114,1.5825410117483194,0.003791370948824675,57.03444473775217,249.1666659496403,3.7787330347878747,,67.60526315789474,,0.056754988550866865,7.64851157662624,0.0032478153184728256,0.0,0.7884726224783861,1.0004885993485342,2.5392251020433076,0.02988632214556539,0.0,0.05126797672631463,1.0036530496394256,0.9783057250799186,2.5392251020433076,0.02988632214556539,0.0,Software—Application,Technology,PERF
2022Q4,2022,Q4,2022-12-31,2022-12-31,-190252000.0,11071000.0,-68820000.0,-12.28,9109000.0,0.8227802367,210273000.0,181964000.0,209173000.0,24917000.0,28309000.0,45000.0,-385819000.0,110625467.82,-51652532.18000001,11.744338673568196,8.394790705141068,0.0016074341451351338,0.00185751027675804,-0.3769871509597984,11.744338673568196,-1.0455474709283155,9.992364539788637,-0.14536702350040998,0.6079524951089227,0.0,43.6,0.0,0.05265060183665996,8.204157803908977,-0.9047856833735192,-5.543191252192213,0.8227802366543221,-123.79999999999998,0.0,0.0,0.0,-0.16919007661437432,-123.26992287917737,-333.07766990291265,0.0,0.0,0.0,Software—Application,Technology,PERF
2022Q3,2022,Q3,2022-09-30,2022-09-30,1556000.0,12850000.0,-206000.0,0.1,10964000.0,0.853229572,96584000.0,-156722000.0,95491000.0,22197000.0,253306000.0,50000.0,-195589000.0,154627754.74,71039754.74000001,-10.115166986870781,4.30197774474028,0.004410668433695022,-0.002718188894986026,0.0012884910036044753,-10.115166986870781,-0.009928408264315156,12.033288306614788,24.84379092866324,-0.9866371966922322,,37.72,,0.13304481073469726,4.281074019011578,0.01611032883293299,0.0,0.8532295719844358,0.0,22.223880597014922,0.036875655612039177,0.0,0.12740359897172238,-0.9432386094188888,0.8346709470304976,22.223880597014922,0.036875655612039177,0.0,Software—Application,Technology,PERF
2022Q2,2022,Q2,2022-06-30,2022-06-30,27413000.0,11339000.0,-1246000.0,0.0,9725000.0,0.8576594056,93832000.0,-157900000.0,92635000.0,20669000.0,251732000.0,52000.0,-197145000.0,0.0,-82348000.0,0.0,4.481832696308481,0.004529371642936312,-0.0026915769474350855,0.007924817269061489,0.0,-0.17360987967067765,0.0,0.0,0.0,,31.03846153846154,,0.12084363543354079,4.472253132710823,0.29214979964191323,0.0,0.857659405591322,1.0,0.0,0.0,0.0,-0.06237948322406479,60.46420824295011,-0.5536159600997507,0.0,0.0,0.0,Software—Application,Technology,PERF
2022Q1,2022,Q1,2022-03-31,2022-03-31,-461000.0,12040000.0,-802000.0,-0.0039,10372000.0,0.861461794,,,,,,,,1166081018.7,,,0.0,0.0,0.0,0.0,,0.0,96.850582948505,-632.3649776030368,0.0,,0.0,,0.0,0.0,0.0,0.0,0.8614617940199335,0.9996068548387097,0.99487215991666,-0.9838873624699469,0.0,0.1037565180376716,0.9970020939820776,0.7924430641821946,0.0,0.0,0.0,Software—Application,Technology,PERF
2021Q4,2021,Q4,2021-12-31,2021-12-31,-153774000.0,11079000.0,-3864000.0,-9.92,9397000.0,0.8481812438,88904000.0,-190442000.0,87477000.0,19795000.0,279346000.0,88000.0,-224097000.0,152613565.54999998,72798565.54999998,-12.291526596863525,4.419146249052791,0.007176280032394493,-0.003350101343191103,0.020453371583664032,-12.291526596863525,0.8074584387897628,13.775030738333783,-0.2481134092076684,-0.8013650641665179,,19.113636363636363,,0.12461756501394763,4.399595857539783,-1.729663457212274,0.0,0.8481812437945663,-2307.9767441860467,-21.279629093016514,-0.9217159048352564,-4.151708729830368,-0.14049208817341993,-2296.134328358209,-19.312796208530806,0.0,0.0,0.0,Software—Application,Technology,PERF
2021Q3,2021,Q3,2021-09-30,2021-09-30,67000.0,12393000.0,211000.0,0.0043,10933000.0,0.8821915598,,,,,,,,151064189.25,,,0.0,0.0,0.0,0.0,,0.0,12.189477063664972,563.6723479477612,0.0,,0.0,,0.0,0.0,0.0,0.0,0.8821915597514726,0.0,1.0577586206896552,-0.9010009346316992,0.0,0.0,0.0,0.0,0.0,0.0,0.0,Software—Application,Technology,PERF
2017Q1,2017,Q1,2017-06-19,2017-04-29,-11778000.0,97896000.0,-7528000.0,-0.76,44969000.0,0.4593548255,304739000.0,50806000.0,236374000.0,57457000.0,253933000.0,193083000.0,-162863000.0,156587715.7595,281003715.7595,3.2791259295756623,4.113928677097656,0.4143348898565658,2.485218281305358,-0.051873298774412886,3.2791259295756623,-0.2318230130299571,1.5995312960641905,-3.3237331414395483,3.0820713254241627,0.0,0.27411527684985215,0.0,0.3212453935991127,0.5823833475468612,-0.038649467249022934,-15.971819232915136,0.459354825529133,-0.6888888888888889,0.3420215095947805,-0.4218682014751267,-0.7705744354137335,-0.31104165709120435,-0.7064618951028687,-0.45132060921534606,-0.45120749137506166,-0.0688897554665729,-0.3452835051546392,Software—Application,Technology,PERF
2016Q4,2016,Q4,2017-04-28,2017-01-28,-6902000.0,141523000.0,-5187000.0,-0.45,65271000.0,0.4612041859,310300000.0,60425000.0,240319000.0,59555000.0,249875000.0,196654000.0,-153210000.0,156587715.7595,179036715.7595,3.89995638890307,4.0352447317605575,0.09643248469223333,0.49520893669838645,-0.055802434595057494,3.89995638890307,-0.11422424493173355,1.1064471199698989,-5.671823955357143,2.5914392347455526,0.0,0.3877470074343771,0.0,0.4560844344183049,0.5548820418100915,-0.022242990654205607,3.5611588492301745,0.4612041858920458,-5.008010680907877,-1.487351756850481,-0.5005525435815391,-0.46026040850272637,0.1012856853614092,-4.95,-3.045347003154574,-2.2472992002150214,-0.23220510761680063,-0.3687235859705272,Software—Application,Technology,PERF
2016Q3,2016,Q3,2016-12-13,2016-10-29,-1160000.0,125183000.0,2536000.0,-0.0749,59268000.0,0.4734508679,369452000.0,67293000.0,289987000.0,73742000.0,302159000.0,223198000.0,-146308000.0,156587715.7595,156031715.7595,4.343231531294237,3.932453689891785,0.004233296882950965,0.02324164474759633,-0.06209701197392237,4.343231531294237,-0.017238048534022856,1.2508704517346605,-33.747352534375004,2.326954003529342,0.0,0.29532074660167207,0.0,0.3388342734644825,0.7495999566054623,-0.0031397854119073654,-11.019543684693877,0.4734508679293514,0.9086585365853659,-1.6387830452371412,-0.3968712072376543,-0.3103403324723138,0.31636460554371004,0.9085894405043341,1.2714622136587455,0.9043921610322239,0.09883894536327674,-0.17844072766613173,Software—Application,Technology,PERF
2016Q2,2016,Q2,2016-09-09,2016-07-30,-12690000.0,97020000.0,-9342000.0,-0.82,45024000.0,0.4640692641,342890000.0,66592000.0,262320000.0,63267000.0,276298000.0,220635000.0,-146996000.0,156587715.7595,156184715.7595,4.297987519235966,4.1462373749348,0.005485724284756044,0.02824663623258049,-0.15716585584184747,4.297987519235966,-0.1905634310427679,1.6139735699804163,-3.084864376664697,2.3514493596753363,0.0,0.2356652389693385,0.0,0.2829478841611012,0.5064093445240014,-0.037008953308641256,-12.902745201013513,0.4640692640692641,-0.5769230769230768,-1.0048015882146555,-0.45799759988235894,-0.3273226425336987,-0.13029032818868436,-0.5635781172991622,-0.9868141216503615,-3.0963204545484464,-0.27620508373655,-0.273423448887238,Software—Application,Technology,PERF
2016Q1,2016,Q1,2016-06-14,2016-04-30,-8116000.0,105139000.0,-4702000.0,-0.52,51769000.0,0.4923862696,341507000.0,77600000.0,258963000.0,63860000.0,263907000.0,213849000.0,-135980000.0,156587715.7595,155886715.7595,5.008466955380691,4.055167554024428,0.006401040095810628,0.028170103092783505,-0.07462901316881607,5.008466955380691,-0.10458762886597939,1.4893399762171982,-4.82342643418864,2.017882935045103,0.0,0.24956862084929085,0.0,0.30786777430623674,0.5540714062010649,-0.023765252249587854,-105.87404716666667,0.4923862696049991,-4.466666666666667,0.20725796887562126,-0.4247794736975769,-0.2087794911799371,-0.3346314504209241,-4.586389748121962,-2.021729682746632,-6.6804964316950155,-0.4368403287591911,-0.15758325334830883,Software—Application,Technology,PERF
2015Q4,2015,Q4,2016-04-29,2016-01-30,2263000.0,162473000.0,4602000.0,0.15,77805000.0,0.4788795677,351046000.0,83977000.0,266440000.0,66928000.0,267069000.0,221336000.0,-129571000.0,156518930.9205,153349930.9205,5.422433858375148,3.9809945015539085,0.007038963554633865,0.029424723436178954,0.04438808150061561,5.422433858375148,0.026947854769758386,0.9633534859361248,17.291088259003534,1.8638309408588065,0.0,0.38253153576462934,0.0,0.46282538470741724,0.5265658618216591,0.0064464486135720105,2.741233159138674,0.47887956768201484,0.9685039370078738,-0.9142184177272007,-0.42265275723689455,-0.19645566695787503,0.17379497623896809,0.9177966101694915,-0.05619360131255127,-0.4986407931965953,0.03468617590431298,-0.07072606256370674,Software—Application,Technology,PERF
2015Q3,2015,Q3,2015-12-15,2015-10-31,1180000.0,141975000.0,4876000.0,0.0762,66285000.0,0.4668779715,418651000.0,81634000.0,332794000.0,83926000.0,337017000.0,256742000.0,-131834000.0,156536566.763,158016566.763,5.270551399336109,3.965326597240426,0.0066164896297871015,0.03393194012298797,0.022512659595227254,5.270551399336109,0.01445476149643531,1.102564301905265,33.1645268565678,1.917541303415244,0.0,0.2948095753713845,0.0,0.33912495133177756,0.7335390701332126,0.0028185768098010038,-4.869398910100476,0.466877971473851,1.635,1.09001368296358,-0.32054104853479665,-0.007648789282737663,0.060933448573898014,1.6220347917764892,2.1116783663050414,1.025901946115124,-0.11673980799159372,-0.4177690742404224,Software—Application,Technology,PERF
2015Q2,2015,Q2,2015-06-15,2015-05-02,-1897000.0,128210000.0,1567000.0,-0.12,62478000.0,0.4873098822,388469000.0,95230000.0,299867000.0,66527000.0,293239000.0,243200000.0,-118065000.0,156414874.39650002,157991874.39650002,6.15313600265587,4.5074481037774135,0.008536073663535572,0.03482095978158144,0.18281565477189857,6.15313600265587,-0.019920193216423396,1.2199896606855942,-20.613452081773854,1.642495793305681,0.0,0.2702796052631579,0.0,0.3300392051875439,0.6328708644610459,-0.004883272539121526,-49.42018148388626,0.48730988222447547,0.0,0.897094069289598,-0.24277702466177,0.12060611934853531,0.0,0.0,0.0,-1.2142408572318137,-0.04172554141158456,-0.393502071543216,Software—Application,Technology,PERF
2014Q4,2014,Q4,2015-04-30,2015-01-31,5509000.0,183506000.0,8287000.0,0.36,84348000.0,0.459647096,386232000.0,95294000.0,296456000.0,68890000.0,290938000.0,253371000.0,-117900000.0,155892833.2455,157922833.2455,6.177890227213511,4.303324139933227,0.009225025373350732,0.03738955233278066,0.0762564911522587,6.177890227213511,0.05781056519822864,0.8495244474049894,7.074461483277365,1.6359144672854535,0.0,0.3913549695900478,0.0,0.4751185815779117,0.42546087966323126,0.014263447875888067,2.4905395604291147,0.45964709600775994,1.4615384615384617,-0.687760154712444,-0.41806529410621834,-0.13570485782058192,0.6238256584013553,1.4571404862667,2.0738629000907087,-0.6092743771771308,-0.3495040649877217,-0.1450027602772524,Software—Application,Technology,PERF
2014Q3,2014,Q3,2014-09-15,2014-08-02,-12051000.0,113154000.0,-7717000.0,-0.78,51944000.0,0.4590558001,439209000.0,81356000.0,348019000.0,85015000.0,357853000.0,297003000.0,-130916000.0,155530757.77650002,157806757.77650002,5.286571130718392,4.093618773157678,0.008198830169691423,0.04426225478145435,-0.1107489664100172,5.286571130718392,-0.14812675156104035,1.3745051679702,-3.226511446695295,1.9117306378939478,0.0,0.20609219435493917,0.0,0.25763133269127,0.4396283008880786,-0.02743796233683736,-20.076256328449723,0.4590558000600951,-2.9000000000000004,0.3347124111079861,-0.46690395143962327,-0.11920766192499373,-0.15818815331010452,-2.9215750081353726,-4.669519733713742,-7.681283168134766,-0.45112175418668743,-0.16054788649817617,Software—Application,Technology,PERF
2014Q2,2014,Q2,2014-06-16,2014-05-03,-3073000.0,132966000.0,2103000.0,-0.2,61705000.0,0.4640660018,430279000.0,90915000.0,339242000.0,75099000.0,339364000.0,277090000.0,-121032000.0,155329001.717,157106001.717,5.9153953050831865,4.517263878347248,0.008884932799416193,0.04205026673266238,0.14064875175007882,5.9153953050831865,-0.03380080294780839,1.1681858649353971,-12.63659304563944,1.7085079658692186,0.0,0.25717636868887367,0.0,0.3090227503550022,0.6367062144635748,-0.007141877711903207,-12.202765473878546,0.4640660018350556,-3.1691973969631237,0.8752146416840916,-0.19747055592110066,-0.2424494604696412,-0.24899285566495868,-3.1701977401129944,-0.5650465356773526,-1.0011721710417758,-0.2511657819929193,-0.07418240179085515,Software—Application,Technology,PERF
2014Q1,2014,Q1,2014-05-01,2014-02-01,1416000.0,185029000.0,4835000.0,0.0922,82163000.0,0.4440547157,423404000.0,91294000.0,333981000.0,84079000.0,332110000.0,282802000.0,-120547000.0,155190522.454,157693522.454,5.9453554019285315,3.972228499387481,0.00957950326402207,0.04442789230398493,0.030989388073243546,5.9453554019285315,0.01551032926588823,0.8387362113722714,27.39945664795198,1.6998983772646616,0.0,0.36373858742158827,0.0,0.4370034293488016,0.4274670250597652,0.003344323624717764,3.346931557410283,0.44405471574726124,-0.6820689655172414,1.1395550618958545,0.021416404045837594,-0.06077305328403695,0.1676353972742905,-0.6835754189944134,-0.5209551174081046,1.1395550618958545,0.021416404045837594,-0.06077305328403695,Software—Application,Technology,PERF
2013Q4,2013,Q4,2013-12-17,2013-11-02,4475000.0,155679000.0,10093000.0,0.29,70367000.0,0.452000591,492963000.0,89593000.0,397247000.0,108569000.0,403370000.0,320823000.0,-121963000.0,155175928.668,157051928.668,5.835129599496472,3.658935791984821,0.008672050437862476,0.047715781366847856,0.06605805938899278,5.835129599496472,0.04994809862377641,0.9967685344073383,8.669046294301676,1.7320095171274543,0.0,0.26591609703793057,0.0,0.31580260587508596,0.5604914846779467,0.009077760399867739,-4.082073148524228,0.45200059095960277,1.2478632478632479,1.029932590787005,-0.7882270070423439,-0.34502315646864257,0.5491150052835505,1.2501117818019227,1.7898732195961808,-0.8289019507196635,-0.4420073871591978,-0.13529875242281583,Software—Application,Technology,PERF
2013Q3,2013,Q3,2013-09-17,2013-08-03,-17892000.0,112732000.0,-12778000.0,-1.17,45424000.0,0.4029379413,427115000.0,82200000.0,329824000.0,91509000.0,344915000.0,290386000.0,-129247000.0,155167924.32,158428924.32,5.353904833364597,3.60427936050006,0.010505367406904463,0.05458637469586375,-0.1719824056678674,5.353904833364597,-0.21766423357664233,1.376431929886811,-2.1681187726358147,1.8876876437956205,0.0,0.2317880338583816,0.0,0.2639382836004355,0.28853992503469605,-0.041890357397890494,37.8827940234375,0.4029379413121385,-1.1666666666666663,0.9992727722897086,-0.9995439395924052,-0.9994709828855514,-0.1620888749515781,-1.176907166321937,-2.7134553908747456,-0.37689006883834253,-0.4557324861265604,0.008045181785646227,Software—Application,Technology,PERF
2013Q2,2013,Q2,2013-06-18,2013-05-04,-8219000.0,122417000.0,-3441000.0,-0.54,54211000.0,0.4428388214,424537000.0,97425000.0,324240000.0,70920000.0,327112000.0,279428000.0,-113912000.0,155148984.739,158395984.739,6.346324238965473,4.571912013536379,0.011037907178879579,0.048098537336412624,-0.04750754287118987,6.346324238965473,-0.08436232999743393,1.267381039716706,-4.719217202183964,1.5924966357608417,0.0,0.24409150120961393,0.0,0.2883541363885833,0.43990411731528484,-0.019359914447975086,-7.9887227608774,0.4428388214055237,0.6029411764705882,0.9994355801696666,-0.9989162036185643,-0.9994109794349192,-0.22598837790373935,0.5670792731103502,0.8064461694228822,0.5505088278946896,-0.27109198276098695,0.15578946645824485,Software—Application,Technology,PERF
2013Q1,2013,Q1,2013-05-03,2013-02-02,-18985000.0,180736000.0,-17778000.0,-1.36,70039000.0,0.3875210251,419604000.0,103122000.0,317230000.0,80219000.0,316482000.0,271881000.0,-108082000.0,140895474.4875,143339474.4875,7.396990547716012,3.9545494209601215,0.011656228253305497,0.04742925854812746,-0.15215298316336098,7.396990547716012,-0.18410232540098137,0.7795650810436217,-1.8553525742362393,1.366298893422354,0.0,0.40715239387820407,0.0,0.4307299263114746,0.2850197584113489,-0.045245040562053744,3.418216708010869,0.38752102514164305,0.0,-1.0004515113413934,-0.6565827130386405,-0.7505975292648898,0.0,0.0,0.0,-1.0609198065719512,0.0989447139115217,0.16855131061880016,Software—Application,Technology,PERF
2012Q3,2012,Q3,2012-12-11,2012-10-27,-39537000.0,139501000.0,-34519000.0,-2.84,58195000.0,0.4171654683,501596000.0,121683000.0,392183000.0,99563000.0,379913000.0,322704000.0,-89097000.0,135853210.25300002,136266210.25300002,9.05233845567402,3.939043620622119,0.0038596799017536023,0.01591019287821635,-0.29815798001023097,9.05233845567402,-0.3249180247035329,0.973851157002459,-0.8590257875724007,1.1164518482696844,0.0,0.25195225345827754,0.0,0.2781142592843643,0.5092755340839469,-0.07882239890270257,-3.4986662439608556,0.41716546834789714,-6.568627450980391,0.998164530013564,-0.9993554085730073,-0.9991055421943643,0.31997368898566503,-6.5234702430846605,-2.8175547598989046,-1.4988283843847698,-0.24758186248283073,0.5082044970680134,Software—Application,Technology,PERF
2012Q2,2012,Q2,2012-09-11,2012-07-28,7158000.0,108158000.0,18992000.0,0.51,44088000.0,0.4076258807,444074000.0,126932000.0,333100000.0,77635000.0,317142000.0,293013000.0,-83706000.0,126445888.02950001,127114888.02950001,10.145353700238255,4.290590584143749,0.00488657295856096,0.017095767812687106,0.0805355683455769,10.145353700238255,0.05639239907982227,1.1690849315769523,4.416243644506147,0.9961702961388776,0.0,0.21865924037500042,0.0,0.2435585060147633,0.2751722805435693,0.01611893513243288,-8.920974180153804,0.40762588065607724,1.6296296296296295,1.0006031414901388,-0.998825078531384,-0.9990583806082948,0.06789390819910379,1.6364929752800996,2.2742887815351582,1.4803282251576102,-0.20980574140141853,0.847666853866895,Software—Application,Technology,PERF
2012Q1,2012,Q1,2012-06-12,2012-04-28,-11246000.0,106384000.0,-14904000.0,-0.81,41285000.0,0.3880752745,435771000.0,139127000.0,330269000.0,80639000.0,296644000.0,278928000.0,-65144000.0,98377530.05250001,98529530.05250001,14.29276608946809,4.0956485075459765,0.00569106250760147,0.017825440065551618,-0.09052624395627243,14.29276608946809,-0.08083262055531996,0.9247399049904121,-2.186944914914192,0.7071059539305815,0.0,0.23338997877588483,0.0,0.2441282233099495,0.41957365542727465,-0.02580713264535731,-36.83172222107825,0.388075274477365,-1.8901098901098903,-1.0003830515912122,-0.7104957581076934,-0.5180943988832042,-0.36866331258697416,-2.371965353177992,-1.6577518866675494,-0.7484358395774919,-0.07357850532926073,1.2579223859320663,Software—Application,Technology,PERF
2011Q4,2011,Q4,2012-04-17,2012-01-28,8197000.0,164006000.0,22659000.0,0.91,65393000.0,0.3987232174,286755000.0,64797000.0,247586000.0,62774000.0,221958000.0,216850000.0,-52069000.0,90631716.429,91694716.429,7.22562593209872,3.9440851307866316,0.009572631689072554,0.04236307236446132,0.30846110535023985,7.22562593209872,0.12650277018997794,0.5526121997304977,2.764173369189948,1.398702353951572,0.0,0.45475213281069865,0.0,0.5719377168663144,0.3082964284576417,0.028585377761503723,2.6148792968551646,0.3987232174432643,6.583333333333334,1.0003035114091234,-0.9991968184055063,-0.9993535784959527,0.5182605465394349,6.799238820171265,9.34585635359116,1.0938750869005651,-0.6180166563090648,-0.18894386408268787,Software—Application,Technology,PERF
2011Q3,2011,Q3,2011-12-13,2011-10-29,1051000.0,120125000.0,-2715000.0,0.12,43071000.0,0.3585515088,345060000.0,56472000.0,304584000.0,102656000.0,288588000.0,255623000.0,-60266000.0,90626622.753,91700622.753,6.297644672863053,2.967035536159601,0.006714774242160783,0.04102918260376824,0.05833821688908312,6.297644672863053,0.018610993058506872,0.7544359854568159,21.55723662059943,1.6048063244262643,0.0,0.3014360992555443,0.0,0.34812786182113253,0.3570468360349127,0.0030458470990552366,-7.997407584980587,0.3585515088449532,-0.9992965177629265,1.000058776384791,-0.9990958892191607,-0.9994544455760735,0.012101701287715011,-0.9993128567701914,0.9988310091297541,1.0995748230018134,-0.028753548484236596,0.04924667400112827,Software—Application,Technology,PERF
2011Q2,2011,Q2,2011-09-12,2011-07-30,1529521000.0,103595000.0,-2322516000.0,170.58,42556000.0,0.4107920266,296101000.0,57292000.0,254825000.0,65731000.0,238809000.0,224341000.0,-59434000.0,90622580.153,91552580.153,6.389374447543048,3.876785687118711,0.008034420687535671,0.04152412204147176,-114264.97247289207,6.389374447543048,26.69693849053969,0.8747775486558231,0.014812248434804099,1.5817667414822316,2.5962376456420015,0.2720813404593899,43.81910108160325,0.3498637289303312,0.3230287079155954,5.165538110306956,-0.029319573656294565,0.4107920266422125,259.45454545454544,1.1219000605995215,-0.9992660410797203,-0.9994515390693922,0.06066497183590051,259.14700421940927,-1464.3097791798107,107.45661244698731,0.07170509143495214,-0.1817496869839949,Software—Application,Technology,PERF
2011Q1,2011,Q1,2011-06-10,2011-04-30,-5925000.0,105781000.0,-1585000.0,-0.66,40122000.0,0.3792930678,279133000.0,56760000.0,252396000.0,68658000.0,238318000.0,219959000.0,0.0,90622468.9815,106540468.9815,6.330051988730366,3.676133880975269,0.061927468267814985,0.30454545454545456,-0.03377583366412781,6.330051988730366,-0.10438689217758985,0.856698924962895,-3.823732868417722,1.5965903626057083,0.0,0.2985056305947927,0.0,0.37896271669777487,0.3305077339858429,-0.021226440442369765,6.714765040122999,0.3792930677531882,-1.388235294117647,-1.0002190824407402,-0.6875026717777097,-0.7865712284357967,-0.3911314799077334,-1.387914102396229,0.8729458917835672,0.0,0.0,0.0,Software—Application,Technology,PERF
2010Q4,2010,Q4,2011-04-28,2011-01-29,15274000.0,162932000.0,-12475000.0,1.7,65896000.0,0.4044386615,284005000.0,60508000.0,255955000.0,58915000.0,239964000.0,224645000.0,0.0,90621064.178,106492064.178,6.748145230327799,4.344479334634643,0.060234855020158094,0.28272294572618495,-0.18996969891820906,6.748145230327799,0.25242943081906527,0.5561894789114478,1.483256910075946,1.497670790275666,0.0,0.4319526363818469,0.0,0.5736941251034313,0.3656284477637274,0.053780743296772945,1.9147857286115748,0.4044386615275084,3.0,1.0005656189083936,-0.9992019842795573,-0.9993962950434592,0.6068667853398034,3.0126498879957833,-7.98488241881299,1.1749440798004764,-0.62047348283072,-0.2425397264470889,Software—Application,Technology,PERF
2010Q3,2010,Q3,2010-12-13,2010-10-30,-7589000.0,120965000.0,1786000.0,-0.85,41009000.0,0.3390154177,356580000.0,47623000.0,324649000.0,203298000.0,323038000.0,268531000.0,0.0,90620589.1725,114311589.1725,5.311175461283111,1.5969119223996302,0.07055078804195412,0.528253154988136,0.04514711500828566,5.311175461283111,-0.15935577347080193,0.7491471844955152,-2.9852612061042296,1.9028744340444745,0.0,0.2977533320175324,0.0,0.33923663693981715,0.2146405768871312,-0.0212827416007628,-2.6763316353366804,0.3390154176828008,0.2857142857142857,0.9995755626234482,-0.9990895064120625,-0.9995399017538035,0.12786028602860286,0.2894194756554307,1.4169000933706817,0.9994718331355931,-0.9991620657195777,-0.9994752049570719,Software—Application,Technology,PERF
2010Q2,2010,Q2,2010-09-13,2010-07-31,-10680000.0,98094000.0,-4284000.0,-1.19,36360000.0,0.3706648725,297210000.0,49234000.0,264075000.0,143577000.0,261918000.0,232588000.0,0.0,90619649.268,105853649.268,5.490899876785429,1.8392569840573352,0.05674438948891356,0.3425478327984726,-0.0925141412325632,5.490899876785429,-0.21692326441077303,0.923804200746223,-2.1212464716292136,1.8405908369825732,0.0,0.2654221197998177,0.0,0.3300494599777935,0.011359758178538345,-0.03593418794791561,-4.54986440066275,0.37066487246926416,0.0,0.9991487957642041,-0.9993049925681462,-0.9995286637086274,0.0,0.0,0.0,0.9987443138700814,-0.9985131232531355,-0.9994903738248404,Software—Application,Technology,PERF
2009Q4,2009,Q4,2010-04-30,2010-01-30,10256000.0,183303000.0,-20702000.0,1.14,65779000.0,0.3588539195,291155000.0,64091000.0,255273000.0,130161000.0,242494000.0,216038000.0,0.0,90619093.4105,107376093.4105,7.14789419229554,1.961209578906124,0.06425443492297916,0.29189745830147756,-0.24550298698114928,7.14789419229554,0.1600224680532368,0.49436775945019995,2.208928759031299,1.4139129270958481,0.0,0.5439968894361177,0.0,0.6295718775222819,0.20999377693779242,0.035225223678109596,1.344337369607465,0.3588539194666754,1.966101694915254,1.0003798031742375,-0.9991021907492312,-0.9993605325603656,0.6400468734417074,1.97176425999621,-6.372507122507122,1.0003798031742375,-0.9991021907492312,-0.9993605325603656,Software—Application,Technology,PERF
2009Q3,2009,Q3,2009-12-15,2009-10-31,-10554000.0,123671000.0,-2808000.0,-1.18,40108000.0,0.3243120861,349010000.0,53817000.0,309225000.0,41430000.0,311872000.0,254028000.0,0.0,90619093.4105,113020093.4105,6.002063031420466,7.463794351918899,0.06844503022836022,0.4438746121114146,-0.05708523020657122,6.002063031420466,-0.1961090361781593,0.7327432737707305,-2.1465580209043966,1.6838376983202334,0.0,0.3289519265592769,0.0,0.35434801295091833,1.0546946657011826,-0.03023982120856136,28.39833701363209,0.3243120860994089,0.26250000000000007,0.9994097264447075,-0.9990691232081947,-0.9994800513192516,0.11927219958698443,0.2653998747128837,0.4766076421248835,0.9994097264447075,-0.9990691232081947,-0.9994800513192516,Software—Application,Technology,PERF
2009Q2,2009,Q2,2009-07-02,2009-05-02,-14367000.0,96660000.0,-5365000.0,-1.6,35834000.0,0.3707221188,371645000.0,70015000.0,311043000.0,193749000.0,301630000.0,275272000.0,0.0,90619093.4105,108627093.4105,7.808581733372427,1.605391511698125,0.052942996676936326,0.28102549453688497,-0.08710555270100567,7.808581733372427,-0.20519888595301006,0.9375035527674322,-1.576861791092434,1.2942811313361424,0.0,0.22096689819523962,0.0,0.2600869108961509,0.14642140088464972,-0.03865785897832609,4.279127988407234,0.3707221187668115,0.0,0.9988549319972001,-0.9993151484245569,-0.9993297149761102,0.0,0.0,0.0,0.9988549319972001,-0.9993151484245569,-0.9993297149761102,Software—Application,Technology,PERF
2008Q4,2008,Q4,2009-07-02,2009-01-31,-87306000.0,429294000.0,-85337000.0,-9.74,42280000.0,0.0984872838,382688000.0,79881000.0,340933000.0,216845000.0,320249000.0,301883000.0,-36648000.0,90619093.4105,107774093.4105,8.908909768528499,1.5722428462726832,0.0558078643699306,0.26736019829496377,-1.003808780677648,8.908909768528499,-1.0929507642618395,0.21108865581745845,-0.2594870152409342,1.1344261264944104,0.0,1.2819999801247504,0.0,1.1217858934693536,0.15327538103253477,-0.22813884940212392,1.3329277548062073,0.09848728377289223,0.9939218451630618,0.9967668588211805,-0.9978973386987694,-0.9992029879617196,-0.9991415282462182,0.9821896894160578,0.9825913628582014,0.9967668588211805,-0.9978973386987694,-0.9992029879617196,Software—Application,Technology,PERF
2008Q3,2008,Q3,2008-09-16,2008-08-02,-4901992000.0,49250310000.0,-4901992000.0,-1602.46,49250310000.0,1.0,181731135000.0,30958950000.0,139265206000.0,151084841000.0,158071371000.0,128997241000.0,0.0,30916197.8665,9149311197.8665,10120.475665412789,0.9217682268997457,0.057767558651961315,0.33909948496315284,-0.11824248065120982,10120.475665412789,-0.15833844494080065,0.0006277361069706972,-0.0015767160506636893,0.000998619070301157,0.0,0.0,0.0,0.2710064513711423,0.009132411900939818,-0.026973869942539017,-0.004138362785292013,1.0,-0.689342905636906,0.19639529634542174,0.08659307682050404,-0.12328012164645977,1.1881535401457892,-0.6893465195855271,-0.6893465195855271,0.19639529634542174,0.08659307682050404,-0.12328012164645977,Software—Application,Technology,PERF
2008Q2,2008,Q2,2008-06-06,2008-05-03,-2901709000.0,22507703000.0,-2901709000.0,-948.57,22507703000.0,1.0,170494122000.0,32959233000.0,130114127000.0,137717505000.0,144807264000.0,118856716000.0,0.0,30916197.8665,10088778197.8665,10774.36784927041,0.944790039581388,0.06649908434966456,0.3439917124285022,-0.06550586252737661,10774.36784927041,-0.08803933635227494,0.001373582984745267,-0.0026636197725633413,0.0009380132682850963,0.0,0.0,0.0,0.1320145394807218,0.009293234001008078,-0.017019407859703222,-0.003284848712785509,1.0,-1.314502171678658,0.32212022135571183,-0.5325722637606867,-0.0751332754345403,1062.238839812934,-1.3145350354759993,-9.297708867138427,0.32212022135571183,-0.5325722637606867,-0.0751332754345403,Software—Application,Technology,PERF
2008Q1,2008,Q1,2008-10-21,2008-02-02,9225392000.0,115469000.0,-281782000.0,3016.1,21169000.0,0.1833305909,289631000.0,90718000.0,266554000.0,41052000.0,208655000.0,188801000.0,78287000.0,30912913.254,130530913.25400001,29.658850314968763,6.4930819448504336,0.0007250605080257293,0.0023148658480125223,-5.1785341010296975,29.658850314968763,101.69307083489495,0.267716125141813,0.0008377127295512212,0.3407583197821822,0.0,0.4994676934973861,0.0,0.3986762466724902,0.9499902562603527,31.852225763126185,0.0014192167925959399,0.1833305908945258,2.0014875714731604,0.0,0.0,0.0,-0.9996960552657072,2.001486696750881,-1.9897923340639578,0.0,0.0,0.0,Software—Application,Technology,PERF
2007Q4,2007,Q4,2007-12-26,2007-11-03,-9211697000.0,69647530000.0,284688000.0,-3011.62,69647530000.0,1.0,174689243000.0,34189979000.0,135637733000.0,134824594000.0,147096947000.0,121797512000.0,0.0,30912913.254,8087677913.254,11177.886080302977,1.0060310880669145,0.054493103504947925,0.2784254123116016,0.010888480887879073,11177.886080302977,-0.26942681070380303,0.00044384794771616453,-0.0008389581543444167,0.0009041512793558604,0.0,0.0,0.0,0.39869386805917983,0.010848124638150217,-0.05273190748213386,-0.003862833627402516,1.0,-0.5102728562903379,0.0,0.0,0.0,0.5368552729686367,-0.5103541857714775,2.1743808748592266,0.0,0.0,0.0,Software—Application,Technology,PERF
2007Q3,2007,Q3,2007-09-18,2007-08-04,-6099031000.0,45318210000.0,89683000.0,-1994.09,45318210000.0,1.0,150501248000.0,35306615000.0,115612717000.0,109445634000.0,121806478000.0,106686479000.0,0.0,30911265.894500002,6785013265.8945,11543.56815134477,1.0563483692734605,0.05325195708676117,0.22699672568440787,0.003404037029682649,11543.56815134477,-0.17274471087075324,0.000682093707904615,-0.001267056434641011,0.0008755091898359557,0.0,0.0,0.0,0.3011151774635118,0.011516073816156065,-0.0405247868775148,-0.006317248999673626,1.0,-0.4250421633364777,0.0,0.0,0.0,1.229933971763256,-0.4252246896547534,1.1005666214759968,0.0,0.0,0.0,Software—Application,Technology,PERF
2007Q2,2007,Q2,2007-06-19,2007-05-05,-4279347000.0,48138552000.0,-891777000.0,-1399.32,20322669000.0,0.4221703428,140479649000.0,35626591000.0,106856187000.0,99015047000.0,111476606000.0,95982757000.0,0.0,30907395.105,6654971395.105,11649.643741191629,1.0791913980508436,0.06030316889530383,0.23778216669677993,-0.027110901761751696,11649.643741191629,-0.12011665668489023,0.0006420507850963195,-0.0018056139818177868,0.0008675372590377788,0.0,0.28980083370599574,0.0,0.34267278102324983,0.018656800718379704,-0.030462398151350736,-0.0034984780287023887,0.4221703428054919,0.0,0.0,0.0,0.0,0.0,0.0,0.0,0.0,0.0,0.0,Software—Application,Technology,PERF
2021Q2,2021,Q2,2021-06-30,2021-06-30,,,,,,,87713000.0,-38695000.0,86182000.0,16469000.0,126408000.0,88000.0,-70366000.0,0.0,-81071000.0,0.0,5.2329831805209786,0.007558742717727133,-0.017133996640392817,,0.0,,0.0,0.0,0.0,0.0,,,,5.210820329103163,,0.0,0.0,0.0,1.0,-1.0,-1.0,0.0,0.0,0.0,0.0,0.0,0.0,Software—Application,Technology,PERF
2020Q4,2020,Q4,2020-12-31,2020-12-31,,,,,,,86236000.0,-35743000.0,84947000.0,13333000.0,121979000.0,88000.0,-67221000.0,0.0,-78678000.0,0.0,6.37118427960699,0.003942668954960806,-0.009512352068936575,,0.0,,0.0,0.0,0.0,0.0,,,,6.348083702092552,,0.0,0.0,0.0,-1.0,-1.0,-1.0,0.0,0.0,0.0,0.0,0.0,0.0,Software—Application,Technology,PERF
