Year,Date,FillingDate,NetIncome,Revenue,OperatingIncome,EPSDiluted,GrossProfit,GrossProfitRatio,TotalAssets,CommonStockEquity,CurrentAssets,CurrentLiability,TotalLiability,Inventory,RetainedEarnings,EnterpriseValue,bookValuePerShare,currentRatio,debtToAssets,debtToEquity,roic,shareholdersEquityPerShare,roe,priceToSalesRatio,peRatio,pbRatio,payoutRatio,inventoryTurnover,dividendYield,assetTurnover,quickRatio,returnOnAssets,priceToFreeCashFlowsRatio,grossProfitMargin,epsdilutedGrowth,fiveYNetIncomeGrowthPerShare,fiveYRevenueGrowthPerShare,fiveYShareholdersEquityGrowthPerShare,grossProfitGrowth,netIncomeGrowth,operatingIncomeGrowth,threeYNetIncomeGrowthPerShare,threeYRevenueGrowthPerShare,threeYShareholdersEquityGrowthPerShare,Industry,Sector,Price,MarketCap,AvgVolume,Symbol
2023,2023-03-31,2023-05-18,-174284000.0,0.0,-177080000.0,-2.99,0.0,0.0,646591000.0,555292000.0,592603000.0,33825000.0,91299000.0,0.0,-485488000.0,942210756.6,9.538967320191826,17.519674796747967,0.0939682117443639,0.10941810795041168,-0.2736555130801757,9.538967320191826,-0.31386009522917674,0.0,-5.898658262376351,1.8513534439538117,0.0,0.0,0.0,0.0,17.33407243163341,-0.2695428795018799,-7.888595431246164,0.0,-0.328888888888889,-2.268141598497759,0.0,2.4229028088473776,0.0,-0.4814273328459956,-0.496695234714404,-1.0432997227137175,0.0,0.7789208826091272,Biotechnology,Healthcare,20.735,1197985360,582345,REPL
2022,2022-03-31,2022-05-19,-117646000.0,0.0,-118314000.0,-2.25,0.0,0.0,461192000.0,411229000.0,403977000.0,20756000.0,49963000.0,0.0,-311204000.0,813455327.62,7.876099006538099,19.463143187512046,0.07120461759961144,0.07985574947292141,-0.24726640931391483,7.876099006538099,-0.2860839094519112,0.0,-7.535864607551469,2.155889608028617,0.0,0.0,0.0,0.0,19.20938523800347,-0.25509115509375707,-10.489899280846231,0.0,-0.2857142857142857,-5.290165049594603,0.0,15.710280058672682,0.0,-0.45480851274314615,-0.4797573635169783,-0.6952461362187513,0.0,0.3253895020403423,Biotechnology,Healthcare,20.735,1197985360,582345,REPL
2021,2021-03-31,2021-05-20,-80867000.0,0.0,-79955000.0,-1.75,0.0,0.0,543098000.0,498728000.0,483747000.0,14547000.0,44370000.0,0.0,-193168000.0,1261818044.19,10.783548493805343,33.25407300474325,0.061278075043546466,0.06672976051073932,-0.1414359299036348,10.783548493805343,-0.16214650069777514,0.0,-17.449095974748662,2.8293098526451295,0.0,0.0,0.0,0.0,32.94528081391352,-0.14889946197555506,-22.12345438594566,0.0,-0.1904761904761905,-3.881201304543433,0.0,21.14055666878662,0.0,-0.6108643254118444,-0.4227374639666892,-0.9086780453863876,0.0,2.8695004595157734,Biotechnology,Healthcare,20.735,1197985360,582345,REPL
2020,2020-03-31,2020-06-03,-50201000.0,0.0,-56198000.0,-1.47,0.0,0.0,234097000.0,183718000.0,174251000.0,11874000.0,50379000.0,0.0,-112298000.0,323876633.56,5.3622212282994335,14.675004210880916,0.17851147174034696,0.22746274181081874,-0.20819597017288669,5.3622212282994335,-0.2732503075365506,0.0,-6.8043989872711705,1.8593041158732406,0.0,0.0,0.0,0.0,14.444753242378306,-0.2144452940447763,-5.091331806474692,0.0,-0.10526315789473677,-3.090372213101873,0.0,11.015081824055905,0.0,-0.6281053382629564,-0.8160020681186583,-3.090372213101873,0.0,11.015081824055905,Biotechnology,Healthcare,20.735,1197985360,582345,REPL
2019,2019-03-31,2019-06-28,-30834000.0,0.0,-30946000.0,-1.33,0.0,0.0,154326000.0,137856000.0,140981000.0,9885000.0,16470000.0,0.0,-59766000.0,340432200.0,5.942478791640803,14.262114314618108,0.0,0.0,-0.224480617455896,5.942478791640803,-0.22366817548746518,0.0,-11.661646234676006,2.6083391364902506,0.0,0.0,0.0,0.0,13.888214466363177,-0.1997978305664632,-12.852069483165344,0.0,-0.5287356321839082,-2.710473019348579,0.0,12.098835501584446,0.0,-0.5650187798193077,-0.6093400592854543,-2.710473019348579,0.0,12.098835501584446,Biotechnology,Healthcare,20.735,1197985360,582345,REPL
2018,2018-03-31,2018-03-31,-19702000.0,0.0,-19229000.0,-0.87,0.0,0.0,65151000.0,59935000.0,64703000.0,5164000.0,5216000.0,0.0,-28932000.0,308458526.52,2.7868063608279785,12.529628195197521,0.0,0.0,-0.3208309001418203,2.7868063608279785,-0.32872278301493285,0.0,-16.54865122931682,5.439918687244515,0.0,0.0,0.0,0.0,12.381874515879163,-0.3024051818084143,-20.188329815479875,0.0,-1.4287157955858791,-1.5573727933541015,0.0,6.2049500651324365,0.0,-1.5573727933541017,-0.9932621540375246,-1.5573727933541015,0.0,6.2049500651324365,Biotechnology,Healthcare,20.735,1197985360,582345,REPL
2017,2017-03-31,2017-03-31,-7704000.0,0.0,-9647000.0,-0.358214,0.0,0.0,22819000.0,-11515000.0,22402000.0,1985000.0,34334000.0,0.0,-9230000.0,305447526.52,-0.5354146199204833,11.285642317380352,0.0,0.0,0.8377768128528007,-0.5354146199204833,0.6690403821102909,0.0,-42.321070420560744,-28.314505125488495,0.0,0.0,0.0,0.0,11.083627204030227,-0.33761339234848153,-44.57163725495557,0.0,0.0,0.0,0.0,0.0,0.0,0.0,0.0,0.0,0.0,0.0,Biotechnology,Healthcare,20.735,1197985360,582345,REPL
TTM,,,,,,,,,,,,,,,,1112154360.0,9.538967320191826,17.519674796747967,0.0939682117443639,0.10941810795041168,-0.2736555130801757,9.538967320191826,-0.35843002286409414,0.0,-6.925746266725574,2.173715382807604,0.0,0.0,0.0,0.0,17.33407243163341,-0.2695428795018799,-9.19264395334561,0.0,,,,,,,,,,,Biotechnology,Healthcare,20.735,1197985360,582345,REPL
