Quarters,Year,Quarter,FillingDate,Date,NetIncome,Revenue,OperatingIncome,EPSDiluted,GrossProfit,GrossProfitRatio,TotalAssets,CommonStockEquity,CurrentAssets,CurrentLiability,TotalLiability,Inventory,RetainedEarnings,MarketCap,EnterpriseValue,bookValuePerShare,currentRatio,debtToAssets,debtToEquity,roic,shareholdersEquityPerShare,roe,priceToSalesRatio,peRatio,pbRatio,payoutRatio,inventoryTurnover,dividendYield,assetTurnover,quickRatio,returnOnAssets,priceToFreeCashFlowsRatio,grossProfitMargin,epsdilutedGrowth,fiveYNetIncomeGrowthPerShare,fiveYRevenueGrowthPerShare,fiveYShareholdersEquityGrowthPerShare,grossProfitGrowth,netIncomeGrowth,operatingIncomeGrowth,threeYNetIncomeGrowthPerShare,threeYRevenueGrowthPerShare,threeYShareholdersEquityGrowthPerShare,Industry,Sector,Symbol
2023Q1,2023,Q1,2023-05-05,2023-03-31,-7576000.0,28912000.0,1172000.0,-0.33,12551000.0,0.434110404,957556000.0,380765000.0,151151000.0,35322000.0,572041000.0,0.0,-853108000.0,92417490.0,590674490.0,16.76861760690536,4.279231074118114,0.5438303347271596,1.3676362060588552,0.001345502480987048,16.76861760690536,-0.01989678673197379,3.196509753735473,-3.049679580253432,0.24271529683663154,-1.5513463569165786,0.0,0.12717289768419374,0.030193534372924404,3.59008549912236,-0.00791180881327045,-45.08170243902439,0.4341104039845047,-2.2222222222222223,-8.879440564284312,-0.6160323701232926,-0.6283513118930212,0.03590293826345328,-9.094017094017094,-0.7155339805825243,-2.865476347759344,-0.2720930393192498,-0.22830600699978745,REIT—Office,Real Estate,CMCT
2022Q4,2022,Q4,2023-03-31,2022-12-31,936000.0,25868000.0,4120000.0,0.27,12116000.0,0.4683779187,690248000.0,377357000.0,161350000.0,110375000.0,312518000.0,0.0,-837846000.0,113449700.00000001,251526700.0,16.29840625404915,1.4618346545866365,0.26695767318413094,0.48830947882244136,0.005496079510010538,16.29840625404915,0.0024804097976187005,4.3857159424771925,30.30173611111111,0.30064289253942555,6.607905982905983,0.0,0.05451755271278813,0.03747638529919681,1.4717191392978481,0.0013560343528702728,66.85309369475546,0.46837791866398637,28.000000000000004,-0.9732401710864543,-0.6908379554241518,-0.6361315528035599,0.2682926829268293,5.0344827586206895,0.7539378458918689,1.383712193950156,-0.38779282202902965,-0.24355903075814622,REIT—Office,Real Estate,CMCT
2022Q3,2022,Q3,2022-11-14,2022-09-30,-232000.0,24853000.0,2349000.0,-0.01,9553000.0,0.3843801553,665597000.0,400851000.0,133765000.0,28323000.0,264380000.0,12149000.0,-823523000.0,148305510.0,349953510.0,17.271360248179587,4.722840094622745,0.3251847589457284,0.53995624309282,0.019618560391904655,17.271360248179587,-0.0005787686696553083,5.967308172051664,-159.8119719827586,0.3699766496778104,-34.581896551724135,1.2593629105276154,0.05409778773560066,0.03733941108508602,4.727888994809872,-0.0003485592633380259,122.56653719008264,0.3843801553132419,0.9,-1.0026637887898853,-0.6269948090755137,-0.5397743940100338,-0.17802443641369817,-1.0793976728268309,-0.5846153846153846,-1.051237145992861,-0.46493091407653625,-0.3654268950741582,REIT—Office,Real Estate,CMCT
2022Q2,2022,Q2,2022-08-09,2022-06-30,2922000.0,26403000.0,5655000.0,-0.1,11622000.0,0.4401772526,677745000.0,422781000.0,136055000.0,26208000.0,254603000.0,0.0,-809157000.0,165806300.0,357142300.0,18.103926690360982,5.191353785103785,0.30662859925193103,0.491545268117536,0.008082505158659263,18.103926690360982,0.006911379650457329,6.279828049842821,14.186028405201917,0.3921801121620886,1.6625598904859684,0.0,0.029299248581024968,0.038957129893986676,4.763698107448107,0.004311356040988867,11.489591850876586,0.4401772525849335,-2.0141987829614605,-0.9639949981021256,-0.515099240678383,-0.2707214819225791,-0.06266634406000483,0.2693310165073849,0.18330194601381042,-0.9652547242051838,-0.55221910620472,-0.7354584268415922,REIT—Office,Real Estate,CMCT
2022Q1,2022,Q1,2022-05-10,2022-03-31,2302000.0,24782000.0,4779000.0,0.0986,12399000.0,0.5003228149,688265000.0,416091000.0,148737000.0,21842000.0,271824000.0,22528000.0,-806923000.0,180721260.0,391864260.0,17.82050623153026,6.809678600860727,0.3315554328637952,0.5484329149152469,0.006544666999884192,17.82050623153026,0.005532443624111072,7.29244048099427,19.62654865334492,0.4343310958420153,5.6120764552562985,0.5496715198863636,0.0714857787069435,0.03600648006218535,7.219897445288893,0.003344641962034972,28.887669437340154,0.500322814946332,2.435540069686411,-0.9857571232598693,-0.5558500145549281,-0.5643907023478679,0.02845056403450564,2.4409566517189836,0.4637059724349158,-0.9950675915695398,-0.6722663935868509,-0.7240183434180001,REIT—Office,Real Estate,CMCT
2021Q4,2021,Q4,2022-03-16,2021-12-31,669000.0,25125000.0,3265000.0,0.0287,12056000.0,0.479840796,660866000.0,410986000.0,146685000.0,31292000.0,249535000.0,0.0,-804227000.0,171615150.0,350449150.0,17.601867317658144,4.687619838936469,0.3043657867101651,0.4894205642041335,0.002653032957769038,17.601867317658144,0.0016277926742030142,6.830453731343283,64.13122197309417,0.4175693332619602,3.893871449925262,0.0,0.015179312549037774,0.038018297203971756,4.325226895053048,0.0010123080927147106,5.697524982570299,0.4798407960199005,-0.5873491379310344,1.3386999759293625,-0.5334877314665962,-0.49009215738410655,-0.12019265854192512,-0.5880541871921182,-0.31335436382754994,1.4616708508015006,-0.6866217209034267,-0.6059965001556638,REIT—Office,Real Estate,CMCT
2021Q3,2021,Q3,2021-11-09,2021-09-30,1624000.0,24249000.0,4755000.0,0.06955032119914346,13703000.0,0.5650954678543445,675020000.0,410795000.0,159284000.0,26450000.0,263883000.0,0.0,-791820000.0,211541940.0,419195940.0,17.593687095807102,6.022079395085066,0.32918432046457885,0.5409170023977896,0.0047467791572326,17.593687095807102,0.003953310045156343,8.723738710874676,32.56495381773399,0.5149574361908008,2.603448275862069,0.0,0.0199865804388482,0.035923380047998575,5.583780718336484,0.0024058546413439604,-43.136610929853184,0.5650954678543445,0.9817904731121972,-0.7779393804150011,-0.5315959721671888,-0.4776514145149643,0.08144582116644306,2.0641509433962266,0.13322211630123929,2.9230325573608367,-0.6817586446886922,-0.6142092858120023,REIT—Office,Real Estate,CMCT
2021Q2,2021,Q2,2021-08-09,2021-06-30,530000.0,22673000.0,4196000.0,0.03509468944510661,12671000.0,0.5588585542274953,704824000.0,406659000.0,189610000.0,24310000.0,297828000.0,0.0,-788957000.0,135162900.0,336149900.0,26.927493047278507,7.799670917317976,0.3699036922692757,0.6411194637275949,0.002175582750537801,26.927493047278507,0.0013033032589958662,5.961403431394169,63.75608490566037,0.3323740529534573,6.507547169811321,0.0,0.02551735720378891,0.032168314359329424,7.396380090497738,0.0007519607731859301,10.595194795014502,0.5588585542274953,1.1416027687474493,0.332177628716795,-0.26061109821551937,-0.1836669396540581,0.3693937101480601,1.1444141689373297,7.309774436090225,-0.735530895503418,-0.5749566769226755,-0.40949853809618947,REIT—Office,Real Estate,CMCT
2021Q1,2021,Q1,2021-05-10,2021-03-31,-3670000.0,18879000.0,-665000.0,-0.24783900594273367,9253000.0,0.4901212987976058,685883000.0,323479000.0,166397000.0,18237000.0,362064000.0,0.0,-785730000.0,190875120.0,819788120.0,21.844881145326852,9.124143225311181,0.4836961989143921,1.0255967157064292,-0.001130024882808016,21.844881145326852,-0.01134540418388829,10.11044652788813,-13.002392370572206,0.5900695872065883,-3.1994550408719347,0.0,0.06151666073608755,0.027525102677861967,8.581784284695948,-0.0053507668217465665,41.19014242555028,0.4901212987976058,0.16417847768059862,-1.2990416167817849,-0.37485058231429474,-0.45049072279806657,0.15273452099165316,0.16400911161731208,0.6017964071856288,-6.853085071438687,-0.6155332216794993,-0.5158443224222411,REIT—Office,Real Estate,CMCT
2020Q4,2020,Q4,2021-04-30,2020-12-31,-4390000.0,17829000.0,-1670000.0,-0.29652144545761566,8027000.0,0.4502215491614785,685617000.0,323496000.0,164477000.0,27033000.0,361666000.0,0.0,-778519000.0,210823200.0,501500200.0,21.850455927051673,6.08430436873451,0.4730235685521217,1.00252553354601,-0.0025832186500608636,21.850455927051673,-0.01357049237084848,11.824734982332156,-12.005876993166288,0.6517026485644335,-0.7252847380410022,0.0,0.015102702169400711,0.02600431436210012,5.713905226944846,-0.00640299175778897,37.261081654294806,0.4502215491614785,0.17527709938004885,-1.8436417890420835,-0.42241082124010754,-0.4513163110557658,0.15131956397016638,0.17527709938004885,0.3110561056105611,-1.1962776565210314,-0.6667661095262221,-0.5121798202363936,REIT—Office,Real Estate,CMCT
2020Q3,2020,Q3,2020-11-09,2020-09-30,-5323000.0,17334000.0,-2424000.0,-0.35954069571090846,6972000.0,0.4022152994115611,688113000.0,328902000.0,168266000.0,22339000.0,358752000.0,0.0,-762245000.0,145977300.0,440412300.0,22.215602836879434,7.53238730471373,0.4745528714033887,0.9928367720476008,-0.003685786570484402,22.215602836879434,-0.016184152118260152,8.421443406022846,-6.8559693781702045,0.44383220533776013,-0.5611497275972196,0.0,0.020462085543437234,0.025190630027335625,7.090245758538878,-0.0077356480694304565,75.71436721991701,0.4022152994115611,-0.3145512154337494,-3.2311802683389725,-0.42636105556892057,-0.44521465083843187,-0.058474004051316676,-0.31659658669304974,-0.3202614379084967,-1.0958112011995431,-0.5921665296112206,-0.4080264014461232,REIT—Office,Real Estate,CMCT
2020Q2,2020,Q2,2020-08-10,2020-06-30,-4043000.0,16510000.0,-1836000.0,-0.27350832093086186,7405000.0,0.4485160508782556,726225000.0,323683000.0,202038000.0,21077000.0,402076000.0,0.0,-753550000.0,159349960.0,827489960.0,21.897104586659452,9.585709541206054,0.5117780302247926,1.1482407169978035,-0.002254830792066715,21.897104586659452,-0.012490615818563224,9.6517238037553,-9.853447934701954,0.4923025305623094,-0.6881028938906752,0.0,0.017458429233367864,0.02273400117043616,9.065711439009347,-0.0055671451685083825,-214.75735849056605,0.4485160508782556,-2.1690063311663903,-2.7880075514138816,-0.45707028729164995,-0.4622844506938218,-0.4312596006144393,-2.208730158730159,-1.9719428268925356,-1.0787038267605802,-0.5209772461631643,-0.11792130755546675,REIT—Office,Real Estate,CMCT
2020Q1,2020,Q1,2020-05-11,2020-03-31,-1260000.0,25535000.0,1889000.0,-0.0863072813206384,13020000.0,0.5098883884863912,663542000.0,317209000.0,137576000.0,27344000.0,345824000.0,0.0,-746398000.0,161891820.0,447032820.0,21.72962049595835,5.03130485664131,0.46402337757067375,0.9706502652825109,0.0029698580135430843,21.72962049595835,-0.003972144548231607,6.339996867045232,-32.12139285714286,0.5103632620764228,-9.534920634920635,0.0,0.07421004964920402,0.03848286920797779,4.649868344060854,-0.001898900144979519,27.05863613571787,0.5098883884863912,0.18075422626788032,-2.027648294948846,-0.1538073042233699,-0.47281107299493025,0.008520526723470178,0.18075422626788037,0.03677277716794731,-1.0124691792321114,-0.26801178729719594,-0.4688352508334455,REIT—Office,Real Estate,CMCT
2019Q4,2019,Q4,2020-03-16,2019-12-31,-1538000.0,26641000.0,1822000.0,-0.10534968148503322,12910000.0,0.4845914192410195,667592000.0,314531000.0,142403000.0,33740000.0,352556000.0,0.0,-740617000.0,211671000.0,495291000.0,21.546170708316208,4.220598695909899,0.4604923366367482,0.9773949149686358,0.0033615251638725216,21.546170708316208,-0.0048898200813274366,7.945309860740963,-34.40685955786736,0.6729734112058907,-4.0032509752925876,0.0,0.029087593482338157,0.0399061103188774,3.8606105512744517,-0.0023038023223765415,28.658407798537773,0.4845914192410195,-1.5400280898876406,-8.214685126297042,0.13335133033826446,-0.48428111417919373,-0.1895285328645866,-1.5400280898876404,-0.6615898959881129,-0.24543282901593957,-0.20880697955429903,-0.37582977849801275,REIT—Office,Real Estate,CMCT
2019Q3,2019,Q3,2019-11-08,2019-09-30,2848000.0,29215000.0,5384000.0,0.19508185492156996,15929000.0,0.545233612870101,659852000.0,397318000.0,137120000.0,23700000.0,262035000.0,0.0,-718493000.0,226269000.0,439396000.0,27.21729003973147,5.785654008438819,0.34511829925498444,0.57316054143029,0.008359142076530938,27.21729003973147,0.007168061854736005,7.744959780934452,19.862096207865168,0.5694909367307799,216.1302668539326,0.0,2.7203859123432728,0.044275079866394285,5.300126582278481,0.004316119372222862,30.734718826405867,0.545233612870101,-0.9392268932703272,0.4809616572849368,-0.045429491203514076,-0.3582295860017866,-0.24856118501745447,-0.9458204923334474,-0.33563672260612043,-0.37712566982936113,-0.09737448888986669,-0.19193101050559008,REIT—Office,Real Estate,CMCT
2019Q2,2019,Q2,2019-08-08,2019-06-30,52566000.0,36856000.0,8104000.0,3.210003,21198000.0,0.575157369220751,1196503000.0,998946000.0,673880000.0,23308000.0,196940000.0,0.0,-105634000.0,908662316.25,697334316.25,68.43509121917985,28.911961558263258,0.1356762164407444,0.16250828373105253,0.0069413828759797,68.43509121917985,0.052621463022025215,24.65439321277404,4.321530629351672,0.9096210568439135,0.1233877411254423,0.0,0.0071379652088658955,0.03080309869678555,20.770937017333104,0.043933028166247806,78.82219953591256,0.575157369220751,-0.8301587421684602,12.944830920741001,0.14919372481837406,0.5941757261911023,-0.2155861456483126,-0.8198542137170705,-0.1662551440329218,135.69810734416015,0.24349328091344943,1.0746761442633816,REIT—Office,Real Estate,CMCT
2019Q1,2019,Q1,2019-05-13,2019-03-31,291797000.0,47277000.0,9720000.0,18.900019,27024000.0,0.5716098737229519,1186574000.0,942633000.0,494325000.0,64038000.0,243278000.0,0.0,-151570000.0,829914378.3000001,696035378.3000001,64.57134308212768,7.719244823386115,0.13951932201447192,0.17562508420562403,0.008761560483484062,64.57134308212768,0.3095552563935275,17.554294441271654,0.7110374492369695,0.8804215196157996,0.06994245999787524,0.0,0.0245916934730133,0.03984327989657619,6.6268621755832475,0.24591555183241837,56.42221621456252,0.5716098737229519,305.53475449011256,55.97397551372383,0.6150498346529656,0.4639051320653363,-0.07433034185106528,323.0717439293598,0.36862855533652494,23.117927000489292,0.5879921115062591,0.6242959542313017,REIT—Office,Real Estate,CMCT
2018Q4,2018,Q4,2019-03-18,2018-12-31,-906000.0,50127000.0,7102000.0,-0.062061944396607886,29194000.0,0.5824007022163704,1342401000.0,652171000.0,273736000.0,81315000.0,689393000.0,0.0,-436883000.0,664807401.72,1198547401.72,44.674393310243005,3.3663653692430673,0.43852097845576693,0.9026328984269463,0.006689843639269916,44.674393310243005,-0.0013892062051210495,13.26246138248848,-183.44575102649006,1.0193759025163645,-6.8907284768211925,0.0,0.009390689670193223,0.03734130114622978,2.8168111664514544,-0.0006749101051027227,64.24501369540008,0.5824007022163704,-0.7159090909090912,-3.449827637154957,30.56219037516784,9.57033755614919,0.07322990956547312,-0.7159090909090909,0.08163265306122448,-1.1765742431255906,0.6469081121089205,0.12181233218400941,REIT—Office,Real Estate,CMCT
2018Q3,2018,Q3,2018-11-13,2018-09-30,-528000.0,47640000.0,6566000.0,-0.03616855037683108,27202000.0,0.5709907640638119,1391715000.0,665745000.0,294884000.0,41724000.0,725132000.0,0.0,-415568000.0,620136548.64,1187496548.6399999,45.60422645951403,7.06749113220209,0.4773965934117258,0.9979797069448513,0.0063074994747857474,45.60422645951403,-0.0007930964558502129,13.017139979848865,-293.6252597727273,0.9314926114953924,-11.621212121212121,0.0,0.009894595010496719,0.03423114646317673,6.551624964049468,-0.00037938802125435167,48.11736100558659,0.5709907640638119,-1.272561583542771,-1.0791003957202572,-0.3909497511946493,-0.7646821381692032,-0.11621560154650898,-1.2725864739287558,-0.30119199659429546,-1.2244490175879728,0.5988848243907763,0.13886428765210213,REIT—Office,Real Estate,CMCT
2018Q2,2018,Q2,2018-08-09,2018-06-30,1937000.0,51559000.0,9396000.0,0.13269863605395224,30779000.0,0.5969665819740492,1388361000.0,665638000.0,280929000.0,36594000.0,721884000.0,0.0,-408797000.0,661243420.5,1236983420.5,45.60106076700086,7.6769142482374155,0.4803736204056438,1.0019439995913695,0.006132293870771136,45.60106076700086,0.0029099901147470546,12.824985366279408,85.34375587248321,0.9933979437772482,3.0805369127516777,0.0,0.009023908314260497,0.037136594876980844,7.053861288735859,0.0013951702763186232,34.43079513147618,0.5969665819740492,2.133874761695618,-0.889198364290927,-0.30459314863959047,-0.7664268248974082,0.013200342353018632,2.134304207119741,0.2293601988747874,-0.13250842782671404,0.7170030168168143,0.11980099205495133,REIT—Office,Real Estate,CMCT
2018Q1,2018,Q1,2018-05-10,2018-03-31,618000.0,48398000.0,7643000.0,0.04234331176085484,30378000.0,0.627670564899376,1357984000.0,658519000.0,237575000.0,38355000.0,698571000.0,0.0,-404598000.0,553879680.75,1155253680.75,45.11953934861872,6.1941076782688045,0.47221248556684026,0.973786633339357,0.003621298768189882,45.11953934861872,0.0009384695050560424,11.444267960452912,224.06135952669905,0.8410990127088209,11.807443365695793,0.0,0.013174341384250174,0.03563959516459693,5.403832616347282,0.0004550863633150317,31.278500155297042,0.627670564899376,-0.9719715179826749,-0.9777551112958125,-0.3677122992242461,-0.7697903836412989,0.10763509078976154,-0.971971517982675,11.030183727034121,-0.49585885628153237,0.6041705222151142,0.09465885704656261,REIT—Office,Real Estate,CMCT
2017Q4,2017,Q4,2018-03-12,2017-12-31,22049000.0,52744000.0,-762000.0,1.5107244029370364,27426000.0,0.5199833156377976,1336388000.0,653739000.0,335749000.0,35208000.0,681759000.0,0.0,-399250000.0,836292640.5,1337834640.5,44.79202959098622,9.536156555328335,0.47205751623031633,0.9649906155208731,-0.0005883045978912754,44.79202959098622,0.03372752734654044,15.855692410511148,9.482206001405958,1.2792454488717975,0.2544786611637716,0.0,0.006709373882144071,0.03946757977473608,8.769058168598045,0.016498950903480126,-45.639196709233794,0.5199833156377976,-0.5971405889334954,1.512281420628792,1.7975551533626102,-0.7713869547358654,-0.06478892450385323,-0.6954347675944471,0.6161209068010075,102.45218078242918,1.244278790910277,0.07212069870958639,REIT—Office,Real Estate,CMCT
2017Q3,2017,Q3,2017-11-09,2017-09-30,72395000.0,55384000.0,-1985000.0,3.750004,29326000.0,0.5295031055900621,1591304000.0,723990000.0,627034000.0,69336000.0,866429000.0,0.0,-367197000.0,972315792.0,1499376792.0,37.528029782324055,9.04341179185416,0.4901740962129172,1.0773850467547894,-0.0013136568376115427,37.528029782324055,0.09999447506181025,17.55589686552073,3.357675916845086,1.3429961629304272,0.10091857172456661,0.0,0.007514019683843621,0.03480416061293128,6.1694069458866965,0.04549413562713347,-212.24968172888015,0.5295031055900621,0.07758642736802243,4.601117902673824,-0.5833052437872873,-0.8129667826858278,-0.13873715124816446,-0.20761139629828268,0.8250947220019385,27.485835263014106,0.36931383803351275,-0.11510737568724493,REIT—Office,Real Estate,CMCT
2017Q2,2017,Q2,2017-08-09,2017-06-30,91363000.0,61299000.0,-11349000.0,3.480003,34050000.0,0.5554739881564137,1637955000.0,652642000.0,462168000.0,105178000.0,984424000.0,0.0,-432220000.0,1254047643.9,1971874643.9,24.824434343805876,4.394150868052254,0.5170062669609361,1.2975459746691143,-0.00753057254295379,24.824434343805876,0.13998945823284434,20.457880942592865,3.431497553440671,1.9214939337339614,0.13284371134923328,0.0,0.00967826067776403,0.03742410505783126,2.9504649261252354,0.05577869965902604,152.98861094302794,0.5554739881564137,-0.4978355721718607,6.909713234587831,-0.5848893301418688,-0.8773829765163333,-0.22594284934870082,-0.5288867117000979,-2.721371151220992,12.456935723195489,0.061221256825856364,-0.42172195664102824,REIT—Office,Real Estate,CMCT
2017Q1,2017,Q1,2017-05-10,2017-03-31,193930000.0,66949000.0,6593000.0,6.930007,43989000.0,0.6570523831573287,2165830000.0,1146116000.0,620986000.0,43200000.0,1018797000.0,0.0,-424458000.0,1353171399.3,1888159399.3,40.90937986764764,14.374675925925926,0.4337062465659816,0.8195802170111925,0.003155050698453269,40.90937986764764,0.1692062583543027,20.211973282647985,1.7444070016242974,1.1806583271675815,0.0948538132315784,0.0,0.01359399113040358,0.030911475046517964,13.731736111111111,0.08954073034356344,99.76932826808228,0.6570523831573287,82.92020048177089,32.48739821158761,-0.5550898982093401,-0.8010527381579577,0.24901331667565801,82.82700421940929,3.5885355319984296,18.730488599183428,0.191728299433291,-0.07253824561633421,REIT—Office,Real Estate,CMCT
2016Q4,2016,Q4,2017-03-16,2016-12-31,-2370000.0,64622000.0,-2547000.0,-0.0845946049844212,35219000.0,0.5450001547460617,2022884000.0,967103000.0,379196000.0,49351000.0,1054869000.0,0.0,-599971000.0,1298540255.8500001,2121977255.8500001,34.51970306508384,7.683653826670179,0.47846836496803574,1.0008096345477162,-0.0016294666274588642,34.51970306508384,-0.002450617979677449,20.094399056822756,-136.9768202373418,1.3427114338907025,-7.757805907172996,0.0,0.01415897575540688,0.031945479819900695,7.03199529898077,-0.001171594614421786,796.1620207541387,0.5450001547460617,-1.2819820166147375,-1.0905078834041593,-0.6273345505376345,-0.8342461355418063,0.08003925296697231,-1.2607834507042253,0.5869283165747649,-5.065414399656782,20.201810909245808,7.1676523551650035,REIT—Office,Real Estate,CMCT
2016Q3,2016,Q3,2016-11-09,2016-09-30,9088000.0,64332000.0,-6166000.0,0.3,32609000.0,0.5068861530808929,2056061000.0,977279000.0,402136000.0,63698000.0,1077872000.0,0.0,-579206000.0,1337009817.6,2172352817.6,33.68188903865832,6.313165248516437,0.47138144247665803,0.9917219135988802,-0.0030307507985072478,33.68188903865832,0.00929928914874872,20.782966759932847,36.779539436619714,1.3680942879157334,2.023107394366197,0.0,0.013751581894143303,0.03128895494832109,4.998696976357185,0.004420102321866909,80.13724631982737,0.5068861530808929,9.000000000000002,-0.6987474589615346,-0.5896235259333711,-0.8393715883760734,-0.01599324059265518,9.704358068315665,-2.1379134860050892,-0.314994993013807,-0.5862013024753779,-0.8262014131949891,REIT—Office,Real Estate,CMCT
2016Q2,2016,Q2,2016-08-09,2016-06-30,849000.0,65438000.0,-1965000.0,0.03,33139000.0,0.5064182890675143,2151097000.0,1063058000.0,415296000.0,102406000.0,1087126000.0,0.0,-557876000.0,1570130328.48,2472304328.48,32.98591513109526,4.055387379645724,0.4368780208423888,0.8840223205130858,-0.0009811141762260808,32.98591513109526,0.00079863939690967,23.994167432990007,462.34697540636046,1.4769940384061828,22.59010600706714,0.0,0.012214909585605331,0.03042075740889416,1.4824131398550866,0.0003946823411496553,59.27256808154021,0.5064182890675143,-0.9642857568026705,-0.9861362285112814,-0.6280692299199166,-0.8437397824173575,-0.056191615402141716,-0.9685322461082283,-3.411042944785276,-0.9780032266410588,-0.6002400924877238,-0.8310428573098022,REIT—Office,Real Estate,CMCT
2016Q1,2016,Q1,2016-05-10,2016-03-31,26980000.0,66390000.0,815000.0,0.840001,35112000.0,0.5288748305467691,2106209000.0,1294132000.0,404826000.0,112260000.0,811137000.0,0.0,-516005000.0,1763773932.06,2327394932.06,39.753434658209244,3.606146445750935,0.3116965125493244,0.5072882828026817,0.00041781373197377256,39.753434658209244,0.02084795059545703,26.56686145594216,16.343346294106745,1.362901104415933,0.791882876204596,0.0,0.012113230392880762,0.0315210883630257,1.82716016390522,0.012809744901859217,249.54356707130728,0.5288748305467691,1.3899112772213773,-0.3629767136008916,-0.6459916067441136,-0.8121303926498541,0.04032473111907795,1.3579793742352735,25.29032258064516,-0.5646049958146642,-0.6111431788757636,-0.7971694065647148,REIT—Office,Real Estate,CMCT
2015Q4,2015,Q4,2016-03-15,2015-12-31,11442000.0,67874000.0,31000.0,0.35147790129540896,33751000.0,0.4972596281344845,2098173000.0,1296410000.0,374959000.0,102261000.0,800826000.0,0.0,-521620000.0,1517665941.54,2055977941.54,39.82341076895482,3.6666862244648497,0.3159644128487022,0.5113721739264584,1.582150888199094e-05,39.82341076895482,0.008825911555757824,22.36004864218994,33.159979495280545,1.170668184864356,1.8656703373536094,0.0,0.014065677706609702,0.03234909609455464,2.3342232131506635,0.005453315813329025,68.068978361141,0.4972596281344845,1.3431860086360599,-0.579858593250336,-0.6106224299795249,-0.812653550026432,0.021704910092631834,1.1827546737886303,-0.8669527896995708,1.1191849408437355,0.6140194827949279,-0.796746178018078,REIT—Office,Real Estate,CMCT
2015Q3,2015,Q3,2015-11-09,2015-09-30,5242000.0,66395000.0,233000.0,0.15,33034000.0,0.49753746517057007,2092510000.0,1302617000.0,359090000.0,85213000.0,788955000.0,0.0,-511715000.0,1792726481.37,2424078481.37,40.043600413120615,4.214028375952026,0.3173671810409508,0.5098152411645173,0.00011847190563331369,40.043600413120615,0.004024206654757308,27.000925993975446,85.49821067197635,1.376249873424038,4.07268218237314,0.0,0.011908676656399426,0.03172983641655237,1.7323999859176418,0.0025051254235344154,101.3469659884674,0.49753746517057007,0.0,-0.9060286439316844,-0.6661358582647694,-0.8129994174427185,-0.026522072257912418,0.05345659163987138,-0.7665330661322646,-0.7594771512052854,-0.7037473306705472,-0.8004296132370727,REIT—Office,Real Estate,CMCT
2015Q2,2015,Q2,2015-08-10,2015-06-30,4976000.0,66919000.0,998000.0,0.15,33934000.0,0.507090661844917,2090788000.0,1324687000.0,360084000.0,85029000.0,765162000.0,0.0,-495608000.0,1724395898.34,2349487898.34,40.72246862660674,4.234837526020534,0.3097607217948448,0.48890341642969243,0.0005060002606053446,40.72246862660674,0.0037563590493452413,25.768405061940555,86.63564601788586,1.3017383716606263,4.289991961414791,0.0,0.01237940778016801,0.03200659272963113,1.5883286878594363,0.0023799639179103763,63.65668346339842,0.507090661844917,0.6666666666666666,-0.9120298940608599,-0.6323065393352164,-0.8103179844361903,-0.017260353315957138,0.821376281112738,5.339130434782609,1.260131477773633,-0.6337510149692028,-0.7988567303187142,REIT—Office,Real Estate,CMCT
2015Q1,2015,Q1,2015-05-11,2015-03-31,2732000.0,67239000.0,-230000.0,0.09,34530000.0,0.513541248382635,2105722000.0,1340707000.0,358354000.0,91136000.0,764076000.0,0.0,-479237000.0,1806240969.0,2427676969.0,41.21790004088873,3.932079529494382,0.304797119467812,0.47871608039638786,-0.00011601366943670319,41.21790004088873,0.0020377308390274683,26.862995716771515,165.28559379575404,1.3472302068983006,7.813323572474378,0.0,0.011817913759213376,0.03193156551529594,1.4188685042134832,0.0012974172279151758,181.33128892681458,0.513541248382635,5.163067368421053,-0.953785307208443,-0.5792700551574527,-0.8084829220709991,1.0896877269426288,4.751578947368421,0.9815572127335418,1.38205873914547,-0.6151361836983585,-0.7995523672433184,REIT—Office,Real Estate,CMCT
2014Q4,2014,Q4,2015-03-16,2014-12-31,475000.0,52377000.0,-12471000.0,0.014603117996267751,16524000.0,0.3154819863680623,2094682000.0,1358955000.0,343659000.0,94489000.0,734866000.0,0.0,-460623000.0,1464704319.0,2055803319.0,41.778905719195876,3.637026532188932,0.29059971871625384,0.4479280035026914,-0.006337956231459661,41.778905719195876,0.00034953328108730606,27.96464705882353,770.89701,1.077816645142775,44.938947368421054,0.0,0.014573589852301104,0.02500475012436255,1.3334779709807492,0.0002267647308756174,101.41274797479748,0.3154819863680623,-0.878307350031102,-0.9938729725704908,-0.7282638934626806,-0.8061541804270786,-0.5557945106051237,-0.8891481913652275,-2.2610981899079787,-0.9843761041122329,-0.7398420995474708,-0.7993894946681683,REIT—Office,Real Estate,CMCT
2014Q3,2014,Q3,2014-11-10,2014-09-30,4285000.0,68195000.0,9889000.0,0.12,37199000.0,0.5454798738910477,2079485000.0,1379473000.0,339366000.0,37973000.0,697297000.0,0.0,-439752000.0,2154608352.0,2748246352.0,42.40969892982203,8.937034208516577,0.3001930766511901,0.45252571090554145,0.00480946514164892,42.40969892982203,0.003106258694443458,31.594814165261383,125.70643827304549,1.5619068673326697,4.981563593932322,0.0,0.009907136942166649,0.03279417740450159,8.694967476891476,0.002060606352053513,137.2974161728159,0.5454798738910477,-0.5555555555555556,-0.9511154252915881,-0.6520440245999174,-0.8036135689221899,-0.09312757502620737,-0.4898202166924634,0.12196505559337417,-0.873296871807239,-0.6119550402630992,-0.797748797024788,REIT—Office,Real Estate,CMCT
2014Q2,2014,Q2,2014-08-11,2014-06-30,8399000.0,71458000.0,8814000.0,0.27,41019000.0,0.5740294998460634,2072698000.0,1396181000.0,320506000.0,343903000.0,673797000.0,0.0,-422691000.0,2113385737.3200002,2694658737.32,42.92819799903049,0.9319662811897541,0.29010642167841144,0.4306769681008408,0.004262362051460738,42.92819799903049,0.006015695672695732,29.575215333762493,62.90587383378974,1.5136903720362906,2.7753303964757707,0.0,0.011029694952687425,0.034475837772796614,0.9110068827547303,0.0040522063513353124,85.76356372534697,0.5740294998460634,-0.09999999999999991,-0.8838898965892542,-0.6009799786913457,-0.8010723899022713,0.18768277499493297,-0.2513593011854889,0.39749484699540194,-0.8640965004214581,-0.5975496527944895,-0.7966413988182558,REIT—Office,Real Estate,CMCT
2014Q1,2014,Q1,2014-05-12,2014-03-31,11219000.0,64123000.0,6307000.0,0.3,34537000.0,0.5386054925689691,2051228000.0,1410521000.0,335504000.0,64894000.0,637997000.0,0.0,-407780000.0,2201692253.85,2747329253.85,44.10896694584835,5.1700311276851485,0.27775703139777735,0.4039237983695386,0.0031826589956730884,44.10896694584835,0.007953798631853052,34.335453017637974,49.06168673344326,1.5609071072674563,6.982083964702737,0.0,0.03557808765644897,0.03126078622171694,5.084599500724258,0.005469406618864407,183.04724425091453,0.5386054925689691,22.509933408071745,-0.8468070871844646,-0.6432720221038124,-0.7941315749585179,6.9983788791107,26.154708520179373,41.42948717948718,-0.7303386154739248,-0.6519224832352322,-0.7915467085552607,REIT—Office,Real Estate,CMCT
2013Q4,2013,Q4,2014-03-10,2013-12-31,-446000.0,3479000.0,-156000.0,-0.013947044572784357,4318000.0,1.2411612532336878,253410000.0,135152000.0,244570000.0,4383000.0,117358000.0,0.0,175984000.0,4125175029.0,4226591029.0,4.2263923051590835,55.799680584074835,0.4316996172211041,0.8094367822895703,-0.001725625539257981,4.2263923051590835,-0.0032999881614774475,1185.7358519689567,-2312.317841367713,30.52248600834616,-2.9708520179372195,0.0,0.0003211984923512927,0.013728739986583008,1.9847136664385123,-0.0017599936861213054,-2439.4884855115315,1.2411612532336878,-1.0309934323839651,-1.0043222993014547,-0.9952573792233234,-0.9804464016481562,-0.05884917175239756,-2.3808049535603715,-1.206896551724138,-1.0166716908949702,-0.9796823645280173,-0.9801172330727527,REIT—Office,Real Estate,CMCT
2013Q3,2013,Q3,2013-11-12,2013-09-30,323000.0,3785000.0,754000.0,0.45,4588000.0,1.2121532364597094,249901000.0,136899000.0,19793000.0,4322000.0,112102000.0,0.0,176430000.0,93986386.95,185902386.95,193.79840571688237,4.579592781119852,0.4181856014981933,0.7633729976113778,0.0016486885055757153,193.79840571688237,0.0023594036479448353,24.83127792602378,72.74488154024768,0.6865381555015012,4.099071207430341,0.0,0.014087146479035919,0.015145997815134793,3.2619157797316056,0.001292511834686536,147.31408612852664,1.2121532364597094,-0.6250003124997396,-0.45494215016395123,1.6040846544346443,-0.10642491817535535,0.0231935771632471,-0.6182033096926713,-0.38599348534201955,-0.733354323213057,-0.12353650511467985,-0.09497611618722153,REIT—Office,Real Estate,CMCT
2013Q2,2013,Q2,2013-08-09,2013-06-30,846000.0,3588000.0,1228000.0,1.200001,4484000.0,1.249721293199554,248674000.0,137912000.0,13242000.0,4345000.0,109862000.0,0.0,176107000.0,88688394.45,184366394.45,195.23243945702075,3.0476409666283084,0.40939141204951063,0.7381881199605546,0.0038378588085117033,195.23243945702075,0.0061343465398224955,24.718058653846153,26.20815438829787,0.6430796047479552,1.566193853427896,0.0,0.014939947985494284,0.014428528917377772,1.7795166858457998,0.0034020444437295413,64.87812322604243,1.249721293199554,-0.3333335185183127,-0.7564032566705399,-0.4132758578645572,-0.11213688926037603,-0.006866002214839424,-0.3705357142857143,-0.31777777777777777,-0.31126174250921956,-0.09214184474859705,-0.09062284609505278,REIT—Office,Real Estate,CMCT
2013Q1,2013,Q1,2013-05-10,2013-03-31,1344000.0,3703000.0,1800000.0,1.800002,4515000.0,1.2192816635160681,256454000.0,138384000.0,12922000.0,5246000.0,117170000.0,0.0,175261000.0,80703229.5,178183229.5,195.9932867370568,2.463210064811285,0.41158648334594117,0.7627543646664354,0.006222918212489289,195.9932867370568,0.009712105445716268,21.794012827437214,15.011761439732142,0.5831832401144641,0.9456845238095238,0.0,0.015749059955525075,0.014439236666224741,1.833968738086161,0.005240705935567392,73.16702583862194,1.2192816635160681,1.6000000666666,-0.5961925253850616,-0.413915152322083,-0.11352722220097015,0.014606741573033709,1.6455331412103746,2.092233009708738,0.04737445038991311,0.06742954908270829,-0.08932620215135621,REIT—Office,Real Estate,CMCT
2012Q4,2012,Q4,2013-03-18,2012-12-31,-2082000.0,912000.0,-1648000.0,-3.000003,4450000.0,4.879385964912281,247707000.0,138326000.0,240221000.0,5371000.0,108481000.0,0.0,173917000.0,75188893.5,171126893.5,195.92945599073087,44.72556320983057,0.3922698995183826,0.7024565157671009,-0.008076638895258477,195.92945599073087,-0.015051400315197432,82.44396217105263,-9.028445425072047,0.5435629852666888,-0.813640730067243,0.0,0.022529923252561233,0.003681769186983008,0.34444237572146713,-0.008405091499230946,47.52774557522124,4.879385964912281,-5.999996666672223,-1.7992459146050586,-0.8502552121328499,-0.10583061140837197,0.0,-5.40169133192389,-2.797164667393675,-2.2373166852674014,-0.7820055201080806,-0.09092626239970207,REIT—Office,Real Estate,CMCT
2012Q3,2012,Q3,2012-11-09,2012-09-30,473000.0,4864000.0,917000.0,0.600001,0.0,0.0,254344000.0,141658000.0,11435000.0,4706000.0,111786000.0,0.0,-6882000.0,79424887.5,182312887.5,200.64900941786036,2.429876753081173,0.4210046236592961,0.7559050671335188,0.0025930899179055873,200.64900941786036,0.003339027799347725,16.329129831414473,41.97932743128964,0.5606805651639866,3.583509513742072,0.0,0.021340917857768447,0.019123706476268362,1.0539736506587336,0.0018596860944233007,22.65398958927553,0.0,2.0,-0.8625061765544484,-0.33995818506792935,-0.09084223235575677,0.0,2.139759036144578,27.2,-0.7513857115234838,0.14342915296625403,-0.07085539739206893,REIT—Office,Real Estate,CMCT
2012Q2,2012,Q2,2012-08-09,2012-06-30,-415000.0,3964000.0,-35000.0,-0.600001,0.0,0.0,254853000.0,142879000.0,8555000.0,4793000.0,111074000.0,0.0,-5660000.0,81617905.8,186589905.8,202.45503959009935,1.78489463801377,0.4170286400395522,0.7438531904618594,-0.00037325413388987,202.45503959009935,-0.002904555602992742,20.589784510595358,-49.16741313253012,0.5712379411949973,-4.079518072289156,0.0,0.02074299730439788,0.01555406449992741,0.41664928020029207,-0.001628389699159908,-21.523709335443037,0.0,-3.0000066666666667,-1.1011427870172168,-0.4175479524162025,-0.08636200430675042,-1.0,-1.6774193548387097,-0.4,-1.2643928963028546,0.020085869285336906,-0.06183117262902373,REIT—Office,Real Estate,CMCT
2012Q1,2012,Q1,2012-05-10,2012-03-31,-155000.0,3787000.0,-25000.0,-0.15,3787000.0,1.0,247298000.0,144982000.0,3254000.0,3932000.0,101416000.0,0.0,-3551000.0,90530346.0,184760346.0,205.62926822349712,0.8275686673448627,0.3941964755072827,0.6723869169965927,-2.474573754670758e-05,205.62926822349712,-0.0010690982328840821,23.90555743332453,-146.0166870967742,0.624424728586997,-10.774193548387096,0.0,0.018446853168991532,0.01531350839877395,0.8275686673448627,-0.0006267741752864964,-29.16570425257732,1.0,-1.1604852048558423,-1.0558698391380485,-0.4392399489082032,-0.06620932683446885,-0.13221814848762603,-1.235204855842185,-1.0120481927710843,-1.0959930382139444,-0.044474771987690315,-0.04027283967963603,REIT—Office,Real Estate,CMCT
2011Q4,2011,Q4,2012-03-15,2011-12-31,659000.0,4364000.0,2075000.0,0.9346655982072575,4364000.0,1.0,251247000.0,146836000.0,243162000.0,7650000.0,103511000.0,0.0,-1702000.0,74031825.0,163390825.0,208.25881301723953,31.785882352941176,0.38154087411988996,0.6528439892124547,0.007512594379479435,208.25881301723953,0.0044880002179302075,16.96421287809349,28.08491084977238,0.5041803440573157,2.6024279210925645,0.0,0.02316571285389763,0.0173693616242184,31.493986928104576,0.002622916890549937,249.26540404040404,1.0,-0.10984313519010219,-0.7778947044567698,-0.35586430547660464,-0.05615738358013056,0.14570753478603307,-0.1009549795361528,0.6966475878986099,-0.710339746808575,-0.7301811878014905,-0.036481024726466214,REIT—Office,Real Estate,CMCT
2011Q3,2011,Q3,2011-11-09,2011-09-30,733000.0,3809000.0,1223000.0,1.050001,3809000.0,1.0,260826000.0,147830000.0,16668000.0,4020000.0,112096000.0,0.0,-669000.0,82484883.0,182771883.0,209.68824069253998,4.146268656716418,0.41436053154210084,0.7310830007440979,0.00481426773893539,209.68824069253998,0.0049583981600487045,21.65525938566553,28.132634038199182,0.5579712034093216,2.3069577080491133,0.0,0.020500726175485998,0.014603605468779953,1.9375621890547263,0.002810302653876531,-48.124202450408404,1.0,-0.46153850098615284,-0.8125757020138531,-0.5347919780125528,-0.061893611175326976,-0.009877826878086821,-0.4525765496639283,0.03556308213378493,0.23938325946651007,1.625800713112899,-0.03315929694369188,REIT—Office,Real Estate,CMCT
2011Q2,2011,Q2,2011-08-09,2011-06-30,1339000.0,3847000.0,1181000.0,1.950002,3847000.0,1.0,252801000.0,148752000.0,11920000.0,7639000.0,103149000.0,0.0,290000.0,87202293.75,178003293.75,211.096052734278,1.5604136667103023,0.37780704981388524,0.6420754006668817,0.005056046376431864,211.096052734278,0.009001559642895557,22.6676095009098,16.281234830097087,0.5862260255324298,1.2628827483196414,0.0,0.019391691746640554,0.015217503095320035,0.6164419426626522,0.005296656263226807,-65.51637396694215,1.0,0.44444485596677336,-0.6271117131437857,-0.5209692210982894,-0.04421910660372175,-0.05152859960552268,0.46179039301310043,0.0278503046127067,-0.6135003841952701,-0.3693751427321227,-0.03999356578868066,REIT—Office,Real Estate,CMCT
2011Q1,2011,Q1,2011-05-09,2011-03-31,916000.0,4056000.0,1149000.0,1.350001,4056000.0,1.0,251580000.0,148981000.0,8387000.0,4514000.0,101699000.0,0.0,643000.0,91563653.25000001,185773653.25,211.60120159360287,1.857997341603899,0.38614754749980124,0.6520764392774918,0.0045667295065981925,211.60120159360287,0.006148435035340077,22.574865199704146,24.990080035480354,0.6145995345044,1.8449781659388647,0.0,0.018457105412621792,0.016122108275697593,0.650642445724413,0.00364098894983703,-68.07706561338291,1.0,0.6137325196349745,-0.8151067775597293,-0.43472755804707935,-0.03984691592166624,0.07586206896551724,0.5551782682512734,-0.4202825428859738,-0.7240041912849497,-0.3562212220985877,-0.042933010180354295,REIT—Office,Real Estate,CMCT
2010Q4,2010,Q4,2011-03-16,2010-12-31,589000.0,3770000.0,1982000.0,0.8365704870999127,3770000.0,1.0,252127000.0,149660000.0,248650000.0,8598000.0,101567000.0,0.0,1418000.0,89557068.0,179884068.0,212.56560118739037,28.91951616655036,0.3687387705402436,0.6212013898169183,0.008971148190388266,212.56560118739037,0.003935587331284244,23.75519045092838,38.01233786078099,0.5984035012695443,2.869269949066214,0.0,0.0188706490480461,0.014952781733015504,27.54943010002326,0.0023361242548398226,-52.21986472303207,1.0,-0.4929881981355703,-0.7964272213356351,-0.4283945948755682,-0.030157345223477298,-0.12386706948640483,-0.512013256006628,-0.1672268907563025,-0.773271390247523,-0.3792888351225142,-0.029907715058767895,REIT—Office,Real Estate,CMCT
2010Q3,2010,Q3,2010-11-09,2010-09-30,1207000.0,4303000.0,2380000.0,1.650002,4303000.0,1.0,250523000.0,150723000.0,9818000.0,4643000.0,98900000.0,0.0,2519000.0,91432063.5,180942063.5,214.13623351068742,2.114581089812621,0.37593753866910423,0.6248615008990002,0.009020831297820513,214.13623351068742,0.008008067779967225,21.24844608412735,18.937875621375312,0.6066231663382496,1.3993371996686,0.0,0.01847273194266254,0.017176067666441804,1.0060305836743484,0.0048179209094574155,-34.951094610091744,1.0,-0.0833332407408437,-0.3785369703717312,-0.31693232367002194,-0.023203665314360595,0.09351969504447268,-0.013082583810302535,0.9734660033167496,-0.6480799310509047,-0.41431521059319376,-0.029730470162024115,REIT—Office,Real Estate,CMCT
2010Q2,2010,Q2,2010-08-09,2010-06-30,1223000.0,3935000.0,1206000.0,1.800002,3935000.0,1.0,257372000.0,150997000.0,11575000.0,4924000.0,105475000.0,0.0,3001000.0,86298836.4,180328836.4,214.68808471674828,2.350731112916328,0.3902483564645727,0.6651721557381934,0.004875992300227493,214.68808471674828,0.008099498665536402,21.931089301143583,17.64080874897792,0.5715268276853183,1.3802125919869175,0.0,0.01955993928094261,0.015289153443265,1.3015840779853778,0.004751876661019847,-10.98928261810773,1.0,0.0,-0.43481097215435066,-0.4423649668016542,-0.03421698638702392,0.1389290882778582,-0.04303599374021909,-0.43854748603351956,-0.7009163241074803,-0.419836102412613,-0.03115678514616415,REIT—Office,Real Estate,CMCT
2010Q1,2010,Q1,2010-05-10,2010-03-31,1278000.0,3455000.0,2148000.0,1.800002,3455000.0,1.0,251033000.0,151341000.0,11926000.0,4383000.0,98792000.0,0.0,3468000.0,77211250.2,165264250.2,215.2178828468186,2.7209673739447866,0.37555221823425605,0.6229376044825923,0.009560245249920045,215.2178828468186,0.008444506115328959,22.34768457308249,15.103922183098591,0.5101806529625151,1.337245696400626,0.0,0.022134080144709276,0.013763130743766755,1.4198037873602556,0.005090964136189266,-9.748895227272728,1.0,-0.2447735045357994,-0.6798199160283154,-0.5283607960563076,-0.02520738162189623,-0.1708663306935445,-0.23747016706443913,0.04729400292540224,-0.5381217745270247,-0.4870432781449422,-0.022666114425112575,REIT—Office,Real Estate,CMCT
2009Q4,2009,Q4,2010-03-16,2009-12-31,1676000.0,4167000.0,2051000.0,2.38339360550854,4167000.0,1.0,228243000.0,151558000.0,218372000.0,4781000.0,75785000.0,0.0,3412000.0,79215367.35000001,140279367.35000002,215.52647259168458,45.674963396778914,0.3018800138448934,0.4546246321540268,0.009726456431268916,215.52647259168458,0.011058472663930641,19.010167350611955,11.816134747911695,0.5226736124124097,1.0071599045346062,0.0,0.021308996681689944,0.018256857822583825,45.389458272327964,0.0073430510464724,141.70906502683366,1.0,-0.11726260840875365,-0.5456690399711833,-0.40460439897824274,-0.031114280344235624,-0.016521123436393673,-0.11556728232189974,0.44946996466431094,-0.4336323684506302,-0.3833098146980194,-0.02321987314005472,REIT—Office,Real Estate,CMCT
2009Q3,2009,Q3,2009-11-09,2009-09-30,1895000.0,4237000.0,1415000.0,2.700003,4237000.0,1.0,229367000.0,151856000.0,13808000.0,3718000.0,76611000.0,0.0,3424000.0,77105770.35000001,137480770.35000002,215.9502502136664,3.71382463690156,0.3053054711444977,0.4611408176166895,0.006620606355601827,215.9502502136664,0.012478927404909915,18.19819928015105,10.1722652176781,0.5077558367795807,0.8960422163588391,0.0,0.022021698146486385,0.01847257888013533,2.5960193652501347,0.008261868533834423,24.610842754548358,1.0,0.20000026666642978,-0.38039598271694325,-0.3625954952742818,-0.023126932568347622,0.09426652892561983,0.21163682864450128,-0.38020148926850633,-0.5142180330743347,-0.4811940563634898,-0.03387853927979255,REIT—Office,Real Estate,CMCT
2009Q2,2009,Q2,2009-08-07,2009-06-30,1564000.0,3872000.0,2283000.0,2.250002,3872000.0,1.0,225443000.0,151749000.0,12906000.0,4927000.0,72794000.0,0.0,3217000.0,69933140.55,125286140.55,215.7980884500689,2.619443880657601,0.28520734731173736,0.4237128416002741,0.011053978355582895,215.7980884500689,0.01030649295876744,18.061244976756196,11.178571059782609,0.4608474556669237,1.5281329923273657,0.0,0.03417549935843686,0.01717507307833909,1.815506393342805,0.006937452038874571,23.522751614530776,1.0,0.0,-0.5512035709498474,-0.4087295342603794,-0.01892825248181904,-0.029817088449010272,-0.038130381303813035,-0.07943548387096774,-0.5635451037681475,-0.5168510525891793,-0.02292967063839419,REIT—Office,Real Estate,CMCT
2009Q1,2009,Q1,2009-05-11,2009-03-31,1626000.0,3991000.0,2480000.0,2.250002,3991000.0,1.0,233558000.0,152123000.0,14056000.0,7324000.0,80535000.0,0.0,3340000.0,59107416.75,116533416.75,214.2580482507722,1.919169852539596,0.28973531199958896,0.4448374013134109,0.011157507324778061,214.2580482507722,0.010688718997127325,14.810177085943373,9.087856203874539,0.3885501649980608,2.40159901599016,0.0,0.0660661591169944,0.017087832572637202,1.3986892408519935,0.006961868144101251,-72.97211944444444,1.0,-0.30270660410388484,-0.9148203370682279,-0.3478326807291293,-0.29402366149839154,-0.7549579419168662,-0.2902662592754256,-0.826135726303982,-0.6745374088371349,-0.4484351099935641,-0.027791315610361293,REIT—Office,Real Estate,CMCT
2008Q4,2008,Q4,2009-03-16,2008-12-31,2291000.0,16287000.0,14264000.0,3.2267651081198707,16287000.0,1.0,227524000.0,153462000.0,14469000.0,9670000.0,74062000.0,0.0,4096000.0,79342388.25,126674388.25,216.1439663999527,1.496277145811789,0.25464566375415343,0.37753971667253133,0.06432333831129737,216.1439663999527,0.01492877715655993,4.871516439491619,8.658051969663902,0.5170165138601086,1.0589262330859885,0.0,0.030576342022323736,0.07158365710870063,1.096794208893485,0.010069267417942722,-54.56835505502063,1.0,2.585290580921433,-0.24280198371167258,2.606778825947525,0.24363226483019323,10.012170385395537,2.799336650082919,8.033530571992111,-0.214792358460609,1.4487874536052017,-0.013830850258508972,REIT—Office,Real Estate,CMCT
2008Q3,2008,Q3,2008-11-07,2008-09-30,603000.0,1479000.0,-2028000.0,0.900001,1479000.0,1.0,228314000.0,155893000.0,224416000.0,42674000.0,72421000.0,0.0,5709000.0,78708490.5,130603490.5,216.8798231494479,5.258846135820406,0.24850425291484535,0.3639483491882253,-0.009048201707578547,216.8798231494479,0.0038680376925198695,53.21737018255578,32.63204415422886,0.5048879070901195,4.019900497512438,0.0,0.030797185724200874,0.006477920758253984,5.258846135820406,0.0026410995383550724,30.963214201416207,1.0,-0.8181817998163637,-0.840763943910892,-0.7754182301849195,0.013109685520914804,-0.7619890569681365,-0.8291300651742703,-1.630009319664492,-0.6959764359266842,-0.7700981487603199,-0.010688603014598126,REIT—Office,Real Estate,CMCT
2008Q2,2008,Q2,2008-08-11,2008-06-30,3529000.0,6214000.0,3219000.0,4.950005,6214000.0,1.0,236854000.0,157837000.0,38330000.0,7383000.0,79017000.0,0.0,7531000.0,86135880.0,108517880.0,219.89024782703794,5.191656508194501,0.11428981566703539,0.17150604737799122,0.01691661213474882,219.89024782703794,0.022358509094825674,13.861583521081428,6.102003400396713,0.5457267940977084,0.6100878435817512,0.0,0.02499539100314526,0.026235571280197927,0.6349722335094136,0.014899473937531138,35.800448877805486,1.0,0.06451605966015087,0.14921206390030298,-0.02223899625044664,0.024176973870080717,0.0,0.0431569612769731,-0.261697247706422,0.5979988109481568,-0.13715240913652652,-0.01081484568326526,REIT—Office,Real Estate,CMCT
2008Q1,2008,Q1,2008-05-12,2008-03-31,3383000.0,6422000.0,4360000.0,4.650005,0.0,0.0,232217000.0,158671000.0,5631000.0,9000000.0,73546000.0,0.0,6428000.0,75462474.75,133437474.75,221.09340709105223,0.6256666666666667,0.27390759505118056,0.4008672032066351,0.01910438571969812,221.09340709105223,0.021320846279408334,11.750618927125506,5.576594350428614,0.4755908436324218,0.9550694649719185,0.0,0.04281598252249208,0.02765516736500773,0.8945555555555555,0.014568270195549852,30.489888787878787,0.0,0.2602514495185046,0.11794318430498693,0.06551445857776551,0.02213927485989749,0.0,0.2775679758308157,0.23687943262411348,-0.1695338482889152,-0.141008977130203,0.0014048012814037137,REIT—Office,Real Estate,CMCT
2007Q4,2007,Q4,2008-03-17,2007-12-31,2648000.0,6191000.0,3525000.0,3.689743821978221,0.0,0.0,231420000.0,157254000.0,11485000.0,11200000.0,74166000.0,0.0,5198000.0,115831131.0,166597131.0,219.1189482558018,1.0254464285714286,0.2689957652752571,0.39586274434990526,0.0158919578664615,219.1189482558018,0.016838999325931296,18.709599580035537,10.935718561178248,0.7365862299210195,1.2197885196374623,0.0,0.02788542227046026,0.026752225391063866,1.1358035714285715,0.011442399101201279,63.2265998908297,0.0,-0.2545979606125204,-0.19101990198655874,-0.025723850581166094,0.002485109730351828,0.0,-0.24277952530740635,-0.29836783439490444,-0.29664791873850915,-0.1332389178725615,-0.014964531650634438,REIT—Office,Real Estate,CMCT
2007Q3,2007,Q3,2007-11-09,2007-09-30,3497000.0,7491000.0,5024000.0,4.950005,0.0,0.0,233784000.0,158387000.0,13705000.0,12000000.0,75397000.0,0.0,5780000.0,143281817.25,190347817.25,220.6976792793295,1.1420833333333333,0.25526554426308046,0.3767796599468391,0.02232500819610616,220.6976792793295,0.0220788322273924,19.127194933920705,10.243195399628252,0.9046311708031594,0.9230769230769231,0.0,0.02252902749249574,0.03204239811107689,1.23325,0.014958252061732197,54.02783455882353,0.0,-0.15384616699538423,-0.03235890558146474,0.16025614035723837,0.0011702218100372258,0.0,-0.1611897337491005,-0.0021847070506454814,0.12035877709822945,0.10421321262867425,-0.001651451112781389,REIT—Office,Real Estate,CMCT
2007Q2,2007,Q2,2007-08-09,2007-06-30,4169000.0,6915000.0,5035000.0,5.850006,0.0,0.0,240006000.0,158896000.0,11943000.0,13000000.0,81110000.0,0.0,5512000.0,141548631.0,195372631.0,221.59218480890854,0.9186923076923077,0.26822246110513903,0.40513921055281443,0.021272240515658136,221.59218480890854,0.026237287282247508,20.469794793926248,8.488164487886785,0.8908256406706273,0.7738066682657712,0.0,0.022790753801073496,0.028811779705507364,1.0276153846153846,0.0173703990733565,42.430644784172664,0.0,0.4999999999999999,-0.21071759870838147,0.001252613390940388,0.009020823972650244,0.0,0.477844735909252,0.12263099219620958,0.1731789406470498,0.035530134246754635,0.0074131497098449675,REIT—Office,Real Estate,CMCT
2007Q1,2007,Q1,2007-05-10,2007-03-31,2821000.0,6867000.0,4485000.0,3.900004,0.0,0.0,242879000.0,157875000.0,8955000.0,15900000.0,85004000.0,0.0,4573000.0,157545807.0,216703807.0,220.2091690704279,0.5632075471698114,0.2692987042930842,0.4142961203483769,0.01917629720130259,220.2091690704279,0.01786856690419636,22.942450415028397,13.961875841900035,0.9979148503562945,1.5253456221198156,0.0,0.027312691349507003,0.028273337752543447,0.7333962264150944,0.011614837017609592,40.78327905772716,0.0,-0.07323908925157437,-0.3619302310762832,-0.040382975851950366,0.01829221712136327,0.0,-0.06496519721577726,0.05035128805620609,-0.8536481442400992,0.11128159938494508,-0.27441482756873736,REIT—Office,Real Estate,CMCT
