Quarters,Year,Quarter,FillingDate,Date,NetIncome,Revenue,OperatingIncome,EPSDiluted,GrossProfit,GrossProfitRatio,TotalAssets,CommonStockEquity,CurrentAssets,CurrentLiability,TotalLiability,Inventory,RetainedEarnings,MarketCap,EnterpriseValue,bookValuePerShare,currentRatio,debtToAssets,debtToEquity,roic,shareholdersEquityPerShare,roe,priceToSalesRatio,peRatio,pbRatio,payoutRatio,inventoryTurnover,dividendYield,assetTurnover,quickRatio,returnOnAssets,priceToFreeCashFlowsRatio,grossProfitMargin,epsdilutedGrowth,fiveYNetIncomeGrowthPerShare,fiveYRevenueGrowthPerShare,fiveYShareholdersEquityGrowthPerShare,grossProfitGrowth,netIncomeGrowth,operatingIncomeGrowth,threeYNetIncomeGrowthPerShare,threeYRevenueGrowthPerShare,threeYShareholdersEquityGrowthPerShare,Industry,Sector,Symbol
2023Q2,2023,Q2,2023-05-04,2023-03-31,110000000.0,3106000000.0,125000000.0,0.51,958000000.0,0.3084352865,16429000000.0,5205000000.0,2760000000.0,2273000000.0,11215000000.0,433000000.0,3842000000.0,7294629320.0,14190629320.0,24.802603677742464,1.2142542894852617,0.4392841925862804,1.3865513928914506,0.006749433538450663,24.802603677742464,0.021133525456292025,2.3485606310367033,16.578702999999997,1.4014657675312199,0.6818181818181818,4.9607390300230945,0.010281536827974147,0.1890559376711912,0.8526176858776947,0.006695477509282366,15.857889826086957,0.30843528654217645,1.1123348017621144,-0.7768467701651783,-0.08643944774939238,0.14060565412017043,3.760806916426513,1.1153039832285114,1.1038205980066444,-0.514324330261129,0.3874299842650245,0.2700112277983552,Utilities—Regulated Gas,Utilities,UGI
2023Q1,2023,Q1,2023-02-02,2022-12-31,-954000000.0,2759000000.0,-1204000000.0,-4.54,-347000000.0,-0.1257702066,17128000000.0,5180000000.0,3456000000.0,3380000000.0,11940000000.0,618000000.0,3808000000.0,7782253380.0,15181253380.0,24.67442148484762,1.0224852071005917,0.45049042503503034,1.4895752895752896,-0.0673224624837528,24.67442148484762,-0.18416988416988417,2.8206790068865533,-2.0393745754716983,1.5023655173745172,-0.07966457023060797,5.02588996763754,0.0097658089873193,0.16108127043437645,0.6192307692307693,-0.05569827183559085,-17.2938964,-0.12577020659659296,-5.017699115044248,-3.1568899595047832,0.07397436898199251,0.22375040102621188,-1.3804824561403508,-4.909836065573771,-6.375,-5.489389522421332,0.37172062110152676,0.2934339894290936,Utilities—Regulated Gas,Utilities,UGI
2022Q4,2022,Q4,2022-11-21,2022-09-30,244000000.0,1934000000.0,224000000.0,1.13,912000000.0,0.4715615305,17575000000.0,6066000000.0,3802000000.0,2444000000.0,11501000000.0,665000000.0,4841000000.0,6781702450.0,13376702450.0,28.918074988677805,1.555646481178396,0.39829302987197723,1.153972964061985,0.015372423738013593,28.918074988677805,0.040224200461589185,3.506567967942089,6.948465624999999,1.1179858968018463,0.3114754098360656,1.5368421052631578,0.01120662555756925,0.11004267425320056,0.6886252045826514,0.013883357041251779,-17.61481155844156,0.47156153050672184,34.93393393393393,13.10354615537119,0.43830020139308024,0.588551504032989,0.35714285714285715,35.857142857142854,2.027027027027027,2.6888281345274176,0.5219870938427122,0.43855586921410833,Utilities—Regulated Gas,Utilities,UGI
2022Q3,2022,Q3,2022-08-04,2022-06-30,-7000000.0,2033000000.0,74000000.0,-0.0333,672000000.0,0.3305459911,17111000000.0,5996000000.0,3509000000.0,2068000000.0,11106000000.0,496000000.0,4674000000.0,8115435900.0,14167435900.0,28.526571197487986,1.696808510638298,0.3928467067967974,1.1210807204803201,0.005091209309639881,28.526571197487986,-0.0011674449633088727,3.9918523856369896,-289.83699642857147,1.3534749666444297,-10.714285714285714,2.743951612903226,0.009241647759179517,0.11881245982116767,0.9912959381044487,-0.0004090935655426334,32.20411071428571,0.3305459911460895,-1.007690531177829,0.9069748408613306,0.45684231079305243,0.5601925057430532,-0.6633266533066132,-1.0074946466809422,-0.9444444444444444,0.8748379730167329,0.23949859519266486,0.3047384270464558,Utilities—Regulated Gas,Utilities,UGI
2022Q2,2022,Q2,2022-05-05,2022-03-31,934000000.0,3466000000.0,1332000000.0,4.33,1996000000.0,0.5758799769,17777000000.0,6200000000.0,4154000000.0,2499000000.0,11567000000.0,398000000.0,4757000000.0,7612103860.0,13861103860.0,29.500911197499082,1.6622649059623849,0.39191089610170443,1.123709677419355,0.07463294168208112,29.500911197499082,0.15064516129032257,2.1962215406809,2.037501033190578,1.2277586870967743,0.07815845824411134,3.693467336683417,0.009589990013614975,0.19497102998256174,1.0456182472989195,0.05253979861618946,9.226792557575758,0.5758799769186382,10.41304347826087,1.4747097168236352,0.31723260509657353,0.6182440938185836,2.609403254972875,10.729166666666666,27.64,0.9549080574225473,0.10427983836284929,0.33608577858156946,Utilities—Regulated Gas,Utilities,UGI
2022Q1,2022,Q1,2022-02-03,2021-12-31,-96000000.0,2673000000.0,-50000000.0,-0.46,553000000.0,0.2068836513,16800000000.0,5349000000.0,3431000000.0,2581000000.0,11441000000.0,548000000.0,3908000000.0,9626087430.0,16410087430.0,25.51115308122648,1.32932971716389,0.4236904761904762,1.3307160216862965,-0.002711383404300028,25.51115308122648,-0.0179472798653954,3.601229865319865,-25.067936015624998,1.7996050532809869,-0.75,3.8686131386861313,0.007479674428845283,0.15910714285714286,0.7818674932196823,-0.005714285714285714,-12.341137730769232,0.20688365132809577,-1.1893004115226338,-1.344358371348904,0.31706120416681327,0.4815715076579875,-0.61782999308915,-1.1828571428571428,-1.063613231552163,-1.9023277327641823,0.01058568362422232,0.21258972648279129,Utilities—Regulated Gas,Utilities,UGI
2021Q4,2021,Q4,2021-11-19,2021-09-30,525000000.0,1438000000.0,786000000.0,2.43,1447000000.0,1.0062586926,16723000000.0,5522000000.0,3270000000.0,2297000000.0,11192000000.0,469000000.0,4081000000.0,8926503280.0,14887503280.0,26.36504268444071,1.4235959947757946,0.4075823715840459,1.234335385729808,0.046004749754897746,26.36504268444071,0.09507424846070264,6.207582253129346,4.250715847619047,1.6165344585295183,0.13714285714285715,-0.019189765458422176,0.008065868318372478,0.08598935597679842,0.8175881584675664,0.031393888656341566,43.75736901960784,1.006258692628651,2.422535211267606,4.7640062770134275,0.2219247943886445,0.606714869292741,0.47653061224489796,2.5,1.5686274509803921,57.04293161528031,-0.05951361592867791,0.24893414428812408,Utilities—Regulated Gas,Utilities,UGI
2021Q3,2021,Q3,2021-08-05,2021-06-30,150000000.0,1496000000.0,306000000.0,0.71,980000000.0,0.6550802139,15006000000.0,5097000000.0,2377000000.0,1701000000.0,9900000000.0,296000000.0,3629000000.0,9683374690.0,15192374690.0,24.376013276008017,1.397413286302175,0.4034386245501799,1.1877575044143613,0.017974771878998066,24.376013276008017,0.02942907592701589,6.472844044117647,16.138957816666668,1.8998184598783598,0.48,1.7432432432432432,0.007435424354110168,0.09969345595095296,0.8988830099941211,0.009996001599360257,39.52397832653061,0.6550802139037433,-0.6952789699570816,3.349204614390005,0.09706006926921944,0.433161135899027,-0.2501912777352716,-0.6932515337423313,-0.5439642324888226,11.667931679031685,-0.13608188509761326,0.14278202406324225,Utilities—Regulated Gas,Utilities,UGI
2021Q2,2021,Q2,2021-05-06,2021-03-31,489000000.0,2581000000.0,671000000.0,2.33,1307000000.0,0.506392871,14945000000.0,4819000000.0,2384000000.0,1892000000.0,10117000000.0,268000000.0,3557000000.0,8568219300.0,14468219300.0,23.06514143493036,1.2600422832980973,0.42448979591836733,1.3164556962025316,0.04733243578575011,23.06514143493036,0.10147333471674622,3.319728516079039,4.380480214723926,1.7780077401950611,0.1411042944785276,4.753731343283582,0.008053015169674755,0.17269989963198393,0.9439746300211417,0.032719973235195716,22.667246825396827,0.5063928709802402,0.6180555555555557,-0.009769068446791917,0.08130164466106138,0.3541533396899001,0.18926296633303002,0.6138613861386139,0.33665338645418325,-0.0035809846779838337,-0.2374882376702427,0.060704395215235255,Utilities—Regulated Gas,Utilities,UGI
2021Q1,2021,Q1,2021-02-04,2020-12-31,303000000.0,1932000000.0,502000000.0,1.44,1099000000.0,0.5688405797,14725000000.0,4437000000.0,2180000000.0,2097000000.0,10279000000.0,279000000.0,3139000000.0,7298739040.0,13483739040.0,21.25264640232979,1.039580352885074,0.44828522920203734,1.4877169258508,0.03344712089041036,21.25264640232979,0.068289384719405,3.777815238095238,6.022061914191419,1.6449716114491775,0.22772277227722773,2.985663082437276,0.009453687770154885,0.13120543293718168,0.7591797806390082,0.020577249575551782,-202.74275111111112,0.5688405797101449,27.799999999999997,0.4942217497309074,-0.004313816483468236,0.35095056350648396,0.6959876543209876,31.934782608695652,6.27536231884058,-0.311143737255615,-0.24376685707119577,0.05404435008499151,Utilities—Regulated Gas,Utilities,UGI
2020Q4,2020,Q4,2020-11-20,2020-09-30,9200000.0,1124200000.0,69000000.0,0.05,648000000.0,0.5764098915,13985000000.0,4128000000.0,1543000000.0,1755000000.0,9848000000.0,241000000.0,2908000000.0,6881441899.999999,12926441900.0,19.783853729841127,0.8792022792022792,0.4562745799070433,1.5457848837209303,-0.0037463686587966617,19.783853729841127,0.0022286821705426356,6.121190090731186,186.9957038043478,1.6670159641472866,7.456521739130435,1.9759336099585063,0.009968840977935163,0.08038612799427959,0.6165242165242165,0.0006578476939578119,-153.94724608501116,0.5764098914783846,-0.8780487804878049,1.1455159405306776,-0.137860822977981,0.2733467371845924,-0.17209658873131467,-0.8921453692848769,-0.6032202415181138,1.4587909704541937,-0.15949387482651106,0.08678294147907657,Utilities—Regulated Gas,Utilities,UGI
2020Q3,2020,Q3,2020-08-04,2020-06-30,85300000.0,1199300000.0,173900000.0,0.41,782700000.0,0.6526307012,13843400000.0,4126700000.0,1599900000.0,1679000000.0,9708000000.0,200800000.0,2969700000.0,6633416400.0,12556416400.0,19.783027641684004,0.9528886241810601,0.4630582082436396,1.5533719436838151,0.014455713696719856,19.783027641684004,0.02067026922238108,5.531073459518052,19.44143141852286,1.6074384859573025,0.8065650644783119,2.0747011952191237,0.010371729415328124,0.08663334152014679,0.7001786777843955,0.006161781065345219,24.45048433468485,0.6526307012423914,-0.6168224299065421,5.452758551385377,-0.13298750524715172,0.24619038521761027,-0.20189660446619762,-0.6217294900221729,-0.5442872117400419,2.1422293696865635,-0.13402588394616352,0.081985327075727,Utilities—Regulated Gas,Utilities,UGI
2020Q2,2020,Q2,2020-05-07,2020-03-31,225500000.0,2228900000.0,381600000.0,1.07,980700000.0,0.4399928216,14135500000.0,4080500000.0,1878800000.0,2116100000.0,10045900000.0,179700000.0,2953300000.0,5572456470.0,11755956470.0,19.52943653950158,0.8878597419781674,0.4584768844398854,1.5882367356941551,0.027243850783845027,19.52943653950158,0.05526283543683372,2.500092633137422,6.177889656319291,1.3656307976963609,0.3002217294900222,6.9460211463550365,0.01214904061870581,0.15768101588199923,0.6393837720334578,0.015952743093629516,19.62132559859155,0.4399928215711786,0.07000000000000006,-0.6124495907748143,-0.2477852950363216,0.20642171051047328,-0.01792509513318646,0.06367924528301887,0.01166489925768823,-0.39902483711968206,-0.1479656804985951,0.07126844740756437,Utilities—Regulated Gas,Utilities,UGI
2020Q1,2020,Q1,2020-02-06,2019-12-31,212000000.0,2006600000.0,377200000.0,1.0,998600000.0,0.4976577295,14285700000.0,3995400000.0,1947000000.0,2391500000.0,10281100000.0,247500000.0,2797500000.0,9458265240.0,15849965240.0,19.076676263733116,0.8141333890863475,0.47075747075747076,1.6832106922961405,0.025891025089053582,19.076676263733116,0.05306102017319918,4.713577813216386,11.15361466981132,2.3672886919957947,0.32028301886792454,4.072727272727272,0.007178906308616061,0.14046214046214045,0.5957348944177294,0.01484001484001484,-148.71486226415095,0.4976577294926742,2.449275362318841,874.2987743447974,-0.17342258061163557,0.2467277997322011,1.16804168475901,2.620795107033639,6.00929614873838,-0.23869229262867028,-0.01018789699728335,0.10788641827253756,Utilities—Regulated Gas,Utilities,UGI
2019Q4,2019,Q4,2019-11-26,2019-09-30,-130800000.0,1150400000.0,-75300000.0,-0.69,460600000.0,0.4003824757,13346600000.0,3817500000.0,1566200000.0,2026900000.0,9519400000.0,229900000.0,2653100000.0,9546524350.0,15699724350.0,20.10215634132856,0.7727070896442844,0.49453044221000103,1.728958742632613,-0.0063028278523296665,20.10215634132856,-0.034263261296660116,8.2984391081363,-18.24641504204893,2.5007267452521287,-0.9304281345565749,3.000434971726838,0.012748095069804122,0.08619423673444922,0.543884750111007,-0.009800248752491272,-233.4113533007335,0.4003824756606398,-1.5555555555555551,-0.9845857665674942,-0.20140410701244923,0.306946332443896,-0.20899879787051348,-1.8129032258064517,-7.38135593220339,-0.03426136941463495,0.0781172339261642,0.22504764680395653,Utilities—Regulated Gas,Utilities,UGI
2019Q3,2019,Q3,2019-08-06,2019-06-30,-46500000.0,1363700000.0,11800000.0,-0.27,582300000.0,0.4270000733,12018900000.0,3820900000.0,1717600000.0,1594700000.0,7845200000.0,215100000.0,2761200000.0,9319897470.0,13475497470.0,21.86382389462059,1.0770677870445853,0.3901604972168834,1.2272762961605905,0.0013239336856648938,21.86382389462059,-0.012169907613389515,6.8342725452812205,-50.106975645161285,2.4391890575518858,-2.556989247311828,3.6327289632728963,0.012757651077464053,0.11346296250072802,0.832821220292218,-0.003868906472306118,67.8304037117904,0.42700007332991124,-1.1205357142857142,-2.6257164140510625,-0.09167744224183874,0.36544353810305524,-0.5061906377204884,-1.1172170405848247,-0.9780994803266518,-2.6131841224540313,0.19654781980993738,0.28545969897183565,Utilities—Regulated Gas,Utilities,UGI
2019Q2,2019,Q2,2019-05-08,2019-03-31,396700000.0,2606100000.0,538800000.0,2.24,1179200000.0,0.4524768812,12350900000.0,3853000000.0,2180000000.0,1777300000.0,8034900000.0,222000000.0,2818200000.0,9665610390.0,13816310390.0,22.080102692821246,1.2265796432791312,0.37590782857929383,1.2049831300285492,0.051628451101684375,22.080102692821246,0.10295873345445107,3.7088409462415104,6.091259383665238,2.5085934051388525,0.2798084194605495,6.427477477477478,0.01148401347884249,0.21100486604215077,0.9990434929387273,0.032119116825494495,26.57577781138301,0.45247688116342427,3.4800000000000004,0.012741050596496432,-0.1843671417845268,0.3646778409990169,0.5211558307533539,3.4824858757062147,2.2128801431127014,-0.03818241364086795,0.30723244826036317,0.2963217627141388,Utilities—Regulated Gas,Utilities,UGI
2019Q1,2019,Q1,2019-02-07,2018-12-31,88500000.0,2200200000.0,167700000.0,0.5,775200000.0,0.3523316062,12368300000.0,3669400000.0,2242200000.0,2183100000.0,8321700000.0,293700000.0,2620800000.0,9304933550.0,13673833550.0,21.038569372695843,1.0270715954376803,0.3918485159641988,1.320788139750368,0.015574556687164622,21.038569372695843,0.024118384477026217,4.229130783565131,26.285123022598867,2.535818812339892,1.2542372881355932,4.8518896833503575,0.011929155582201874,0.17789025169182507,0.7725711144702487,0.007155389180404745,-107.32333967704729,0.35233160621761656,12.389521640091116,-0.598178777799899,-0.061809094994177985,0.3885770203593272,0.2338055069234442,12.346153846153847,2.088397790055249,-0.477587865926264,0.35729759293492586,0.33734249426452484,Utilities—Regulated Gas,Utilities,UGI
2018Q4,2018,Q4,2018-11-20,2018-09-30,-7800000.0,1273100000.0,54300000.0,-0.0439,628300000.0,0.4935197549,11980900000.0,3681400000.0,1888100000.0,1732100000.0,7880900000.0,318200000.0,2610700000.0,9591505000.0,13729105000.0,21.110034348102825,1.0900640840598117,0.38312647630812374,1.2468626066170478,-0.010894493642949523,21.110034348102825,-0.0021187591677079374,7.533976121278768,-307.4200320512821,2.605396044982887,-14.205128205128204,2.0263984915147706,0.011551888885008141,0.10626079843751304,0.7034813232492351,-0.0006510362326703336,-442.0048387096774,0.4935197549289137,0.336858006042296,0.857865678306421,-0.0037406816694627114,0.45875207263043544,-0.11307171089779786,0.3333333333333333,-0.4818702290076336,0.8523878607759084,0.1681565431532012,0.358703603760786,Utilities—Regulated Gas,Utilities,UGI
2018Q3,2018,Q3,2018-08-07,2018-06-30,-11700000.0,1440900000.0,104800000.0,-0.0662,708400000.0,0.4916371712,11876700000.0,3711300000.0,1808200000.0,1566300000.0,7648900000.0,253200000.0,2637200000.0,9059711370.0,13027111370.0,21.330413642084935,1.154440400944902,0.37671238643731003,1.205534448845418,0.13618038325444196,21.330413642084935,-0.0031525341524533184,6.28753651884239,-193.5835762820513,2.4411153423328753,-9.487179487179487,2.8929699842022116,0.012252045950112866,0.12132157922655283,0.851944072016855,-0.000985122129884564,41.31195335157319,0.49163717121243666,-1.0286580086580086,0.2368822000041793,0.03411168934125002,0.4633010455613413,-0.43409490333919154,-1.0286975717439293,-0.8222222222222222,0.2677669404500753,0.24886277264758014,0.34366472488121425,Utilities—Regulated Gas,Utilities,UGI
2018Q2,2018,Q2,2018-05-08,2018-03-31,407700000.0,2812000000.0,589500000.0,2.31,1251800000.0,0.4451635846,12445300000.0,3774300000.0,2222100000.0,1817500000.0,8024300000.0,228300000.0,2656600000.0,7709979400.0,11816779400.0,21.745117243763325,1.2226134800550206,0.3681389761596747,1.2138939670932358,0.055196331443259944,21.745117243763325,0.1080200302042763,2.741813442389758,4.7277283541819966,2.0427574384654106,0.26759872455236694,6.833990363556723,0.014150491763959836,0.22594875173760376,0.9957634112792297,0.03275935493720521,17.95523847228691,0.44516358463726885,0.11594202898550736,0.22819744767676256,0.08915368910333493,0.4895274317295686,0.267260579064588,0.11423886307734353,0.5045941807044411,-0.15652664002515598,0.14239306163187307,0.3432943386466623,Utilities—Regulated Gas,Utilities,UGI
2018Q1,2018,Q1,2018-02-06,2017-12-31,365900000.0,2125200000.0,391800000.0,2.07,987800000.0,0.4648033126,12343900000.0,3501700000.0,2180600000.0,2216000000.0,8261800000.0,307300000.0,2429300000.0,8153806500.000001,12574006500.0,20.162952726435194,0.9840252707581227,0.39425141162841565,1.389782105834309,0.061640529171615305,20.162952726435194,0.10449210383528,3.8367243083003957,5.571062107133097,2.3285280006853815,0.29789559989068054,3.70126911812561,0.013367989539609505,0.17216600912191446,0.7419223826714801,0.029642171436904056,-70.23089147286822,0.4648033126293996,22.951219512195124,1.0945761930769253,0.02642746797368194,0.46541059078670577,0.609581228613329,22.910179640718564,7.945205479452055,1820.8625986065529,0.05573589450430875,0.31771978206300666,Utilities—Regulated Gas,Utilities,UGI
2017Q4,2017,Q4,2017-11-21,2017-09-30,-16700000.0,1113900000.0,43800000.0,-0.0943,613700000.0,0.5509471227,11582200000.0,3163300000.0,1697500000.0,1690100000.0,7841300000.0,278600000.0,2106700000.0,8142815340.0,12123415340.0,18.204052506488498,1.0043784391456128,0.39189445873840895,1.4348939398729175,0.0027606522847751004,18.204052506488498,-0.005279296936743274,7.3101852410449775,-121.89843323353294,2.57415210065438,-6.532934131736527,1.7954055994256999,0.013398314396750155,0.09617343855226122,0.7091296372995681,-0.0014418676935297266,-167.54764074074075,0.5509471227219679,0.7380555555555556,0.7796035836952225,-0.033630276569364195,0.38341342822136226,0.14710280373831774,0.7315112540192926,24.05263157894737,0.7230874129831367,-0.15493814076810317,0.1835406736966434,Utilities—Regulated Gas,Utilities,UGI
2017Q3,2017,Q3,2017-08-04,2017-06-30,-62200000.0,1153500000.0,-1900000.0,-0.36,535000000.0,0.4638058084,11246400000.0,3176700000.0,1567300000.0,1279600000.0,7405300000.0,216100000.0,2151900000.0,8410850219.999999,12104150220.0,18.284007321200402,1.224835886214442,0.38213117086356524,1.3528504422828722,-0.0001993885765665041,18.284007321200402,-0.019580067365505084,7.2915910013003895,-33.805668086816716,2.6476690339031066,-1.752411575562701,2.862100879222582,0.012959450846100076,0.10256615450277422,0.9678024382619569,-0.005530658699672784,64.25401237585943,0.46380580840918945,-1.2045454545454546,0.2087030555335485,-0.12103976385344363,0.36918711866007736,-0.5147832396154544,-1.1994868505452212,-1.0037022603273578,-3.8782718551727124,-0.22718847058322392,0.14187617718164394,Utilities—Regulated Gas,Utilities,UGI
2017Q2,2017,Q2,2017-05-05,2017-03-31,311800000.0,2173800000.0,513200000.0,1.76,1102600000.0,0.5072223756,11385500000.0,3165200000.0,1940300000.0,1367800000.0,7448100000.0,203000000.0,2214200000.0,8577025600.0,12185325600.0,18.230198590056673,1.418555344348589,0.3729392648544201,1.3414950082143309,0.04947475170542152,18.230198590056673,0.0985087830152913,3.9456369491213543,6.87702501603592,2.7097894603816504,0.34060295060936496,5.2768472906403945,0.012381914774744289,0.19092705634359491,1.166033045766925,0.02738570989416363,27.341490596110933,0.5072223755635293,0.3538461538461538,0.3351279264463529,-0.12957176114034163,0.3224808567103313,0.06830733456060459,0.3515387949718249,0.10081510081510081,-0.19998065775778345,-0.3162278876572621,0.12673153739227816,Utilities—Regulated Gas,Utilities,UGI
2017Q1,2017,Q1,2017-02-03,2016-12-31,230700000.0,1679500000.0,466200000.0,1.3,1032100000.0,0.6145281334,11300500000.0,2987700000.0,1909900000.0,1574900000.0,7567400000.0,228200000.0,2035400000.0,7995432960.0,11757332960.0,17.21898197242842,1.2127119182170296,0.3784876775363922,1.431569434682197,0.049294336186887326,17.21898197242842,0.07721658801084447,4.76060313188449,8.664318335500651,2.6761163972286375,0.46033810143042914,2.8369851007887816,0.013282582760846512,0.14862174240077872,0.9448853895485427,0.020415025883810452,-113.41039659574469,0.6145281333730277,2.940298507462687,1.5729878962957544,-0.03503582707958576,0.4537096604543421,1.1386241193535018,2.9939498703543648,6.067391304347826,0.05289855734910907,-0.2801228264064398,0.13647854363739267,Utilities—Regulated Gas,Utilities,UGI
2016Q4,2016,Q4,2016-11-22,2016-09-30,-115700000.0,976200000.0,-92000000.0,-0.67,482600000.0,0.4943659086,10847200000.0,2850900000.0,1423800000.0,1442000000.0,7245400000.0,210300000.0,1840900000.0,7859861880.0,11444261880.0,16.409285299043958,0.987378640776699,0.37679769894535,1.4336525307797539,-0.009722403300202593,16.409285299043958,-0.040583675330597355,8.051487277197296,-16.9832797752809,2.7569756497948017,-0.9170267934312878,2.347123157394199,0.013498964946188085,0.08999557489490376,0.7400832177531207,-0.010666347075743049,-90.86545526011561,0.4943659086252817,-5.1875,-1.2928260051482516,-0.08978397973938941,0.3969091737609551,-0.30839782172542274,-5.045454545454546,-1.5908798972382787,-1.1162621644663873,-0.2332029530812223,0.13391946908488814,Utilities—Regulated Gas,Utilities,UGI
2016Q3,2016,Q3,2016-08-05,2016-06-30,28600000.0,1130800000.0,155700000.0,0.16,697800000.0,0.6170852494,11144200000.0,2949200000.0,1882100000.0,1589300000.0,7307500000.0,184200000.0,1925800000.0,7846123750.0,11237823750.0,17.008564260791832,1.1842320518467249,0.38593169541106587,1.458327682083277,0.00987461709697673,17.008564260791832,0.00969754509697545,6.938560090201627,68.58499781468531,2.6604244371354944,3.7132867132867133,2.3507057546145496,0.013535346036315066,0.10146982286750059,0.9603599068772416,0.002566357387699431,60.9644425019425,0.6170852493809692,-0.9313304721030042,3.052969616578717,-0.008673771454835822,0.3537083425259813,-0.41616465863453816,-0.9299019607843138,-0.7469938251543712,2.871810888472116,-0.1856527766530374,0.16681515342058864,Utilities—Regulated Gas,Utilities,UGI
2016Q2,2016,Q2,2016-05-06,2016-03-31,408000000.0,1972100000.0,615400000.0,2.33,1195200000.0,0.6060544597,10955400000.0,2940200000.0,1707000000.0,1466700000.0,7030400000.0,176500000.0,1906200000.0,6954819510.0,10354719510.0,17.032887457348263,1.163837185518511,0.3528944630045457,1.3149105503027005,0.06609894761565367,17.032887457348263,0.13876607033535135,3.5266059074083462,4.2615315625,2.365423954152779,0.25220588235294117,4.401699716713881,0.014795495390217538,0.18001168373587453,0.9195472830162951,0.03724190810011501,18.888700461705596,0.6060544597129963,1.4270833333333335,0.8357867312335989,-0.12282935879977003,0.33332586275896686,0.3696997478798992,1.4300178677784396,1.0144026186579378,0.2358726156084883,-0.23195113682966614,0.1667425300527793,Utilities—Regulated Gas,Utilities,UGI
2016Q1,2016,Q1,2016-02-05,2015-12-31,167900000.0,1606600000.0,305500000.0,0.96,872600000.0,0.5431345699,10780400000.0,2719400000.0,1674000000.0,1911700000.0,7187900000.0,246800000.0,1712300000.0,5835821120.0,9498921120.0,15.731624070067452,0.8756604069676205,0.377175243961263,1.4952195337206737,0.030542518992891107,15.731624070067452,0.06174156063837611,3.632404531308353,8.689429898749255,2.145995852026182,0.6122692078618225,2.974068071312804,0.017615344590959637,0.14902972060405922,0.6470157451482973,0.015574561240770286,-1296.8491377777777,0.543134569899166,4.2,0.042362484935773805,-0.12438091869769095,0.34278226572202897,0.6078864934586328,4.198095238095238,46.59701492537314,-0.03437228868059546,-0.2204185586338367,0.14334883562600723,Utilities—Regulated Gas,Utilities,UGI
2015Q4,2015,Q4,2015-11-30,2015-09-30,-52500000.0,1082800000.0,-6700000.0,-0.3,542700000.0,0.5012005911,10546600000.0,2692000000.0,1459800000.0,1678900000.0,6974200000.0,239900000.0,1636900000.0,6033087300.0,9553087300.0,15.536894352581307,0.8694978855202812,0.368810801585345,1.4449108469539376,-0.0008363636804595699,15.536894352581307,-0.01950222882615156,5.5717466752862945,-28.72898714285714,2.2411171248142643,-1.958095238095238,2.2513547311379742,0.017039368881666937,0.10266815845865018,0.596521531955447,-0.0049779075721085465,169.94612112676057,0.5012005910602143,-2.311258278145695,-1.7392391210247184,0.167485676047542,0.41651002658412006,-0.03382588570411252,-2.30188679245283,-1.1194295900178253,0.305121587694525,-0.0578787121920626,0.18072326327099458,Utilities—Regulated Gas,Utilities,UGI
2015Q3,2015,Q3,2015-08-07,2015-06-30,-15900000.0,1148100000.0,56100000.0,-0.0906,561700000.0,0.4892430973,10520000000.0,2748500000.0,1558100000.0,1339400000.0,6784400000.0,208700000.0,1685300000.0,5964535200.000001,9358235200.0,15.874803622585713,1.1632820665969836,0.35927756653992393,1.3751500818628344,0.011985836130283738,15.874803622585713,-0.0057849736219756235,5.195135615364516,-93.78200000000001,2.170105584864472,-6.471698113207547,2.809774796358409,0.017251972961782505,0.10913498098859316,0.8375391966552188,-0.0015114068441064638,27.950024367385197,0.4892430972911767,-1.0329454545454544,-2.5974190809537014,0.13420874675713013,0.509707588788499,-0.5507118860982243,-1.0329738697635835,-0.9200968523002422,0.7970151312534994,-0.1220924517812608,0.18877531875083944,Utilities—Regulated Gas,Utilities,UGI
2015Q2,2015,Q2,2015-05-08,2015-03-31,482200000.0,2455600000.0,702100000.0,2.75,1250200000.0,0.5091220068,10182700000.0,2803000000.0,1959000000.0,1849700000.0,6299000000.0,201500000.0,1715000000.0,5643088860.000001,8716188860.0,16.18790209870982,1.0590906633508137,0.34554685888811415,1.2552978951123797,0.08318560784490406,16.18790209870982,0.17202996789154476,2.298048892327741,2.925699326005807,2.0132318444523727,0.20406470344255495,5.982133995037221,0.017437258643486962,0.24115411433116954,0.829107422825323,0.04735482730513518,10.50072359508746,0.5091220068415051,2498.9999999999995,0.9599854440996388,0.0958949542939452,0.48908341739804995,1.0836666666666666,2410.0,7.428571428571429,1.0703854362231802,-0.01406509700258243,0.17432569536140083,Utilities—Regulated Gas,Utilities,UGI
2015Q1,2015,Q1,2015-02-06,2014-12-31,200000.0,2004600000.0,83300000.0,0.0011,600000000.0,0.2993115834,10430000000.0,2646300000.0,2039600000.0,1968800000.0,6875300000.0,391000000.0,1506000000.0,6568451099.999999,10105151100.0,15.30139639769869,1.0359609914668835,0.37840843720038353,1.4914408797188528,0.00010844996423950248,15.30139639769869,7.557722102558288e-05,3.2766891649206817,8210.563875,2.482126402902165,491.5,3.5923273657289,0.014965476411935229,0.19219558964525407,0.7229784640390086,1.9175455417066155e-05,-58.076490716180366,0.29931158335827596,1.0031428571428571,-0.9986995806127507,0.17152338888510166,0.48861078743469494,0.21605188488042157,1.0033333333333334,9.861702127659575,-0.9977620949853501,0.1555278367359639,0.29181782043754473,Utilities—Regulated Gas,Utilities,UGI
2014Q4,2014,Q4,2014-11-28,2014-09-30,-60000000.0,1311400000.0,-9400000.0,-0.35,493400000.0,0.3762391338,10093000000.0,2659100000.0,1663000000.0,1430900000.0,6429800000.0,423000000.0,1509400000.0,5893547380.000001,9195647380.0,15.381011325644081,1.1622056048640717,0.36873080352719706,1.3995712835169793,-0.00129606386782134,15.381011325644081,-0.022564025422135307,4.494088287326522,-24.556447416666668,2.2163692151479824,-1.6383333333333334,1.933806146572104,0.016679258460462226,0.12993163578717923,0.7816758683346146,-0.005944714158327554,368.34671125000006,0.37623913375019064,-3.8409405255878277,-0.8026663934277221,0.44432534839879556,0.5813572065796903,-0.11924312745448054,-3.7244094488188977,-1.1499202551834131,-0.19489991506671858,0.22880619178684983,0.3093730428201636,Utilities—Regulated Gas,Utilities,UGI
2014Q3,2014,Q3,2014-08-07,2014-06-30,-12700000.0,1486700000.0,62700000.0,-0.0723,560200000.0,0.3768076949,10077700000.0,2771000000.0,1638900000.0,1214200000.0,6196900000.0,332000000.0,1566700000.0,5826190768.5,9040490768.5,16.012250440611368,1.3497776313622138,0.36245373448306656,1.3181883796463372,-0.04958450737114124,16.012250440611368,-0.004583182966438109,3.918874533194323,-114.68879465551181,2.102558920425839,-7.448818897637795,2.7906626506024095,0.01623702411384575,0.147523740536035,1.0144951408334706,-0.0012602081824225767,21.263469958029198,0.3768076948947333,-1.0327149321266968,0.020174293115379285,0.45432988351738696,0.6473210697721876,-0.5179001721170395,-1.0327488396080453,-0.8934760448521917,0.08657555883004443,0.30588988168885556,0.2744119181204662,Utilities—Regulated Gas,Utilities,UGI
2014Q2,2014,Q2,2014-05-09,2014-03-31,387800000.0,3163300000.0,588600000.0,2.21,1162000000.0,0.3673379066,10720500000.0,2795200000.0,2281100000.0,1655300000.0,6718400000.0,324400000.0,1579900000.0,5253046288.650001,8633146288.650002,16.179718047343272,1.3780583580015706,0.3613357585933492,1.385840011448197,0.06468984279417783,16.179718047343272,0.1387378362907842,1.660622226361711,3.3864403614298606,1.8793096338902404,0.2333677153171738,6.169235511713933,0.01722809871208234,0.29507019262161277,1.1276505769346947,0.03617368592882795,16.477560503920955,0.36733790661650806,0.782258064516129,0.5096009522324159,0.39278461715157553,0.7018216760120207,0.3115124153498871,0.7829885057471264,0.6183667858124828,0.7434782187067882,0.4058603859426222,0.26654019048097005,Utilities—Regulated Gas,Utilities,UGI
2014Q1,2014,Q1,2014-02-07,2013-12-31,217500000.0,2315900000.0,363700000.0,1.24,886000000.0,0.3825726499,10663500000.0,2609600000.0,2227500000.0,1879500000.0,6944800000.0,412400000.0,1397900000.0,4760644500.0,8380344500.0,15.151172073445098,1.1851556264964087,0.37865616354855347,1.5472869405272838,0.03909363929034806,15.151172073445098,0.08334610668301655,2.0556347424327477,5.472005172413793,1.8242813074800737,0.41563218390804596,3.4672647914645975,0.018989025540554434,0.21718010034228913,0.8983772279861665,0.020396680264453508,-79.08047342192691,0.3825726499417073,5.0,0.7841294420673074,0.22730657456822273,0.7469853467680824,0.8268041237113402,5.012915129151292,190.42105263157896,0.35518678493921324,0.2667738144105543,0.2932374352775713,Utilities—Regulated Gas,Utilities,UGI
2013Q4,2013,Q4,2013-12-16,2013-09-30,-54200000.0,1262100000.0,1900000.0,-0.31,485000000.0,0.384280168,10008800000.0,2492500000.0,1627300000.0,1424900000.0,6460900000.0,365500000.0,1308300000.0,4493107991.25,7941107991.25,14.471296901081356,1.142045055793389,0.38339261449924067,1.5395386158475426,0.00024838284629182834,14.471296901081356,-0.021745235707121363,3.560025347634894,-20.72466785631919,1.8026511499498497,-1.6678966789667897,2.1261285909712724,0.020119703371485262,0.12609903285109103,0.8097410344585585,-0.005415234593557669,-56.659621579445144,0.38428016797401154,-2.579676674364896,-7.108599767071354,0.00029015329122574136,0.6570589361176151,-0.10911094783247612,-2.589403973509934,-0.9642184557438794,-1.8448086407482085,0.3689267507158146,0.31935872722541725,Utilities—Regulated Gas,Utilities,UGI
2013Q3,2013,Q3,2013-08-02,2013-06-30,-15100000.0,1372300000.0,53100000.0,-0.0866,544400000.0,0.3967062596,9828800000.0,2497900000.0,1562000000.0,1325700000.0,6198700000.0,304000000.0,1361900000.0,4421088000.0,7648988000.0,14.576914098972923,1.1782454552311985,0.3692922839003744,1.4531006045077866,0.021451181913813237,14.576914098972923,-0.006045077865406942,3.2216629016978793,-73.19682119205298,1.7699219344249169,-5.973509933774834,2.723355263157895,0.020402217734639076,0.13962029952791796,0.879686203515124,-0.0015363014813608985,44.74785425101214,0.3967062595642352,-1.0458201058201058,-1.9043744647540546,-0.03182229890380508,0.4839525108280613,-0.47477086348287506,-1.0462906192519927,-0.890785684903332,-2.4518251050420172,0.3697467061208516,0.3862771697551854,Utilities—Regulated Gas,Utilities,UGI
2013Q2,2013,Q2,2013-05-15,2013-03-31,326200000.0,2537100000.0,486200000.0,1.89,1036500000.0,0.4085373064,10236300000.0,2490000000.0,2021600000.0,1618700000.0,6519000000.0,292400000.0,1379400000.0,4348226474.55,7582526474.55,14.598668531074937,1.2489034410329276,0.35956351416039,1.478152610441767,0.06030565946575535,14.598668531074937,0.13100401606425702,1.7138569526427812,3.332485035675966,1.7462756925903615,0.2633353770692827,5.132010943912449,0.019755180762264648,0.24785322821722694,1.0008031136096869,0.03186698318728447,12.20726129856822,0.40853730637341845,0.9090909090909091,1.436847640263522,0.01206671459947502,0.5122341999625648,0.2885380407757335,0.9109548916227299,0.6420128335021952,0.34603398758372744,0.14946384939802737,0.34289391504579286,Utilities—Regulated Gas,Utilities,UGI
2013Q1,2013,Q1,2013-02-08,2012-12-31,170700000.0,2023200000.0,296100000.0,0.99,804400000.0,0.3975879794,10167500000.0,2335000000.0,1919700000.0,1783200000.0,6722000000.0,378500000.0,1238100000.0,3700684216.7999997,7208584216.799999,13.7592514024419,1.0765477792732168,0.37924760265552004,1.6513918629550322,0.034623209509988026,13.7592514024419,0.07310492505353319,1.8291242669039145,5.419865578207381,1.5848754675802996,0.5026362038664324,3.220079260237781,0.02318490175694907,0.19898696828128842,0.7886384028712428,0.016788787804278338,-61.4731597475083,0.39758797943851326,3.302325581395349,1.0176664258061092,0.08411103203182352,0.5734110392837992,0.7753255352019421,3.306756756756757,11.317073170731707,0.13110492325995388,0.20497485841741384,0.33858175635404475,Utilities—Regulated Gas,Utilities,UGI
2012Q4,2012,Q4,2012-11-21,2012-09-30,-74000000.0,1125700000.0,-28700000.0,-0.43,453100000.0,0.4025051079,9709700000.0,2233100000.0,1504500000.0,1487000000.0,6390900000.0,356900000.0,1166100000.0,3518523943.2,6878023943.2,13.158794135671522,1.011768661735037,0.3789406469818841,1.6476646813846223,-0.004100514543330726,13.158794135671522,-0.033137790515426986,3.125632000710669,-11.886905213513513,1.5756230993685907,-1.1567567567567567,1.8845615018212385,0.024328383544307837,0.1159356107809716,0.6735709482178883,-0.007621244734646797,92.34970979527559,0.4025051079328418,0.04444444444444448,-7.53963900200503,0.13870124528386724,0.5974063341723373,-0.029764453961456102,0.032679738562091505,-0.48704663212435234,-1.2649234633748845,0.2630199753368533,0.3528859381079325,Utilities—Regulated Gas,Utilities,UGI
2012Q3,2012,Q3,2012-08-08,2012-06-30,-76500000.0,1277200000.0,-19300000.0,-0.45,467000000.0,0.3656435954,9652200000.0,2258000000.0,1537300000.0,1313300000.0,6215400000.0,317300000.0,1211200000.0,3317526180.0,6629526180.0,13.35391421085937,1.1705627046371736,0.3883570584944365,1.6600974313551815,-0.003053524313463727,13.35391421085937,-0.03387953941541187,2.5974993579705608,-10.841588823529413,1.469232143489814,-1.118954248366013,2.5534194768358023,0.025802358551395062,0.13232216489504983,0.819614711033275,-0.0079256542549885,22.446049932341,0.36564359536486063,-1.335820895522388,-7.293912750347322,0.12222770560255258,0.6427470820752089,-0.4816294816294816,-1.3370044052863437,-1.0506827731092436,-5.040534090641373,0.2786959584030518,0.3738346352418754,Utilities—Regulated Gas,Utilities,UGI
2012Q2,2012,Q2,2012-05-04,2012-03-31,227000000.0,2427500000.0,380800000.0,1.34,900900000.0,0.3711225541,10129400000.0,2326400000.0,1920700000.0,1470800000.0,6463300000.0,347800000.0,1247900000.0,3065903125.5,6465303125.5,13.784848754184813,1.3058879521348925,0.3753233162872431,1.6341987620357634,0.04669164137105771,13.784848754184813,0.09757565337001375,1.2629878992790937,3.3765452924008805,1.3178744521578405,0.3365638766519824,4.389304197814836,0.024919247892915854,0.2396489426816988,0.9713761218384552,0.022410014413489446,10.492481606776181,0.3711225540679712,1.627450980392157,0.7848024897324712,0.14588819815808807,0.6906075581098332,0.5347529812606474,1.6091954022988506,1.0223048327137547,-0.09543502391736662,0.09411349171744175,0.4499235612001945,Utilities—Regulated Gas,Utilities,UGI
2012Q1,2012,Q1,2012-02-03,2011-12-31,87000000.0,1688800000.0,188300000.0,0.51,587000000.0,0.3475840834,7153900000.0,1994200000.0,1668000000.0,1564800000.0,4954200000.0,390700000.0,1143600000.0,3299856000.0000005,5655256000.0,11.844856260394392,1.0659509202453987,0.3612574959113211,1.2959582790091264,0.02975022691693798,11.844856260394392,0.04362651689900712,1.953964945523449,9.482344827586207,1.6547267074516099,0.6114942528735632,2.8200665472229334,0.016121915622984758,0.2360670403556102,0.7193890593047034,0.012161198786675799,-30.053333333333338,0.3475840833728091,2.7586206896551726,0.3264775918669549,0.08929583252633302,0.6252922586315778,0.6970222607690084,2.7791411042944785,42.84444444444444,-0.26991210554034717,-0.08441161565711931,0.3657550862187541,Utilities—Regulated Gas,Utilities,UGI
2011Q4,2011,Q4,2011-11-21,2011-09-30,-48900000.0,1039300000.0,-4500000.0,-0.29,345900000.0,0.3328201674,6663300000.0,1977700000.0,1306100000.0,1077900000.0,4472200000.0,363000000.0,1085800000.0,2948539188.0,5006439188.0,11.746851983844143,1.2117079506447723,0.3446340401902961,1.161146786671386,-0.0007884306746935037,11.746851983844143,-0.02472569145977651,2.8370433830462813,-15.074331226993866,1.4908930515244982,-1.0858895705521472,1.9101928374655648,0.018008917845184835,0.15597376675220986,0.7599962890806197,-0.00733870604655351,-105.68240817204301,0.3328201674203791,-2.6114570361145706,-10.53772496436208,0.11653020338967922,0.6974500236203302,-0.07612179487179487,-2.6222222222222222,-1.2616279069767442,-6.4841801581644765,-0.15732142861423992,0.345092024863739,Utilities—Regulated Gas,Utilities,UGI
2011Q3,2011,Q3,2011-08-05,2011-06-30,-13500000.0,1105400000.0,17200000.0,-0.0803,374400000.0,0.3387009227,6673700000.0,2111200000.0,1290200000.0,1034900000.0,4292800000.0,271600000.0,1137300000.0,3572317800.0000005,5538617800.0,12.564423019698863,1.2466905014977292,0.34225392211217165,1.081896551724138,0.0029349532455122517,12.564423019698863,-0.006394467601364153,3.2316969422833366,-66.15403333333333,1.6920792913982572,-3.925925925925926,2.691458026509573,0.014836305997187594,0.1656352548061795,0.8898444294134699,-0.002022865876500292,36.752240740740746,0.3387009227428985,-1.063228346456693,-1.6805700758172482,0.13380242554647412,0.7432435370271425,-0.5054814423457932,-1.0626159554730983,-0.9518207282913165,-1.8245703963236772,-0.20466865508924506,0.27907779112876374,Utilities—Regulated Gas,Utilities,UGI
2011Q2,2011,Q2,2011-05-06,2011-03-31,215600000.0,2181000000.0,357000000.0,1.27,757100000.0,0.347134342,6894400000.0,2139200000.0,1579100000.0,1227900000.0,4451300000.0,222100000.0,1173500000.0,3672851718.1499996,5662851718.15,12.774737168979222,1.286016776610473,0.3318780459503365,1.069605459985041,0.0572821520630329,12.774737168979222,0.10078534031413612,1.6840218790233836,4.258872585980983,1.7169276917305534,0.23562152133580705,6.411076091850518,0.013831214516220042,0.31634369923416106,1.0179982083231534,0.031271756788117895,14.912106042021923,0.34713434204493354,0.3804347826086956,0.9566071284609939,0.11539791999200927,0.8172954749903183,0.25555555555555554,0.3909677419354839,0.4149821640903686,0.6405136913633291,-0.11383640412649766,0.3232983817217248,Utilities—Regulated Gas,Utilities,UGI
2011Q1,2011,Q1,2011-02-04,2010-12-31,155000000.0,1765600000.0,252300000.0,0.92,603000000.0,0.3415269597,6807800000.0,1948800000.0,1635100000.0,2024100000.0,4598000000.0,387300000.0,1052000000.0,3502026975.3,5632926975.3,11.715692463072845,0.807815819376513,0.333485120009401,1.1649733169129721,0.04236252244894669,11.715692463072845,0.07953612479474548,1.9834769909945629,5.648430605322581,1.7970171260775862,0.32645161290322583,3.0018073844564936,0.0144487750542428,0.25934956961132816,0.5169211007361296,0.022768001410147183,-28.799563941611844,0.3415269596737653,9.363636363636363,1.556195066028585,0.06106742728025197,0.8246254033461955,0.9106463878326996,9.423913043478262,12.420212765957446,0.8691334743087994,-0.03479394293768559,0.339724038400908,Utilities—Regulated Gas,Utilities,UGI
2010Q4,2010,Q4,2010-11-19,2010-09-30,-18400000.0,890400000.0,18800000.0,-0.11,315600000.0,0.3544474394,6374300000.0,1824500000.0,1220100000.0,1674700000.0,4312700000.0,314000000.0,966700000.0,3172671795.2999997,5118171795.299999,10.968432316746924,0.7285483967277722,0.34610859231601904,1.2092080021923814,0.006452730929216011,10.968432316746924,-0.01008495478213209,3.5631983325471697,-43.10695374048913,1.7389267170731706,-2.739130434782609,1.8305732484076433,0.015885664591800082,0.13968592629778956,0.44336299038633786,-0.00288659146886717,-87.1613130576923,0.35444743935309975,-3.3478260869565215,-1.0055279049745962,0.04743328083469588,0.7342734118867625,-0.08891454965357967,-3.380952380952381,-0.3974358974358974,-2.658947527393761,-0.08110677017706472,0.33150827333145777,Utilities—Regulated Gas,Utilities,UGI
2010Q3,2010,Q3,2010-08-06,2010-06-30,-4200000.0,961900000.0,31200000.0,-0.0253,346400000.0,0.3601205947,5831600000.0,1730000000.0,1111600000.0,1333500000.0,3837600000.0,249200000.0,992100000.0,2790335520.0,4613435520.0,10.515151238873237,0.8335958005249344,0.35408807188421704,1.1935838150289018,0.008030361433674447,10.515151238873237,-0.0024277456647398845,2.9008582181099904,-166.09140000000002,1.6129107052023124,-22.30952380952381,2.469903691813804,0.033580191101893,0.16494615542904179,0.558830146231721,-0.0007202140064476301,21.563643894899535,0.36012059465640917,-1.0179432624113476,-6.706189655643993,-0.018984123366585223,0.6800619667558641,-0.5402176798513406,-1.018041237113402,-0.9147540983606557,-1.355134896652765,-0.13136609430535187,0.2935333972111016,Utilities—Regulated Gas,Utilities,UGI
2010Q2,2010,Q2,2010-05-07,2010-03-31,232800000.0,2120300000.0,366000000.0,1.41,753400000.0,0.3553270764,6318800000.0,1781200000.0,1516900000.0,1692500000.0,4227500000.0,223900000.0,1016200000.0,2899011818.4,4858011818.4,10.871051218202236,0.896248153618907,0.35286763309489144,1.2517965416573096,0.06400515810445462,10.871051218202236,0.13069840556927914,1.367264924020186,3.1131999768041236,1.6275610927464632,0.09321305841924399,6.104957570343903,0.0074853092568544595,0.33555421915553585,0.6934711964549483,0.03684243843767804,13.396542598890942,0.3553270763571193,0.6022727272727272,0.8819989233362192,0.1243865180945407,0.6556242314504372,0.27263513513513515,0.6,0.5049342105263158,0.8853349612371548,0.030911918218257027,0.33325230344021,Utilities—Regulated Gas,Utilities,UGI
2010Q1,2010,Q1,2010-02-05,2009-12-31,145500000.0,1618800000.0,243200000.0,0.88,592000000.0,0.3657029899,6452700000.0,1681800000.0,1595900000.0,1386300000.0,4500300000.0,387400000.0,880800000.0,2638578083.85,4762278083.85,10.278977236264291,1.151193825290341,0.36253041362530414,1.3909501724342965,0.04210516796625075,10.278977236264291,0.08651444880485194,1.6299592808561898,4.533639319329897,1.5689012271673206,0.15051546391752577,2.650490449148167,0.008299924923216708,0.2508717281138128,0.7412536968910048,0.02254870054395834,-45.571296784974095,0.3657029898690388,5.631578947368421,0.7526549852497496,0.11867947559176152,0.723848236787296,0.7858220211161387,5.619047619047619,25.32,1.2827488453081481,0.07442298537678095,0.4104301277687518,Utilities—Regulated Gas,Utilities,UGI
2009Q4,2009,Q4,2009-11-20,2009-09-30,-31500000.0,859300000.0,-10000000.0,-0.19,331500000.0,0.3857791225,6042600000.0,1591400000.0,1185100000.0,1097300000.0,4225800000.0,363200000.0,804300000.0,2733475073.8500004,4749575073.85,9.72646234617136,1.0800145812448738,0.38000198590010925,1.4428804825939425,-0.0018249291579881144,9.72646234617136,-0.019793892170415987,3.18104861381357,-21.694246617857143,1.717654313089104,-0.692063492063492,1.453193832599119,0.00797519619203825,0.1422069969880515,0.6251708739633646,-0.005212987786714328,-164.667173123494,0.3857791225416036,-1.5367156208277706,-10.41241085161435,0.07781709367234166,0.7972207525675845,-0.10550458715596331,-1.5819672131147542,-1.3472222222222223,-6.647796969113561,-0.050076058858005215,0.40549857629583314,Utilities—Regulated Gas,Utilities,UGI
2009Q3,2009,Q3,2009-08-07,2009-06-30,-12200000.0,962200000.0,28800000.0,-0.0749,370600000.0,0.3851590106,5901300000.0,1583300000.0,1161200000.0,946300000.0,4059200000.0,269100000.0,837000000.0,2768004650.4,4752904650.4,9.720175826334659,1.227095001585121,0.3770355684340739,1.4052927430051159,0.015907179146818155,9.720175826334659,-0.0077054253773763655,2.876745635418832,-56.72140677049181,1.7482502686793409,-1.6229508196721312,2.198439241917503,0.0071531671730171165,0.16304881975158017,0.7340166966078411,-0.0020673410943351463,36.373254275952696,0.38515901060070673,-1.050608108108108,-2.3783504431753832,0.09580278994272413,0.6038762629291211,-0.5108882143328494,-1.0504549214226633,-0.9231590181430096,-1.6344488992403692,0.018077901125464507,0.3486201205944018,Utilities—Regulated Gas,Utilities,UGI
2009Q2,2009,Q2,2009-05-08,2009-03-31,241800000.0,2137800000.0,374800000.0,1.48,757700000.0,0.3544297876,6136800000.0,1546000000.0,1499600000.0,1283500000.0,4342700000.0,173500000.0,862300000.0,2559512880.0,4630412880.0,9.507293434678868,1.1683677444487728,0.36884043801329686,1.4641009055627425,0.07013455685513129,9.507293434678868,0.15640362225097024,1.1972648891383666,2.6463119106699753,1.6555710737386804,0.2576509511993383,7.954466858789625,0.02434056905390529,0.34835745013687913,0.7881573821581612,0.03940164254986312,5.855668908716541,0.3544297876321452,1.1142857142857143,1.9450750220973456,0.32701492674844823,0.4125106490648603,-0.5739668259769468,1.1044386422976502,0.5481206113176373,1.2597375193712639,0.12586952136685606,0.35247881108677626,Utilities—Regulated Gas,Utilities,UGI
2009Q1,2009,Q1,2009-02-09,2008-12-31,114900000.0,1778500000.0,242100000.0,0.7,1778500000.0,1.0,6446200000.0,1407900000.0,1795900000.0,1799100000.0,4900900000.0,345200000.0,725000000.0,2642830080.0,4960330080.0,8.672752808988765,0.9982213328886665,0.40479662436784464,1.8533986788834433,0.03781744718701121,8.672752808988765,0.08161090986575752,1.4859882372786055,5.750283028720626,1.8771433198380567,0.18102697998259357,0.0,0.007870350862663104,0.27589897924358536,0.5845700628091823,0.01782445471750799,-19.826182145536386,1.0,19.18181818181818,1.344412571939376,0.5754617011736072,0.8314100768202582,0.4955432223343424,19.238095238095237,36.828125,0.9416314150361249,0.09518881431518113,0.3507118885290752,Utilities—Regulated Gas,Utilities,UGI
2008Q4,2008,Q4,2008-11-21,2008-09-30,-6300000.0,1189200000.0,6400000.0,-0.0385,1189200000.0,1.0,5685000000.0,1417700000.0,1338600000.0,1184200000.0,4108100000.0,400800000.0,630900000.0,2790020131.2,4680020131.2,8.733121427163415,1.1303833811856105,0.38795074758135445,1.555688791704874,0.001040026578457005,8.733121427163415,-0.004443817450800592,2.3461319636730575,-110.71508457142855,1.9679904995415105,-16.126984126984127,0.0,0.03641550785380943,0.2091820580474934,0.6785171423745989,-0.0011081794195250659,84.29063840483383,1.0,-1.4126473740621652,0.10936806992903601,0.7857688269101166,0.9697342338623385,-0.10774309723889555,-1.4012738853503184,-0.8712273641851107,0.296383681865454,0.4334435193697142,0.380837284356791,Utilities—Regulated Gas,Utilities,UGI
2008Q3,2008,Q3,2008-08-08,2008-06-30,15700000.0,1332800000.0,49700000.0,0.0933,1332800000.0,1.0,5967300000.0,1582800000.0,1441200000.0,1118900000.0,4140800000.0,318000000.0,658000000.0,3084056910.0,5015356910.0,9.823032740339412,1.2880507641433552,0.369983074422268,1.3948698508971442,0.007624025122574165,9.823032740339412,0.009919130654536265,2.313968269807923,49.109186464968154,1.948481747536012,1.3184713375796178,0.0,0.006711938399346853,0.2233505940710204,0.8661185092501564,0.0026310056474452433,22.998187248322147,1.0,-0.8803846153846154,8.755474953686896,0.690580918015044,1.0643443705947941,-0.43561295786576326,-0.8754956383822363,-0.8362977602108037,20.779439242393412,0.3879097444089654,0.5694784915913685,Utilities—Regulated Gas,Utilities,UGI
2008Q2,2008,Q2,2008-05-09,2008-03-31,126100000.0,2361500000.0,303600000.0,0.78,2361500000.0,1.0,6127500000.0,1551100000.0,1634300000.0,1322200000.0,4323400000.0,228900000.0,663000000.0,2669325364.2,4721325364.2,9.653708751882695,1.236045983966117,0.3741003671970624,1.477854425891303,0.04854269809230192,9.653708751882695,0.0812971439623493,1.1303516257463475,5.292080420697858,1.7209240952872153,0.1570182394924663,0.0,0.007417604562392523,0.3853937168502652,0.9456965663288459,0.02057935536515708,13.380077013533834,1.0,0.5918367346938777,0.4072407483475858,0.6286894307890875,1.0627243853920934,0.3381877939593132,0.57625,0.6270096463022508,0.039553919395874826,0.27703207373209454,0.4702271024370417,Utilities—Regulated Gas,Utilities,UGI
2008Q1,2008,Q1,2008-02-08,2007-12-31,80000000.0,1764700000.0,186600000.0,0.49,1764700000.0,1.0,6068100000.0,1403300000.0,1697500000.0,1478000000.0,4451100000.0,393600000.0,556700000.0,2915237599.0499997,5083837599.049999,8.744855005405944,1.14851150202977,0.3956098284471251,1.7106819639421365,0.030540026348137683,8.744855005405944,0.0570084800114017,1.6519734793732643,9.110117497031249,2.0774158049241076,0.24625,0.0,0.006757596707184251,0.2908159061320677,0.7679972936400541,0.013183698356981592,-21.6907559453125,1.0,6.424242424242424,0.6805462924355842,0.8587982762516202,1.0772394043610427,0.8877834830979888,6.4766355140186915,6.620481927710843,-0.017460638073481624,0.2433972193690215,0.46656642344197474,Utilities—Regulated Gas,Utilities,UGI
2007Q4,2007,Q4,2007-11-29,2007-09-30,10700000.0,934800000.0,-33200000.0,0.066,934800000.0,1.0,5502700000.0,1321900000.0,1173600000.0,1057500000.0,3988600000.0,359500000.0,497500000.0,2806116979.0499997,4793916979.049999,8.237599823021533,1.1097872340425532,0.40932633071037855,1.7039110371435056,-0.006581939908393123,8.237599823021533,0.0080944095619941,3.001836734114249,65.56348081892523,2.1227906642333005,1.841121495327103,0.0,0.007020377321072822,0.1698802406091555,0.6850118203309693,0.0019444999727406547,93.22647770930232,1.0,-0.09959072305593453,2.263497086568473,0.8972382946504521,2.2468552923616927,-0.13187221396731055,-0.06956521739130435,-1.7811764705882354,4.952548008165361,0.19548874185021178,0.522114086948477,Utilities—Regulated Gas,Utilities,UGI
2007Q3,2007,Q3,2007-08-09,2007-06-30,11500000.0,1076800000.0,42500000.0,0.0733,1076800000.0,1.0,5223000000.0,1300500000.0,1042800000.0,806100000.0,3721500000.0,249600000.0,506800000.0,2909553732.7499995,4861553732.75,8.129014110918382,1.2936360253070338,0.4104729082902546,1.6485198000768935,0.007166514758548206,8.129014110918382,0.008842752787389465,2.702037270384472,63.251168103260866,2.2372577722029985,1.7130434782608697,0.0,0.006770797795640058,0.2061650392494735,0.8706115866517802,0.0022017997319548153,35.18202820737605,1.0,-0.9022666666666667,1.231396793399278,0.8726090402301766,2.0707863968103712,-0.46216472703661154,-0.9043261231281198,-0.8543522960932145,0.32286117890529814,0.24858670990858361,0.34132684495217475,Utilities—Regulated Gas,Utilities,UGI
2007Q2,2007,Q2,2007-05-10,2007-03-31,120200000.0,2002100000.0,291800000.0,0.75,2002100000.0,1.0,5439900000.0,1300500000.0,1320400000.0,1048800000.0,4139400000.0,202600000.0,514600000.0,2840106326.5499997,4810806326.549999,8.153783938832513,1.2589626239511824,0.3998970569311936,1.6727412533640906,0.051457050389320955,8.153783938832513,0.09242599000384467,1.418563671420009,5.907043108465058,2.1838572291810845,0.15557404326123128,0.0,0.00658426053461023,0.3680398536737808,0.9413615560640732,0.02209599441166198,16.303710255740526,1.0,0.923076923076923,0.7286194367901491,1.0350781487384473,2.0512026076242966,3.2706911262798637,0.9418416801292407,0.8090514569125853,0.49260869606046,0.26705636500988156,0.21141802584575123,Utilities—Regulated Gas,Utilities,UGI
2007Q1,2007,Q1,2007-02-08,2006-12-31,61900000.0,1463200000.0,161300000.0,0.39,468800000.0,0.3203936577,5377100000.0,1158000000.0,1272100000.0,1207800000.0,4066800000.0,340800000.0,413100000.0,,,,,,,,,,,,,,,,,,,,,,,,,,,,,,,Utilities—Regulated Gas,Utilities,UGI
