Quarters,Year,Quarter,FillingDate,Date,NetIncome,Revenue,OperatingIncome,EPSDiluted,GrossProfit,GrossProfitRatio,TotalAssets,CommonStockEquity,CurrentAssets,CurrentLiability,TotalLiability,Inventory,RetainedEarnings,MarketCap,EnterpriseValue,bookValuePerShare,currentRatio,debtToAssets,debtToEquity,roic,shareholdersEquityPerShare,roe,priceToSalesRatio,peRatio,pbRatio,payoutRatio,inventoryTurnover,dividendYield,assetTurnover,quickRatio,returnOnAssets,priceToFreeCashFlowsRatio,grossProfitMargin,epsdilutedGrowth,fiveYNetIncomeGrowthPerShare,fiveYRevenueGrowthPerShare,fiveYShareholdersEquityGrowthPerShare,grossProfitGrowth,netIncomeGrowth,operatingIncomeGrowth,threeYNetIncomeGrowthPerShare,threeYRevenueGrowthPerShare,threeYShareholdersEquityGrowthPerShare,Industry,Sector,Symbol
2023Q1,2023,Q1,2023-05-15,2023-03-31,-4617707.0,0.0,-4860678.0,-2.22,0.0,0.0,15852474.0,10405880.0,14839000.0,4438246.0,4438246.0,0.0,-83885313.0,3458658.5982,-9066110.4018,5.006988982668767,3.343437925703082,0.002336796136678729,0.0035599103583743037,-0.4578750351927759,5.006988982668767,-0.4437593937273926,0.0,-0.1872497864307978,0.3323754068084583,0.0,0.0,0.0,0.0,2.83035527999124,-0.2912925137111091,-0.6726057709787564,0.0,0.7716049382716049,0.99476044552174,-1.0,-0.9990261100260416,0.0,0.6713923324234731,0.6033929811818268,0.9802341813678568,-1.0,-0.9922248811101481,Biotechnology,Healthcare,ENVB
2022Q4,2022,Q4,2023-03-31,2022-12-31,-14052341.0,0.0,-12255653.0,-9.72,0.0,0.0,19552925.0,14671924.0,18431937.0,3995973.0,3995973.0,0.0,-79207786.0,3007694.56,-14652369.44,10.146509664199412,4.612628013252341,0.003263961785768625,0.004349804429194154,-1.1449148339493986,10.146509664199412,-0.9577708417791695,0.0,-0.053508781205921487,0.20499660167269135,0.0,0.0,0.0,0.0,4.435436375571106,-0.7186822943370366,-0.867193117108909,0.0,-26.578947368421055,0.9690057172093653,-1.0,-0.9982955401503092,0.0,-21.462686936641767,-1.166515846542837,0.9586680990676488,-1.0,-0.9897260058785726,Biotechnology,Healthcare,ENVB
2022Q3,2022,Q3,2022-11-14,2022-09-30,686730.0,0.0,-5656849.0,0.38,0.0,0.0,30855410.0,22840286.0,22266800.0,2598228.0,7253690.0,0.0,-70529884.0,7542131.699999999,-13570104.3,12.779676987077805,8.569994627107398,0.00575386941868541,0.007773020005091004,0.06782090515120469,12.779676987077805,0.03006661124996421,0.0,2.7456684941680134,0.3302117889416971,0.0,0.0,0.0,0.0,8.159793905692649,0.022256388749979338,-1.650703079551468,0.0,1.4523809523809523,1.0002776185217872,-1.0,-0.9969174551205817,0.0,1.7791434221588376,-0.20185652165322251,-0.8999366039974791,-1.0,-0.9896246954208152,Biotechnology,Healthcare,ENVB
2022Q2,2022,Q2,2022-08-12,2022-06-30,-881391.0,0.0,-4706759.0,-0.84,0.0,0.0,28572029.0,21965393.0,19369277.0,2324643.0,5968796.0,0.0,-68050972.0,11291038.4,-6596945.6,20.844777748253872,8.332151216337305,0.00423375602761708,0.005507163017752516,-0.06694397259212914,20.844777748253872,-0.04012634784180734,0.0,-3.2026190419461966,0.5140376227277154,0.0,0.0,0.0,0.0,7.746974911846679,-0.030848036728508152,-2.433891833912183,0.0,0.8323353293413174,0.9992925108565883,-1.0,-0.9955240691184609,0.0,0.7925184408357256,0.01857566289152381,0.9932537153783412,-1.0,-0.9805484073118287,Biotechnology,Healthcare,ENVB
2022Q1,2022,Q1,2022-05-13,2022-03-31,-4248045.0,0.0,-4795845.0,-5.01,0.0,0.0,32179012.0,24441698.0,22665434.0,2093520.0,7737314.0,0.0,-65260467.0,13977727.5,-7565490.5,28.852187667845147,10.82647120638924,0.004702350712321435,0.006190936488946063,-0.18199295337139998,28.852187667845147,-0.17380318666894584,0.0,-0.8225976596293118,0.5718803783599651,0.0,0.0,0.0,0.0,10.362707306354848,-0.13201290953246173,-2.765431061908244,0.0,0.9704720928861909,0.9848269479796891,-1.0,-0.9944965430156628,0.0,0.9459085208177027,0.9059242434606262,0.9756356763912242,-1.0,-0.976641324587878,Biotechnology,Healthcare,ENVB
2021Q4,2021,Q4,2022-03-31,2021-12-31,-78534458.0,0.0,-50978543.0,-169.67,0.0,0.0,26719133.0,22305920.0,17736837.0,2083556.0,4413213.0,0.0,-60736453.0,21522804.0,4343108.0,48.19192146153447,8.512771914937732,0.006598380269299906,0.007903865879551258,-3.5651855084003405,48.19192146153447,-3.520789906894672,0.0,-0.06851388724169968,0.9648920107307837,0.0,0.0,0.0,0.0,8.329989210753155,-2.939259219226911,-5.055823869775938,0.0,-40.18203883495145,-1.3602489660345232,-1.0,-0.9885227031143755,0.0,-27.953798951926814,-13.495434148954653,0.962820330896072,-1.0,-0.9806006757026258,Biotechnology,Healthcare,ENVB
2021Q3,2021,Q3,2021-11-15,2021-09-30,-2712406.0,0.0,-3516869.0,-4.12,0.0,0.0,69757704.0,55366849.0,22281542.0,2162812.0,14390855.0,0.0,-18630963.0,47905492.5,26457066.5,119.62028929146277,10.302116873773587,0.0,0.0,-0.044671738463466754,119.62028929146277,-0.0489897122373715,0.0,-4.415405778117288,0.8652378339247733,0.0,0.0,0.0,0.0,9.916916495747204,-0.038883246501347,-21.714000252923235,0.0,-2.131868131868132,0.9941486392113104,-1.0,-0.9312874816067795,0.0,-1.9862807982921735,-0.04575007337174931,-1.0044531126043288,-1.0,-0.9827842792684489,Biotechnology,Healthcare,ENVB
2021Q2,2021,Q2,2021-08-13,2021-06-30,-908289.0,0.0,-3363011.0,3.64,0.0,0.0,23694969.0,18818988.0,21509384.0,1167524.0,4875981.0,0.0,-15918557.0,50773730.0,30304417.0,44.10665854173014,18.423076527763026,0.0062715422839337755,0.007896492627552555,0.30281330157635855,44.10665854173014,-0.04826449753833734,0.0,-13.975103188522597,2.6980053337618366,0.0,0.0,0.0,0.0,17.659523059054887,-0.03833256755896157,-25.112175468636323,0.0,1.1040462427745665,0.9954690363293144,-1.0,-0.95302557960665,0.0,0.7205875883768197,0.5028806369019824,0.9949224905078893,-1.0,-0.9909440829290527,Biotechnology,Healthcare,ENVB
2021Q1,2021,Q1,2021-05-17,2021-03-31,-3250711.0,0.0,-6764997.0,1.73,0.0,0.0,25786625.0,18991678.0,23424448.0,626947.0,6794947.0,0.0,-15010268.0,49797395.5,27140245.5,58.54166756572641,37.36272444082195,0.0,0.0,0.06161486435515445,58.54166756572641,-0.17116502291161423,0.0,-3.8297310572979266,2.6220640166708806,0.0,0.0,0.0,0.0,36.13886022263445,-0.1260619022458348,-12.97727073722571,0.0,1.0044709774125187,0.9783227897550736,-1.0,1.1737091531783632,1.0,-0.2770136359154401,-2.95722394036727,0.976370731526515,-1.0,-0.9886132876867899,Biotechnology,Healthcare,ENVB
2020Q4,2020,Q4,2021-04-01,2020-12-31,-2545557.0,-26340499.0,-1709531.0,-386.94,-26340499.0,1.0,4096891.0,3415641.0,2279170.0,681250.0,681250.0,0.0,-11759557.0,2290815.0,712355.0,317.5863319386332,3.3455706422018348,0.0,0.0,-0.8145732831886364,317.5863319386332,-0.7452647980276615,-0.08696930912356672,-0.22498170341500898,0.6706837750220237,0.0,0.0,0.0,-6.429387308571305,2.317005504587156,-0.6213387175787689,-75.87992712818814,1.0,-9.644841815680879,-1.5025286208828532,-1.5490587319346294,-0.924364239732887,-14.955253438813413,-1.6483831231389947,-0.5280655728912943,0.24512382608000047,-1.6985264662800323,-0.9466503093659949,Biotechnology,Healthcare,ENVB
2020Q3,2020,Q3,2020-11-16,2020-09-30,-961174.0,8483030.0,-1118755.0,-36.35,1887497.0,0.2225026907,27993611.0,13175741.0,11304999.0,13992622.0,14817870.0,0.0,-45156263.0,1824705.0,6666373.0,498.2318396672339,0.807925705418184,0.2744113647932023,0.5830233760666668,-0.050001018651148484,498.2318396672339,-0.07295028036753302,0.2151006185289926,-0.47460319359450004,0.13848974414418133,0.0,0.0,0.0,0.3030345031228733,0.7435023971918916,-0.03433547747734295,-1.8240921050527024,0.22250269066595307,0.5936277249860257,0.6608271578270427,-0.8327505245355096,0.20920346443699284,0.03815293735871472,0.3891171958119203,0.057061534519611344,0.9737395283897865,-0.9246559227847139,-0.8798230966492853,Biotechnology,Healthcare,ENVB
2020Q2,2020,Q2,2020-08-14,2020-06-30,-1573418.0,8254941.0,-1186456.0,-89.45,1818130.0,0.2202474857,27506424.0,12879640.0,10269268.0,12768647.0,14626784.0,0.0,-44085632.0,1363225.0,6574522.0,732.2137578169414,0.8042565512226941,0.265355758349395,0.5667074545561832,-0.05687408980842889,732.2137578169414,-0.1221631971079937,0.16514048979877627,-0.21660248579843375,0.10584340866670186,0.0,0.0,0.0,0.3001095671323906,0.7347895983027802,-0.05720183765072479,-2.400399002669409,0.22024748571794758,0.204252290721466,-2.7822365460341345,-0.7360384422331889,0.4476062135808216,-0.033714469755512164,0.11829969510127894,0.25965649033586574,0.9243391611268204,-0.8882248117998773,-0.8427741370005672,Biotechnology,Healthcare,ENVB
2020Q1,2020,Q1,2020-05-15,2020-03-31,-1784527.0,9602528.0,-1602575.0,-112.41,1881566.0,0.1959448595,27136179.0,10223117.0,10243959.0,16913062.0,16913062.0,0.0,-42400593.0,762000.0,7548140.0,643.975874015748,0.605683287863546,0.2967806189662885,0.7877726529002848,-0.0887735273071624,643.975874015748,-0.17455801395993023,0.07935410341943289,-0.10675097658931469,0.07453695384685513,0.0,0.0,0.0,0.3538644110506494,0.5539566401400291,-0.0657619114319669,-0.32613175637358605,0.1959448595203263,0.5218833737399515,-6.639592691690239,0.0,18.48305584125906,0.08815762840272276,0.29430050993876383,0.19269647412518084,0.6598692844328863,-0.8618773017873748,-0.8771637852076494,Biotechnology,Healthcare,ENVB
2019Q4,2019,Q4,2020-03-25,2019-12-31,-2528735.0,9064565.0,-1985096.0,-235.11,1729130.0,0.1907570854,25005152.0,10621547.0,7599154.0,14383605.0,14383605.0,0.0,-40508231.0,1215315.0,5664976.0,987.5915388191539,0.5283205427290307,0.195202212728001,0.4595433226440555,-0.15242142737060013,987.5915388191539,-0.23807596012143994,0.13407317394712268,-0.12015049026489528,0.11441977331550668,0.0,0.0,0.0,0.3625078943731276,0.47384143265891965,-0.10112855942647339,-2.35360589352839,0.1907570854199843,-46.022000000000006,-2.8465285282912562,0.0,45.6469954258207,-0.0896685410679191,-62.229932928158064,-0.2684319488817891,-1.499207722368111,-0.8110522293279628,-0.7647970666244274,Biotechnology,Healthcare,ENVB
2019Q3,2019,Q3,2019-11-08,2019-09-30,41299.0,9148857.0,-1565000.0,-5.0,1899451.0,0.2076162082,26656309.0,13247363.0,8688346.0,13408946.0,13408946.0,0.0,-37872197.0,2285437.5,6218734.5,1231.7399349139935,0.6479514497261754,0.16630145606430358,0.3346313526699616,-0.09086392552921793,1231.7399349139935,0.0031175261068938777,0.2498057954124761,13.834702414102036,0.1725201838282834,0.0,0.0,0.0,0.34321544666967957,0.6047542439204394,0.0015493142730300734,-4.4015305149671535,0.20761620823235077,0.9596709146636554,1.2114527204844792,0.0,30.578448375322132,-0.20264002434749756,1.032866506229667,-0.05998499088345177,1.003834213230468,-0.7691215770323937,-0.29246155953342584,Biotechnology,Healthcare,ENVB
2019Q2,2019,Q2,2019-08-14,2019-06-30,-1256568.0,11015057.0,-1476436.0,-123.98,2382175.0,0.2162653357,29477833.0,10860901.0,10965931.0,14365829.0,18616932.0,0.0,-37806731.0,4434062.5,7848292.5,1071.6231869758265,0.7633343679644244,0.17014038989908112,0.4617821302302636,-0.09424062081950427,1071.6231869758265,-0.11569647858865484,0.40254557920126965,-0.8821771881824143,0.4082591766557857,0.0,0.0,0.0,0.3736725491320885,0.7062553090392486,-0.0426275567813957,-8.766486357174914,0.21626533571274303,0.3976289962102808,-0.8231266358906463,0.0,17.745907409113315,0.11318461432061475,0.3244156363644184,-0.1371528125438052,0.7361112500250425,-0.582458349537902,0.1412988367875892,Biotechnology,Healthcare,ENVB
2019Q1,2019,Q1,2019-05-14,2019-03-31,-1859972.0,10686196.0,-1298362.0,-205.82,2139964.0,0.2002549832,30507226.0,11162329.0,11458815.0,14705242.0,19344897.0,0.0,-36443930.0,3772947.5,7237209.5,1235.1808122164434,0.7792333509370332,0.1700370594166772,0.4647201314349362,-0.07810146456094201,1235.1808122164434,-0.16662938352739826,0.35306740583833573,-0.5071242335906132,0.3380071936600328,0.0,0.0,0.0,0.35028409334890037,0.7224134087694715,-0.0609682440481478,-3.7878831231545984,0.20025498315771112,0.9496323124548802,-3.578371428090376,0.0,8.867462893174364,0.12285617439613983,0.905895717021935,0.11478356083688947,0.554748488780655,-0.5997070343474719,4.665119594883186,Biotechnology,Healthcare,ENVB
2018Q4,2018,Q4,2019-03-26,2018-12-31,-19765009.0,10283176.0,-1466717.0,-4086.35,1905822.0,0.1853339863,29637450.0,10759097.0,10061353.0,14688965.0,18878353.0,0.0,-34478253.0,944158.0,4779958.0,2484.2061879473563,0.6849599682482734,0.17569429893597457,0.48397472390108576,-0.13508128560784083,2484.2061879473563,-1.8370509160759494,0.0918157969872343,-0.011942291551701293,0.08775439054039572,0.0,0.0,0.0,0.34696561276358123,0.6292310588254516,-0.6668930356693981,-0.9413527687491277,0.1853339863092881,-6.1079375,-49.49673717496166,0.0,17.948655457395322,-0.18755920160218398,-4.467869714834738,-0.5494596972952644,-10.689407536885875,-0.46771490580830555,-0.4083661518469511,Biotechnology,Healthcare,ENVB
2018Q3,2018,Q3,2018-11-14,2018-09-30,5699467.0,10576254.0,-946599.0,800.0,2345798.0,0.2217985688,45899439.0,30093162.0,10593540.0,12864680.0,15806277.0,0.0,-14608064.0,7633387.5,10428523.5,6948.317247748788,0.8234592698769033,0.10585806941997701,0.16145947042720205,-0.02696487139073607,6948.317247748788,0.18939408892957144,0.7217477473593202,0.33482900681765504,0.25365853877369215,0.0,0.0,0.0,0.23042229339665785,0.7689644048666582,0.12417291200443648,-5.9596450314870015,0.22179856875600756,2.908123837237037,40.56285262632176,0.0,29.66105027975744,-0.01808330602063877,4.617397756115085,-0.0018288210771629143,13.280291821109133,0.27321287441269015,15.863493295805313,Biotechnology,Healthcare,ENVB
2018Q2,2018,Q2,2018-08-14,2018-06-30,-1575571.0,11075840.0,-944871.0,-419.26,2388999.0,0.215694611,45541607.0,18303262.0,9603404.0,25061446.0,27238345.0,0.0,-18491079.0,4838425.0,8849419.0,4870.479510377861,0.38319432964881595,0.10816719752555065,0.2691382552465238,-0.050854144712561944,4870.479510377861,-0.08608143182346403,0.43684497067491046,-0.7677256372451638,0.2643476884065802,0.0,0.0,0.0,0.24320266081080538,0.35319937245440663,-0.0345962978425421,29.088435987615355,0.2156946109730729,0.011319152950054265,-13.758048673962831,0.0,24.28502557655524,0.019682570847480776,0.003908321969359312,0.30359973850100935,-9.353496077044008,0.6577248437122105,8.629068461321852,Biotechnology,Healthcare,ENVB
2018Q1,2018,Q1,2018-05-15,2018-03-31,-1581753.0,11063010.0,-1356793.0,-424.06,2342885.0,0.2117764514,47923220.0,19176775.0,11176475.0,26467605.0,28746445.0,0.0,-17126722.0,7646500.0,11833077.0,5141.22654155496,0.4222699787154901,0.12415745436137221,0.31027245196337755,-0.05434139464968807,5141.22654155496,-0.082482742796951,0.6911771751087633,-1.2085483637457934,0.39873753537808104,0.0,0.0,0.0,0.23084863663167876,0.38617302169954554,-0.03300598332082026,-16.63859658284809,0.2117764514359112,-0.35249091025068563,-11.366231994220346,0.0,29.442417872436984,0.148379592640991,-0.5441619221667721,0.642523248755359,-27.81977927587912,0.0,140.5772021055101,Biotechnology,Healthcare,ENVB
2017Q4,2017,Q4,2018-04-02,2017-12-31,-1024344.0,11454598.0,-3795472.0,-313.54,2040166.0,0.1781089131,52196628.0,19448183.0,14644803.0,30367882.0,32748445.0,0.0,-14997552.0,12659625.0,14960973.0,5952.917967554331,0.482246440499209,0.13762252994580415,0.36936262888929006,-0.042734908444314205,5952.917967554331,-0.05267042170469087,1.105200287255825,-3.089690816756871,0.6509412730227806,0.0,0.0,0.0,0.21945091931992236,0.4518107980003347,-0.019624715987400565,-13.49257566617569,0.1781089131194303,0.7734635781685765,-2.721094991570646,0.0,41.94003187095074,-0.20412898615063052,0.7485222048570962,0.0366213499279523,-4.129472978572556,0.0,270.1192571227093,Biotechnology,Healthcare,ENVB
2017Q3,2017,Q3,2017-11-13,2017-09-30,-4073298.0,12529928.0,-3939751.0,-1384.06,2563438.0,0.2045852139,47137212.0,12201149.0,11415434.0,31492353.0,34917559.0,0.0,-13430711.0,23948662.5,30101311.5,4145.8202514441045,0.36248272715601787,0.14843374699377637,0.573450336521585,-0.20584067289789618,4145.8202514441045,-0.33384544357256846,1.9113168487480534,-1.469857011443798,1.9628202638948185,0.0,0.0,0.0,0.26581818203418567,0.3205254304116304,-0.08641363854951795,-242.93878513679385,0.2045852138974781,-0.17070983894979017,-37.96766512776875,0.0,68.31184812133708,0.09887169489251288,-0.17912229119150377,-0.18199456488150206,-75.21493396561092,0.0,105.28751010880727,Biotechnology,Healthcare,ENVB
2017Q2,2017,Q2,2017-08-14,2017-06-30,-3454517.0,12268259.0,-3333138.0,-1182.24,2332791.0,0.1901484962,47292840.0,13607994.0,10751745.0,15593034.0,33672974.0,0.0,-8827876.0,32872500.0,38926570.0,4657.082135523614,0.6895223213134788,0.15002700197323737,0.5213996273073018,-0.17039388138079736,4657.082135523614,-0.25385938588744233,2.6794755474269008,-2.378950516092409,2.4156756682873315,0.0,0.0,0.0,0.2594104942735518,0.631323192138233,-0.07304524321229175,-38.08849020225802,0.19014849621286933,-2.577233804351115,-38.6784491671588,0.0,179.61709198396838,-0.2933827070743787,-2.7092218457005663,-6.836150594563587,-16.384480456809978,0.0,80.46635083133071,Biotechnology,Healthcare,ENVB
2017Q1,2017,Q1,2017-05-12,2017-03-31,-931332.0,12340927.0,-425354.0,-330.49,3301350.0,0.267512319,49680406.0,14773526.0,12352459.0,17268199.0,34910396.0,0.0,-5226646.0,22931475.0,27748839.0,5242.55713271824,0.7153298963024459,0.13345229102998876,0.44877329894028006,-0.025511185532386318,5242.55713271824,-0.06304060384772057,1.85816470675177,-6.155558651479816,1.5522005376373929,0.0,0.0,0.0,0.248406323410481,0.6651506622086067,-0.018746465155699412,-27.02825585260235,0.2675123189692314,0.6327888888888888,-10.193491601316278,0.0,1407.2947591811742,0.5971682659233034,-1.7120607306609865,0.8080412083609938,-6.351778859378184,0.0,40.881105552163426,Biotechnology,Healthcare,ENVB
2016Q4,2016,Q4,2017-03-31,2016-12-31,1307939.0,12387129.0,-2215861.0,-900.0,2067002.0,0.1668669148,39507923.0,11660321.0,10064942.0,12708952.0,27844220.0,0.0,-3833588.0,22597837.5,26248407.5,4198.891249549874,0.7919568820466077,0.1273278020714984,0.4314166822680096,0.07355312304066292,4198.891249549874,0.11217006804529653,1.8242998438136875,4.319359981619938,1.9380116122017566,0.0,0.0,0.0,0.313535312904199,0.7492911295911732,0.0331057393222114,-3.394578414604213,0.16686691484362517,0.10134797803295058,4.018964548906571,0.0,87.49474422761536,0.21832160594318747,1.4783788637386905,-3.6981344098446507,4.005129260003058,0.0,29.647203858104646,Biotechnology,Healthcare,ENVB
2016Q3,2016,Q3,2016-11-14,2016-09-30,-2734107.0,10058558.0,-471647.0,-1001.5,1696598.0,0.16867209,38122291.0,4752604.0,11268334.0,13614756.0,33369687.0,0.0,-5141527.0,95550000.0,103339980.0,1740.880586080586,0.8276559638674391,0.2807757277756471,2.2521998466524877,-0.04693348965588301,1740.880586080586,-0.5752860957908549,9.499373568258989,-8.736856311768339,20.104767828331585,0.0,0.0,0.0,0.26384977754878375,0.7814090829097488,-0.07171937804052753,-33.746401531673406,0.16867208997552136,-1.1316220760700682,-36.21348038996534,0.0,13.299456819535962,0.11809542638724134,-1.2652181657753345,0.32314759537558985,-29.10886596396801,0.0,8.180942410894538,Biotechnology,Healthcare,ENVB
2016Q2,2016,Q2,2016-08-12,2016-06-30,-1206995.0,6686938.0,-696824.0,-469.83,1517400.0,0.2269200043,15143446.0,2412164.0,8218454.0,7231282.0,12731282.0,0.0,-3422976.0,83620950.0,86924656.0,938.950564421954,1.1365141063507134,0.45612927202962916,2.863556955497222,-0.07464534535063665,938.950564421954,-0.5003784983110601,12.5051181871284,-17.32006967717348,34.666361822827966,0.0,0.0,0.0,0.44157307392254047,1.0699669851072051,-0.07970411754365551,59.75105913658486,0.22692000434279486,-0.016398053001622465,-8.44318258788709,0.0,2.067122169678706,-0.5178882399235178,-0.0998869125672852,-0.15004348823507083,-15.538232851410024,0.0,5.488980573904513,Biotechnology,Healthcare,ENVB
2016Q1,2016,Q1,2016-05-16,2016-03-31,-1097381.0,7012964.0,-605911.0,-462.25,3147403.0,0.4487978264,12631350.0,-800061.0,5753297.0,7931411.0,13431411.0,0.0,-2213173.0,83090000.0,89062213.0,-337.0096882898062,0.7253812720082214,0.5128023528759792,-8.096115171218194,-0.1069215493644621,-337.0096882898062,1.3716216638481316,11.84805739769946,-18.929159517068367,-103.85458108819203,0.0,0.0,0.0,0.5552030463885491,0.6851833803594342,-0.08687757048929845,-48.95652891198548,0.44879782642546007,0.0,-2.0444094753794033,0.0,0.5940312335782862,0.0,0.0,0.0,-12.479825701520983,0.0,-0.8644131519828563,Biotechnology,Healthcare,ENVB
2015Q3,2015,Q3,2015-11-23,2015-09-30,-249364.0,4463125.0,-66800.0,-107.16,1439917.0,0.3226252906,21206685.0,958801.0,14480556.0,14847884.0,20247884.0,0.0,699462.0,63178050.0,63361367.0,412.03308981521275,0.9752605825853704,0.24756344520607534,5.475588782239485,-0.007100892473168901,412.03308981521275,-0.2600789944941651,14.155563646548103,-63.33918488635088,65.89276606928861,0.0,0.0,0.0,0.21045840026387905,0.9443922783879508,-0.011758744942927194,-7.129975520564655,0.3226252905755496,-3.1431999999999998,-0.39368681167199565,0.0,1.8354419230761474,0.4653212749436989,-3.247150104984275,-1.1377535448853842,-2.0170731160198607,0.0,7.689800107215471,Biotechnology,Healthcare,ENVB
2015Q2,2015,Q2,2015-08-14,2015-06-30,110969.0,3930938.0,484924.0,50.0,982663.0,0.249981811,10436569.0,1118346.0,9327933.0,4318159.0,9318223.0,0.0,948825.0,36481500.0,37103910.0,505.8100407055631,2.160164320026196,0.4790846493708804,4.470888258195585,0.05694176320428341,505.8100407055631,0.09922599982474117,9.28060936092098,82.18849408393335,32.62094199827245,0.0,0.0,0.0,0.37665041068573396,2.098391004129306,0.010632708891207446,-20.01671282904411,0.24998181095707944,4.3990482664853845,1.8183681062674524,0.0,2.2150093113361664,0.0,44.0947572815534,211.83652173913043,2.6844592014760282,0.0,20.39976919839366,Biotechnology,Healthcare,ENVB
2015Q1,2015,Q1,2015-05-14,2015-03-31,-2575.0,0.0,-2300.0,-14.71,0.0,0.0,3898.0,-6446.0,3898.0,10344.0,10344.0,0.0,-47428753.0,462237.42066249996,458339.42066249996,-36.83428571428571,0.3768368136117556,0.0,0.0,0.39947254111076635,-36.83428571428571,0.39947254111076635,0.0,-44.87741948179612,-71.70918719554763,0.0,0.0,0.0,0.0,0.3768368136117556,-0.6605951770138533,-389.4165296229991,0.0,0.7593259162303665,0.9321793877293308,0.0,0.8962334404683804,0.0,0.7592783023277554,0.7787823410599212,0.5016422390958856,0.0,-10.894700280112044,Biotechnology,Healthcare,ENVB
2014Q4,2014,Q4,2015-03-31,2014-12-31,-10697.0,0.0,-10397.0,-61.12,0.0,0.0,5085.0,-3871.0,5085.0,8956.0,8956.0,0.0,-47426178.0,847435.2783225001,842350.2783225001,-22.12,0.5677757927646271,0.0,0.0,2.7633686385946783,-22.12,2.7633686385946783,0.0,-19.805442608266336,-218.91895590867992,0.0,0.0,0.0,0.0,0.5677757927646271,-2.103638151425762,-209.70929926317746,0.0,-2.3656387665198233,0.7580733349124,0.0,0.8375305210918114,0.0,-2.365953429830082,-2.3398650819145517,0.6081946603840174,0.0,-1.4661953896816684,Biotechnology,Healthcare,ENVB
2014Q3,2014,Q3,2014-11-13,2014-09-30,-3178.0,0.0,-3113.0,-18.16,0.0,0.0,9126.0,6826.0,9126.0,2300.0,2300.0,0.0,-47415481.0,1540791.4306575,1531665.4306575,39.005714285714284,3.9678260869565216,0.0,0.0,-0.46557280984471133,39.005714285714284,-0.4655728098447114,0.0,-121.20763299697136,225.72391307610607,0.0,0.0,0.0,0.0,3.9678260869565216,-0.3482358097742713,1150.703084882375,0.0,0.7329804440523453,0.7054698955787603,0.0,-0.6697498094575339,0.0,0.7329636165028149,0.7342949812222601,0.3252183346894494,0.0,-0.6796101170847859,Biotechnology,Healthcare,ENVB
2014Q2,2014,Q2,2014-08-11,2014-06-30,-11901.0,0.0,-11716.0,-68.01,0.0,0.0,12006.0,10004.0,12006.0,2002.0,2002.0,0.0,-47412303.0,1556199.29199,1548412.29199,57.16571428571429,5.997002997002997,0.0,0.0,-1.189624150339864,57.16571428571429,-1.1896241503398641,0.0,-32.69051533463574,155.55770611655336,0.0,0.0,0.0,0.0,3.8896103896103895,-0.9912543728135932,-122.69962090909091,0.0,-0.5130144605116796,0.6357460457218327,0.0,-0.6820255148691601,0.0,-0.5127748824202364,-0.544831223628692,-0.36685494021397114,0.0,1.0649691297617565,Biotechnology,Healthcare,ENVB
2014Q1,2014,Q1,2014-05-07,2014-03-31,-7867.0,0.0,-7584.0,-44.95,0.0,0.0,26689.0,21906.0,26689.0,4783.0,4783.0,0.0,-47400401.0,1232633.093265,1212163.093265,125.17714285714285,5.579970729667573,0.07493724006144854,0.09129918743723181,-0.3290805655483979,125.17714285714285,-0.35912535378435134,0.0,-39.171002074011696,56.26919991166804,0.0,0.0,0.0,0.0,4.69788835458917,-0.29476563378170784,-44.37283895262608,0.0,-1.4773282361686313,0.8488827197852801,0.0,-0.6584333933177053,0.0,-1.6058062528877253,0.46075085324232085,0.7039279269990204,0.0,1.150790947666195,Biotechnology,Healthcare,ENVB
2013Q4,2013,Q4,2014-03-28,2013-12-31,12986.0,0.0,-14064.0,94.17,0.0,0.0,4468.0,-20227.0,4468.0,24695.0,24695.0,0.0,-47392534.0,850516.8427674,852267.8427674,-146.57246376811594,0.18092731322129985,0.4476275738585497,-0.09887773767736194,0.6941002315812123,-146.57246376811594,-0.6420131507391111,0.0,16.373726373929617,-42.04859063466653,0.0,0.0,0.0,0.0,0.010083012755618546,2.906445837063563,-1955.2111327986206,0.0,3.831328923631991,1.1988721189883425,0.0,-1.2237793707078872,0.0,3.849681808207154,-2.0862409479921,1.5153191183583816,0.0,0.7809523725898583,Biotechnology,Healthcare,ENVB
2013Q3,2013,Q3,2013-11-06,2013-09-30,-4557.0,0.0,-4557.0,-33.26,0.0,0.0,4903.0,-33213.0,4903.0,38116.0,38116.0,0.0,-47405520.0,155602.31555240002,183418.31555240002,-242.43065693430657,0.12863364466365831,5.8127676932490315,-0.8580977328154639,0.9669000636537237,-242.43065693430657,0.13720531117333573,0.0,-8.536444785626509,-4.684982252503538,0.0,0.0,0.0,0.0,0.017945219855178926,-0.9294309606363451,-29.67244766445462,0.0,-0.1707145371348116,0.6865648016326545,0.0,-1.2119859848139092,0.0,-0.17086330935251798,-0.17086330935251798,0.5674002348562579,0.0,0.5084454640945372,Biotechnology,Healthcare,ENVB
2013Q2,2013,Q2,2013-08-01,2013-06-30,-3892.0,0.0,-3892.0,-28.41,0.0,0.0,6647.0,-28656.0,6647.0,35303.0,35303.0,0.0,-47400963.0,180932.9332239,203504.9332239,-209.16788321167883,0.18828428178908307,3.761095230931247,-0.8724176437744277,1.0645514223194747,-209.16788321167883,0.1358179787828029,0.0,-11.622105165975077,-6.3139633313756285,0.0,0.0,0.0,0.0,0.06877602470045038,-0.5855273055513766,-48.481493361173634,0.0,0.17147856517935256,0.9431575645198336,0.0,-1.1673709906220822,0.0,0.1715623669646658,0.1715623669646658,0.5367792235741805,0.0,0.497556581952861,Biotechnology,Healthcare,ENVB
2013Q1,2013,Q1,2013-05-02,2013-03-31,-4698.0,0.0,-4698.0,-34.29,0.0,0.0,5379.0,-24764.0,5379.0,30143.0,30143.0,0.0,-47397071.0,255718.54406460002,274558.5440646,-180.75912408759123,0.17844939123511264,3.7181632273656815,-0.8076239702794379,0.9861460957178841,-180.75912408759123,0.18971087061863995,0.0,-13.607840786749682,-10.326221291576482,0.0,0.0,0.0,0.0,0.03848322993729888,-0.8733965421081985,-20.92451878443663,0.0,0.5933349146110056,0.9611226297777117,0.0,-1.0088398822938582,0.0,0.5959752321981424,0.5300590177053116,0.8419425515460829,0.0,0.4907800695251742,Biotechnology,Healthcare,ENVB
2012Q4,2012,Q4,2013-02-28,2012-12-31,-11628.0,0.0,-9997.0,-84.32,0.0,0.0,5600.0,-20066.0,5600.0,25666.0,25666.0,0.0,-47392373.0,99631.9738776,106250.9738776,-145.40579710144928,0.21818748538923088,1.4285714285714286,-0.3986843416724808,0.9636996519144703,-145.40579710144928,0.5794876906209508,0.0,-2.1420703018059855,-4.965213489365095,0.0,0.0,0.0,0.0,0.053806592379022834,-2.0764285714285715,-26.441606655414013,0.0,-1.3738738738738734,0.8081149608300943,0.0,-1.0069102783598454,0.0,-1.3896424167694206,-1.189443714410863,0.6665077633938018,0.0,-0.06799295141511137,Biotechnology,Healthcare,ENVB
2012Q3,2012,Q3,2012-11-13,2012-09-30,-4866.0,0.0,-4566.0,-35.52,0.0,0.0,6368.0,-8438.0,6368.0,14806.0,14806.0,0.0,-47380745.0,60310.9763439,58161.9763439,-61.59124087591241,0.4300959070647035,0.0,0.0,0.5766769376629534,-61.59124087591241,0.5766769376629534,0.0,-3.098591057536991,-7.147544008520977,0.0,0.0,0.0,0.0,0.14514386059705525,-0.7641331658291457,-11.940403156582855,0.0,-0.1919463087248323,-1.0025827362009787,-1.0,-1.0028003062937014,0.0,-0.192062714355708,-0.11856932876041157,0.4239430978030835,0.0,-1.521475363481977,Biotechnology,Healthcare,ENVB
2012Q2,2012,Q2,2012-08-01,2012-06-30,-4082.0,0.0,-4082.0,-29.8,0.0,0.0,6419.0,-3572.0,6419.0,9991.0,9991.0,0.0,-47375879.0,301554.8942824,299354.8942824,-26.072992700729927,0.6424782304073666,0.0,0.0,1.1427771556550952,-26.072992700729927,1.1427771556550952,0.0,-18.46857510303773,-84.42186290100784,0.0,0.0,0.0,0.0,0.22019817836052447,-0.6359245988471725,-77.60033306289245,0.0,-0.009143244158482883,-1.0145229975159633,-1.0,-1.002179045240476,0.0,-0.009147095179233622,-0.009147095179233622,0.840407932205532,0.0,-1.1450265519013474,Biotechnology,Healthcare,ENVB
2012Q1,2012,Q1,2012-05-03,2012-03-31,-4045.0,0.0,-4045.0,-29.53,0.0,0.0,10305.0,510.0,10305.0,9795.0,9795.0,0.0,-47371797.0,200232.44031039998,194146.44031039998,3.7226277372262775,1.0520673813169985,0.0,0.0,-7.931372549019608,3.7226277372262775,-7.931372549019608,0.0,-12.375305334388134,392.6126280596078,0.0,0.0,0.0,0.0,0.6213374170495151,-0.3925278990781174,-16.486820939514203,0.0,0.8100476006689824,-1.0092244827396726,-1.0,-0.9995546198358496,0.0,0.7299192094544968,0.6886545566502463,0.9007476071328214,0.0,-0.9898421924712175,Biotechnology,Healthcare,ENVB
2011Q4,2011,Q4,2012-03-07,2011-12-31,-14977.0,0.0,-12992.0,-155.46,0.0,0.0,22450.0,4555.0,22450.0,17895.0,17895.0,0.0,-47367752.0,219760.87499520002,201529.87499520002,47.447916666666664,1.2545403744062587,0.0,0.0,-3.288035126234907,47.447916666666664,-3.288035126234907,0.0,-3.6683059857648397,48.24607573989024,0.0,0.0,0.0,0.0,1.0187761944677285,-0.6671269487750556,-45.97507845087866,0.0,-4.777034559643256,0.8358664654985527,-1.0,-0.9930687158422775,0.0,-3.062110116625983,-2.523732031461893,0.6702907087438716,0.0,-0.9275589380153638,Biotechnology,Healthcare,ENVB
2011Q3,2011,Q3,2011-11-14,2011-09-30,-3687.0,0.0,-3687.0,-26.91,0.0,0.0,24377.0,16679.0,24377.0,7698.0,7698.0,0.0,-47352775.0,349803.6452641,329645.6452641,121.74452554744525,3.1666666666666665,0.0,0.0,-0.22105641825049463,121.74452554744525,-0.22105641825049463,0.0,-23.718717471121508,20.972698918646202,0.0,0.0,0.0,0.0,2.6186022343465836,-0.1512491282766542,-12.366670623775011,0.0,0.4590954773869347,0.9762623888358487,-1.0,-0.9840552904047418,0.0,-0.0151431718061674,-0.0151431718061674,0.746404306258415,0.0,-0.8935442675846449,Biotechnology,Healthcare,ENVB
2011Q2,2011,Q2,2011-08-02,2011-06-30,-3632.0,0.0,-3632.0,-49.75,0.0,0.0,8065.0,-64232.0,8065.0,72297.0,72297.0,0.0,-47349088.0,186391.7233889,182545.7233889,-879.8904109589041,0.11155372975365506,0.0,0.0,0.05654502428695977,-879.8904109589041,0.05654502428695977,0.0,-12.829826775117015,-2.9018514663859136,0.0,0.0,0.0,0.0,0.053197228100751066,-0.45034097954122754,9.465833293834747,0.0,0.6723524762908325,0.9565568852313201,-1.0,-1.100606568104452,0.0,0.6723204619271022,0.6723204619271022,0.9004495121148997,0.0,-1.7040666447440538,Biotechnology,Healthcare,ENVB
2011Q1,2011,Q1,2011-05-16,2011-03-31,-11084.0,0.0,-11084.0,-151.84,0.0,0.0,6499.0,-60600.0,6499.0,67099.0,67099.0,0.0,-47345456.0,208887.29004179998,206732.29004179998,-830.1369863013699,0.09685688311301212,0.0,0.0,0.1829042904290429,-830.1369863013699,0.1829042904290429,0.0,-4.711459988311981,-3.4469849841881186,0.0,0.0,0.0,0.0,0.03211672305101417,-1.7054931527927373,-12.308484475976664,0.0,0.17049986342529366,0.9518374142596236,-1.0,-1.0839277481049527,0.0,0.17975283060756309,0.027463367552864788,0.8278614691722317,0.0,-1.040597194104162,Biotechnology,Healthcare,ENVB
2010Q4,2010,Q4,2011-03-07,2010-12-31,-13513.0,0.0,-11397.0,-183.05,0.0,0.0,1126.0,-49516.0,1126.0,50642.0,50642.0,0.0,-47334372.0,293190.5834954,292064.5834954,-669.1351351351351,0.022234508905651436,0.0,0.0,0.2729016883431618,-669.1351351351351,0.2729016883431618,0.0,-5.424231915477688,-5.921128190794895,0.0,0.0,0.0,0.0,0.022234508905651436,-12.00088809946714,-96.63499785609756,0.0,-1.3806736896865655,0.9469776107634883,-1.0,-1.0494341556925715,0.0,-1.4074469980402637,-1.0304649919828968,0.5841514079089092,0.0,-1.0318000391752644,Biotechnology,Healthcare,ENVB
2010Q3,2010,Q3,2010-11-15,2010-09-30,-5613.0,0.0,-5613.0,-76.89,0.0,0.0,4160.0,-36003.0,4160.0,40163.0,40163.0,0.0,-47320859.0,138186.97717,134026.97717,-493.1917808219178,0.1035779199760974,0.0,0.0,0.15590367469377553,-493.1917808219178,0.15590367469377553,0.0,-6.154773613486548,-3.838207293003361,0.0,0.0,0.0,0.0,0.1035779199760974,-1.349278846153846,-3.5522731335955373,0.0,-0.2537094407304745,-1.1115116098186324,-1.0,-1.0289836165076194,0.0,-0.2537413446504356,-0.2537413446504356,-1.0055911442172547,-1.0,-1.0224234489871675,Biotechnology,Healthcare,ENVB
2010Q2,2010,Q2,2010-08-13,2010-06-30,-4477.0,0.0,-4477.0,-61.33,0.0,0.0,3061.0,-30390.0,3061.0,33451.0,33451.0,0.0,-47315246.0,195389.953611,192328.953611,-416.3013698630137,0.09150698035933157,0.0,0.0,0.147318196775255,-416.3013698630137,0.147318196775255,0.0,-10.910763547632344,-6.429416045113525,0.0,0.0,0.0,0.0,0.09150698035933157,-1.4625939235543939,7.514998215807693,0.0,0.7173211651917404,-1.0564643132671063,-1.0,-1.0254981973070383,0.0,0.717325419876247,0.6888379204892966,-1.0298929010202447,-1.0,-1.0347923051648082,Biotechnology,Healthcare,ENVB
2010Q1,2010,Q1,2010-05-17,2010-03-31,-15838.0,0.0,-14388.0,-216.96,0.0,0.0,9561.0,-25913.0,9561.0,35474.0,35474.0,0.0,-47310769.0,64273.0112935,54712.0112935,-354.972602739726,0.26952133957264474,0.0,0.0,0.6111990120788794,-354.972602739726,0.6111990120788793,0.0,-1.0145379986977523,-2.480338490082198,0.0,0.0,0.0,0.0,0.26952133957264474,-1.6565212843844785,-2.598884448404836,0.0,0.1433986102337334,-2.148274607330559,-1.0,-1.0232913292931411,0.0,0.15291223190886238,0.3074368231046931,-1.0677831179891892,-1.0,-1.0424693972207153,Biotechnology,Healthcare,ENVB
2009Q4,2009,Q4,2010-03-30,2009-12-31,-18697.0,0.0,-20775.0,-253.28,0.0,0.0,1792.0,-10075.0,1792.0,11867.0,11867.0,0.0,-47294931.0,130306.92699860001,128514.92699860001,-136.14864864864865,0.15100699418555658,0.0,0.0,1.8557816377171217,-136.14864864864865,1.8557816377171217,0.0,-1.7423507380676044,-12.93369002467494,0.0,0.0,0.0,0.0,0.15100699418555658,-10.43359375,-2.9319351768202684,0.0,-3.1076873175478434,-1.0787058651036174,-1.0,-1.009045457925725,0.0,-3.1539657853810263,-3.615640968673628,0.7341822770779501,-1.0,-1.0198888599915423,Biotechnology,Healthcare,ENVB
2009Q3,2009,Q3,2009-11-23,2009-09-30,-4501.0,0.0,-4501.0,-61.66,0.0,0.0,46236.0,8622.0,46236.0,37614.0,37614.0,0.0,-45911234.0,218528.2446321,172292.2446321,118.10958904109589,1.22922316158877,0.0,0.0,-0.5220366504291347,118.10958904109589,-0.5220366504291347,0.0,-12.1377607549489,25.34542387289492,0.0,0.0,0.0,0.0,1.22922316158877,-0.09734838653862792,6.654939386426896,0.0,0.669737546866631,0.9594438875711317,-1.0,-0.9900281510746699,0.0,0.66974833076528,0.6690684508492023,0.9456160692866502,-1.0,-0.9845313529359342,Biotechnology,Healthcare,ENVB
2009Q2,2009,Q2,2009-08-13,2009-06-30,-13629.0,0.0,-13601.0,-186.7,0.0,0.0,14267.0,13124.0,14267.0,1143.0,1143.0,0.0,-45906732.0,22495.553286600003,9096.553286600003,179.78082191780823,12.482064741907262,0.0,0.0,-1.0384791222188356,179.78082191780823,-1.0384791222188356,0.0,-0.41264130322474135,1.7140775134562634,0.0,0.0,0.0,0.0,11.722659667541558,-0.9552814186584425,-1.0022076666933977,0.0,0.3723947828425441,0.9197216641603432,-1.0,-0.9865479871335098,0.0,0.3723982317185485,0.18512971062249117,0.8369806687273293,-1.0,-0.9794438815574351,Biotechnology,Healthcare,ENVB
2009Q1,2009,Q1,2009-04-15,2009-03-31,-21716.0,0.0,-16691.0,-297.48,0.0,0.0,35845.0,26753.0,35845.0,9092.0,9092.0,0.0,-45893103.0,385638.0766597,349793.0766597,366.47945205479454,3.9424769027716673,0.0,0.0,-0.8117220498635667,366.47945205479454,-0.8117220498635667,0.0,-4.439561575102458,14.414760088950771,0.0,0.0,0.0,0.0,3.9424769027716673,-0.6058306597851862,-12.44475528138957,0.0,0.37284169249256843,0.8743251633355326,-1.0,-0.976642847486175,0.0,0.37980865343424247,0.5232913489275411,0.9056388747800422,-1.0,-0.9629485306097062,Biotechnology,Healthcare,ENVB
2008Q4,2008,Q4,2008-12-31,2008-12-31,-35015.0,0.0,-35013.0,-474.33,0.0,0.0,69675.0,48469.0,69675.0,21206.0,21206.0,0.0,-45871387.0,651534.6621066,584701.6621066,654.9864864864865,3.285626709421862,0.0,0.0,-0.7223998838729908,654.9864864864865,-0.7224205162062349,0.0,-4.651825375600457,13.442296356570179,0.0,0.0,0.0,0.0,3.1516080354616616,-0.5025475421600287,-21.581141507340178,0.0,-3.4697512250282694,0.7532711495013906,-1.0,-0.9629788070804672,0.0,-3.519814121595456,-3.5195559571447013,0.8626079361269547,-1.0,-0.9516111137356966,Biotechnology,Healthcare,ENVB
2008Q3,2008,Q3,2008-11-12,2008-09-30,-7747.0,0.0,-7747.0,-106.12,0.0,0.0,90184.0,83484.0,90184.0,6700.0,6700.0,0.0,-47201372.0,1028350.0732431,941008.0732431,1143.6164383561643,13.460298507462687,0.0,0.0,-0.09279622442623736,1143.6164383561643,-0.09279622442623736,0.0,-33.18542898035046,12.317930061366251,0.0,0.0,0.0,0.0,13.036119402985074,-0.08590215559300984,-124.75434589871405,0.0,0.7876665732922485,0.9471884636290836,-1.0,-0.9414617534595849,0.0,0.7876603442604978,0.7961262138477329,-1.1539070802182336,-1.0,-0.9327925939360026,Biotechnology,Healthcare,ENVB
2008Q2,2008,Q2,2008-08-13,2008-06-30,-36484.0,0.0,-37999.0,-499.78,0.0,0.0,98429.0,91230.0,98429.0,7199.0,7199.0,0.0,-47193626.0,1189029.7744168001,1093443.7744168001,1249.7260273972602,13.672593415752187,0.0,0.0,,1249.7260273972602,-0.39991230954729806,0.0,-8.14761110635347,13.03331989934013,0.0,0.0,0.0,0.0,13.277677455202111,-0.3706631175771368,-17.868861387045776,0.0,0.43338812992460746,0.8770829262376271,-1.0,-0.9419964941107581,0.0,0.43339027799347724,0.46239495203870856,-1.460139380218251,-1.0,-0.9234550661296119,Biotechnology,Healthcare,ENVB
2008Q1,2008,Q1,2008-05-14,2008-03-31,-64390.0,0.0,-70682.0,-882.05,0.0,0.0,1534970.0,1492714.0,1534970.0,42256.0,42256.0,0.0,-45792141.0,2570875.21875,1043747.21875,20448.13698630137,36.325492237788715,0.0,0.0,-0.05120159252386555,20448.13698630137,-0.043136193537409044,0.0,-9.981655609372574,1.7222825127586394,0.0,0.0,0.0,0.0,36.139909125331314,-0.04194870258050646,-56.86393175886399,0.0,-1.0037938163065947,0.37206807197425024,-1.0,-0.1998192089874336,0.0,-0.9815356208647484,-0.09603188140613128,-5.668354714358801,-1.0,0.34169310054728963,Biotechnology,Healthcare,ENVB
2007Q4,2007,Q4,2008-03-31,2007-12-31,-32495.0,0.0,-64489.0,-440.19,0.0,0.0,1605008.0,1557105.0,1605008.0,47903.0,47903.0,0.0,-45727751.0,2703820.9609412,2131481.9609412,21041.95945945946,33.505375446214224,0.006031122586304866,0.006216664900568683,-0.02758180491103718,21041.95945945946,-0.020868855985948283,0.0,-20.801823056941068,1.7364409984819265,0.0,0.0,0.0,0.0,33.02546813351982,-0.020246005004336428,-157.03455459061448,0.0,-1.0320087433410559,-0.38217344180272605,-1.0,-0.20475898439367896,-1.0,-1.0323684716443422,-0.08888138455044323,-1.136789168665671,-1.0,0.3979878673385916,Biotechnology,Healthcare,ENVB
2007Q3,2007,Q3,2007-11-09,2007-09-30,1003909.0,30107.0,-59225.0,13752.18,29643.0,0.9845883017,1651967.0,1605596.0,1651967.0,46371.0,46371.0,0.0,-45679260.0,2892234.6210974,2302677.6210974,21994.465753424658,35.6250026956503,0.014649808379949478,0.015072907505997773,-0.0772341442338788,21994.465753424658,0.6252562911218015,96.06518819867141,0.7202432245097414,1.8013464290502716,0.0,0.0,0.0,0.018224940328711168,34.80101787755278,0.6077052386639684,-28.05380054606774,0.9845883017238516,5.703083417007049,64.52188406653761,-0.9545420372437303,-0.19440649935349236,-0.9100642593188148,5.703094118903905,-1.4032560071357079,10.045689018518718,-0.89354139384916,0.8569659878350976,Biotechnology,Healthcare,ENVB
2007Q2,2007,Q2,2007-08-10,2007-06-30,149768.0,360914.0,146867.0,2051.62,329602.0,0.9132424899,1102558.0,873469.0,975253.0,229089.0,229089.0,0.0,-46151601.0,2827962.6835974,2049158.6835973999,11965.328767123288,4.257092221800261,0.030729449153695316,0.03878901254652426,0.1649989615355915,11965.328767123288,0.17146344060292923,7.835558287008539,4.7205722911392956,3.2376222666143843,0.0,0.0,0.0,0.3273424164533748,3.7008411578032994,0.13583684486439715,-49.81965125074695,0.9132424899006412,-0.3590249876592581,34.69785660961153,-0.4432295109017585,-0.5583504193151071,0.004299325697535886,-0.35902626499527085,-0.3643056866088974,1.8821722651723343,0.1157006389116686,-0.10470007417857609,Biotechnology,Healthcare,ENVB
2007Q1,2007,Q1,2007-05-10,2007-03-31,233657.0,359684.0,231034.0,3200.78,328191.0,0.9124425885,941856.0,610157.0,812961.0,331699.0,331699.0,0.0,-46301370.0,1851030.0605487,1124755.0605487,8358.315068493152,2.4508997615307853,0.0,0.0,0.37797063784098023,8358.315068493152,0.38294570086059815,5.146267447394657,1.9804992580456608,3.033694705704761,0.0,0.0,0.0,0.38188852648387867,2.3268867256156938,0.24808144769476437,3.650903659027112,0.912442588494345,4.39069269801587,6.9718695282727365,-0.4071470997474025,-0.690831820403618,2.367615822687394,5.469509162554038,4.978817208004684,2.352219806157188,0.5300091889228574,-0.4672922623115949,Biotechnology,Healthcare,ENVB
