Quarters,Year,Quarter,FillingDate,Date,NetIncome,Revenue,OperatingIncome,EPSDiluted,GrossProfit,GrossProfitRatio,TotalAssets,CommonStockEquity,CurrentAssets,CurrentLiability,TotalLiability,Inventory,RetainedEarnings,MarketCap,EnterpriseValue,bookValuePerShare,currentRatio,debtToAssets,debtToEquity,roic,shareholdersEquityPerShare,roe,priceToSalesRatio,peRatio,pbRatio,payoutRatio,inventoryTurnover,dividendYield,assetTurnover,quickRatio,returnOnAssets,priceToFreeCashFlowsRatio,grossProfitMargin,epsdilutedGrowth,fiveYNetIncomeGrowthPerShare,fiveYRevenueGrowthPerShare,fiveYShareholdersEquityGrowthPerShare,grossProfitGrowth,netIncomeGrowth,operatingIncomeGrowth,threeYNetIncomeGrowthPerShare,threeYRevenueGrowthPerShare,threeYShareholdersEquityGrowthPerShare,Industry,Sector,Symbol
2023Q1,2023,Q1,2023-05-15,2023-03-31,-1413447.0,3779324.0,-2372894.0,-0.0551,3242336.0,0.8579142725,89120578.0,43996046.0,10246420.0,19245300.0,45124532.0,-4584221.0,-46695249.0,13092072.3,19991520.3,1.7138603382139892,0.5324115498329463,0.17443777126310828,0.353349821481685,-0.027367451954749742,1.7138603382139892,-0.03212668247505696,3.4641307016810416,-2.315628442382346,0.2975738387945135,0.0,-0.11713833168165322,0.0,0.042406861409718416,0.7611767548440398,-0.015859939777320566,-16.890664514705712,0.8579142724995263,0.9777822580645161,-2.1599567560491963,0.5742696492636917,1324.1997219708019,1.0000015553549868,0.9699534776938455,0.9345507258257079,-2.1599567560491963,0.5742696492636917,1324.1997219708019,Banks—Regional,Financial Services,SHFS
2022Q4,2022,Q4,2023-04-14,2022-12-31,-47041950.0,-38838309.0,-36255467.0,-2.48,-2084627642845.0,53674.5212785912,99342856.0,5113125.0,10231172.0,49571192.0,94229731.0,-4584221.0,-39695281.0,33704690.449999996,26324933.449999996,0.2692740017435763,0.20639350371078427,0.010350346682201285,0.20109678523407895,-5.140632481599615,0.2692740017435763,-9.20023469013568,-0.8678207501258615,-0.17912039387185266,6.591798645642342,0.0,-454731.30648282444,0.0,-0.3909522089842072,0.291251640670654,-0.47353128241048353,-120.80274420621777,53674.52127859119,-42.333333333333336,0.0,0.0,0.0,-863333.4799979624,-45.537389880092974,-44.92174386036324,0.0,0.0,0.0,Banks—Regional,Financial Services,SHFS
2022Q3,2022,Q3,2022-11-14,2022-09-30,1056235.0,2610093.0,825456.0,0.06,2414629.0,0.925112247,98877383.0,30697551.0,13222013.0,41463823.0,68179832.0,-43380790.0,243981.0,130824224.88000001,123546176.88000001,1.6401846193762826,0.3188807023414122,0.0,0.0,0.03368175721539267,1.6401846193762826,0.03440779363800064,50.122438120021016,30.964753317206874,4.261715368760199,0.0,-0.004505773177482475,0.0,0.026397270243287082,1.2420503772650198,0.010682270990121168,123.66875095003121,0.9251122469582501,2.3333333333333335,0.11645313261378998,0.5202704237559125,5.943016482169021,0.3032401422935909,2.140341436148705,1.4542016506909592,0.11645313261378998,0.5202704237559125,5.943016482169021,Banks—Regional,Financial Services,SHFS
2022Q2,2022,Q2,2022-08-22,2022-06-30,336344.0,1852789.0,336344.0,0.018,1852789.0,1.0,9102163.0,8312043.0,7148423.0,119462.0,790120.0,0.0,0.0,198575826.32,192191511.32,0.44411637541360527,59.838467462456684,0.0,0.0,0.04046466073382922,0.44411637541360527,0.04046466073382922,107.17670836776341,147.59875775991247,23.890134629958002,0.0,0.0,0.0,0.2035548034022243,59.838467462456684,0.0369520958919325,274.05494231172645,1.0,-0.32835820895522394,1.030216309888048,0.0,-0.9878907080243274,0.10871755898773869,-0.32945773524720895,-0.32945773524720895,1.030216309888048,0.0,-0.9878907080243274,Banks—Regional,Financial Services,SHFS
2022Q1,2022,Q1,2022-05-16,2022-03-31,501600.0,1671110.0,501600.0,0.0268,1671110.0,1.0,8162421.0,7900700.0,6673217.0,43843.0,261721.0,0.0,0.0,189405029.44,183332400.44,0.422138125034997,152.20712542481127,0.0,0.0,0.0634880453630691,0.422138125034997,0.0634880453630691,113.34085095535303,94.40043333333332,23.973195975040184,0.0,0.0,0.0,0.20473214993443734,152.20712542481127,0.061452355863536076,377.27229699743845,1.0,0.0,-0.4353920063394582,-0.045233308251646336,325.4077669902913,0.0,0.0,0.0,-0.4353920063394582,-0.045233308251646336,325.4077669902913,Banks—Regional,Financial Services,SHFS
2021Q3,2021,Q3,2021-11-15,2021-09-30,946063.0,1716861.0,0.0,0.050549,0.0,0.0,117973836.0,-6210287.0,662245.0,149401.0,6884123.0,0.0,-6210628.0,187346279.12,187016039.12,-0.33181856166025997,4.432667786694868,0.0,0.0,0.0,-0.33181856166025997,-0.1523380481449569,109.1214018607214,49.506819080758895,-30.16708875451328,0.0,0.0,0.0,0.014552896287953204,2.2104269717070166,0.008019261152108338,-396.22082028961603,0.0,1.084992585069929,0.0,0.0,0.0,0.0,1.5425522458504113,1.0,0.0,0.0,0.0,Banks—Regional,Financial Services,SHFS
2021Q2,2021,Q2,2021-08-13,2021-06-30,-1743727.0,0.0,-10105.0,-0.594746,0.0,0.0,118579327.0,107528915.0,1288805.0,531632.0,11050412.0,0.0,-1744522.0,28967043.560000002,28120975.560000002,36.67566826415889,2.4242427092424834,0.0007820671810694288,0.0008624377917325773,-9.389374547047466e-05,36.67566826415889,-0.016216354456845397,0.0,-4.153035933950671,0.2693884111078402,0.0,0.0,0.0,0.0,1.765892572305655,-0.01470515176730595,-275876.60533333337,0.0,-13.529409286256001,0.0,0.0,0.0,0.0,-2.9627635625233566,0.0,0.0,0.0,0.0,Banks—Regional,Financial Services,SHFS
2021Q1,2021,Q1,2021-07-30,2021-03-31,888404.0,1750281.0,0.0,0.047468,0.0,0.0,102164.0,24205.0,25000.0,77959.0,77959.0,0.0,-795.0,184913210.56,184888210.56,0.0012932845591494553,0.3206813838043074,0.0,0.0,0.0,0.0012932845591494553,36.703325759140675,105.64772774200257,52.03522568561151,7639.463357157613,,0.0,,17.132071962726595,0.3206813838043074,8.695861555929682,0.0,0.0,0.0,0.0,0.0,0.0,0.0,0.0,0.0,0.0,0.0,0.0,Banks—Regional,Financial Services,SHFS
