Quarters,Year,Quarter,FillingDate,Date,NetIncome,Revenue,OperatingIncome,EPSDiluted,GrossProfit,GrossProfitRatio,TotalAssets,CommonStockEquity,CurrentAssets,CurrentLiability,TotalLiability,Inventory,RetainedEarnings,MarketCap,EnterpriseValue,bookValuePerShare,currentRatio,debtToAssets,debtToEquity,roic,shareholdersEquityPerShare,roe,priceToSalesRatio,peRatio,pbRatio,payoutRatio,inventoryTurnover,dividendYield,assetTurnover,quickRatio,returnOnAssets,priceToFreeCashFlowsRatio,grossProfitMargin,epsdilutedGrowth,fiveYNetIncomeGrowthPerShare,fiveYRevenueGrowthPerShare,fiveYShareholdersEquityGrowthPerShare,grossProfitGrowth,netIncomeGrowth,operatingIncomeGrowth,threeYNetIncomeGrowthPerShare,threeYRevenueGrowthPerShare,threeYShareholdersEquityGrowthPerShare,Industry,Sector,Symbol
2023Q1,2023,Q1,2023-05-15,2023-03-31,-3214830.0,0.0,-707592.0,-0.77,0.0,0.0,7671480.0,-1711689.0,68831.0,5013169.0,9383169.0,0.0,-9614558.0,46771321.74,49115545.74,-0.41061808530365473,0.0137300378263729,0.3077052928509232,-1.3790793771532095,-1.8503707218051308,-0.41061808530365473,1.8781624465659357,0.0,-3.637153577327573,-27.324661045318397,0.0,0.0,0.0,0.0,0.003257620080232683,-0.41906255377058926,-137.2933737051138,0.0,-6.946336429308566,-21.51172419741235,0.0,-1.054325508853802,0.0,-1.6032635233127897,0.4104701878335201,-21.51172419741235,0.0,-1.054325508853802,Shell Companies,Financial Services,DHAC
2022Q4,2022,Q4,2023-04-12,2022-12-31,-1234923.0,0.0,-1200265.0,-0.0969,0.0,0.0,7634367.0,-31247.0,106998.0,3295614.0,7665614.0,0.0,-7719916.0,138879287.1,139950466.1,-0.002452434103832608,0.0324667876759839,0.15432543392268147,-37.70528370723589,-1.1429401744942833,-0.002452434103832608,39.52133004768458,0.0,-28.114968929236884,-4444.563865331072,0.0,0.0,0.0,0.0,0.0324667876759839,-0.16175840118768198,-205.39077703716958,0.0,-0.7618181818181818,-4.097586823066613,0.0,0.9890178152598872,0.0,-0.5046109759381255,-0.06278240527165362,-4.097586823066613,0.0,0.9890178152598872,Shell Companies,Financial Services,DHAC
2022Q3,2022,Q3,2022-11-10,2022-09-30,-820759.0,0.0,-1129361.0,-0.055,0.0,0.0,117302472.0,111382954.0,105344.0,1549518.0,5919518.0,0.0,-5587024.0,151261160.0,151216190.0,7.459345968390035,0.06798501211344431,0.0,0.0,-0.011280555787373003,7.459345968390035,-0.00736880259074472,0.0,-46.07356117934741,1.3580279079328423,0.0,0.0,0.0,0.0,75.66359216220786,-0.006996945469316282,-1034.9366083951968,0.0,-0.5363128491620113,-4558.772222222222,0.0,5618.725227043391,0.0,-0.5368493389232903,-0.5638610173340608,-4558.772222222222,0.0,5618.725227043391,Shell Companies,Financial Services,DHAC
2022Q2,2022,Q2,2022-08-15,2022-06-30,-534053.0,0.0,-722162.0,-0.0358,0.0,0.0,117209694.0,112203713.0,404194.0,635981.0,5005981.0,0.0,-4521631.0,149767960.0,149576835.0,7.514312416287169,0.6355441436143533,0.0,0.0,-0.0052122346965161066,7.514312416287169,-0.004759673149140795,0.0,-70.10912774574807,1.3347861313644762,0.0,0.0,0.0,0.0,183.962453280837,-0.004556389337557694,-470.08590790245984,0.0,-0.043731778425656016,-105.81060000000002,0.0,5609.18565,0.0,-0.04400820266606196,-0.32951016147531476,-105.81060000000002,0.0,5609.18565,Shell Companies,Financial Services,DHAC
2022Q1,2022,Q1,2022-05-16,2022-03-31,-511541.0,0.0,-543179.0,-0.0343,0.0,0.0,117619533.0,112863172.0,876736.0,386361.0,4756361.0,0.0,-3862172.0,149320000.0,148810278.0,7.558476560407179,2.2692145428757042,0.0,0.0,-0.004668356157789506,7.558476560407179,-0.004532399638741325,0.0,-72.97557771517826,1.3230179282928536,0.0,0.0,0.0,0.0,1.3192894727987556,-0.00434911606051012,-596.5879579687562,0.0,-0.8052631578947368,0.0,0.0,0.0,0.0,-0.8017653419557538,-0.9574652871624665,0.0,0.0,0.0,Shell Companies,Financial Services,DHAC
2021Q4,2021,Q4,2022-03-29,2021-12-31,-283911.0,0.0,-277491.0,-0.019,0.0,0.0,117944595.0,-3334468.0,1217617.0,184063.0,4554063.0,0.0,-3334812.0,147528150.12,146768138.12,-0.22331022122356156,6.61521870229215,0.0,0.0,0.0841706357791096,-0.22331022122356156,0.08514431687453591,0.0,-129.90703963566048,-44.24338458788629,0.0,0.0,0.0,0.0,4.129086236777625,-0.002407155664911987,-245.90770989427153,0.0,-1582.333333333333,0.0,0.0,0.0,0.0,-1576.2833333333333,-1540.6166666666666,0.0,0.0,0.0,Shell Companies,Financial Services,DHAC
2021Q3,2021,Q3,2021-09-30,2021-09-30,-180.0,0.0,-180.0,-1.2e-05,0.0,0.0,324109.0,19820.0,5499.0,304289.0,304289.0,0.0,-5180.0,147528160.0,147722613.0,0.001327350656308599,0.018071635846185697,0.6169282556177088,10.088395560040363,-0.0008190306317456273,0.001327350656308599,-0.009081735620585268,0.0,-204900.22222222222,7443.398587285571,0.0,0.0,0.0,0.0,0.018071635846185697,-0.0005553687185483896,-819600.8888888889,0.0,0.9641791044776119,0.0,0.0,0.0,0.0,0.964,0.964,0.0,0.0,0.0,Shell Companies,Financial Services,DHAC
2021Q2,2021,Q2,2021-06-30,2021-06-30,-5000.0,0.0,-5000.0,-0.000335,0.0,0.0,213178.0,20000.0,77105.0,193178.0,193178.0,0.0,-5000.0,147528160.0,147600840.0,0.001339405304045004,0.3991396535837414,0.7026287890870541,7.48925,-0.029449009040845776,0.001339405304045004,-0.25,0.0,-7376.408000000001,7376.408000000001,0.0,0.0,0.0,0.0,0.3991396535837414,-0.023454577864507595,0.0,0.0,0.0,0.0,0.0,0.0,0.0,0.0,0.0,0.0,0.0,0.0,Shell Companies,Financial Services,DHAC
